<?xml version="1.0" encoding="UTF-8"?>
<!DOCTYPE html PUBLIC "-//W3C//DTD XHTML 1.0 Transitional//EN"
    "http://www.w3.org/TR/xhtml1/DTD/xhtml1-transitional.dtd">
<html xmlns="http://www.w3.org/1999/xhtml" xml:lang="en" lang="en">
 <head>
  <title>
</title>
<meta http-equiv="Content-Type" content="text/html;charset=utf-8" />
  <meta name='ocr-system' content='tesseract 3.04.00' />
  <meta name='ocr-capabilities' content='ocr_page ocr_carea ocr_par ocr_line ocrx_word'/>
</head>
<body>
  <div class='ocr_page' id='page_1' title='image "./comoediaesexexre01tereuoft_0722.png"; bbox 0 0 1815 3168; ppageno 0'>
   <div class='ocr_carea' id='block_1_1' title="bbox 330 105 995 165">
    <p class='ocr_par' dir='ltr' id='par_1_1' title="bbox 330 105 995 165">
     <span class='ocr_line' id='line_1_1' title="bbox 330 105 995 165; baseline -0.008 -11"><span class='ocrx_word' id='word_1_1' title='bbox 330 110 430 165; x_wconf 77' lang='lat'>624</span> <span class='ocrx_word' id='word_1_2' title='bbox 729 105 891 151; x_wconf 79' lang='lat' dir='ltr'>AcT.</span> <span class='ocrx_word' id='word_1_3' title='bbox 921 105 995 150; x_wconf 89' lang='lat'><em>111.</em></span> 
     </span>
    </p>
   </div>
   <div class='ocr_carea' id='block_1_2' title="bbox 1038 105 1314 153">
    <p class='ocr_par' dir='ltr' id='par_1_2' title="bbox 1038 105 1314 153">
     <span class='ocr_line' id='line_1_2' title="bbox 1038 105 1314 153; baseline 0.011 -3"><span class='ocrx_word' id='word_1_4' title='bbox 1038 105 1157 151; x_wconf 87' lang='lat' dir='ltr'>SCE</span> <span class='ocrx_word' id='word_1_5' title='bbox 1171 106 1230 152; x_wconf 89' lang='lat' dir='ltr'>N.</span> <span class='ocrx_word' id='word_1_6' title='bbox 1259 107 1314 153; x_wconf 91' lang='grc' dir='ltr'>ΙΙ.</span> 
     </span>
    </p>
   </div>
   <div class='ocr_carea' id='block_1_3' title="bbox 467 227 1694 298">
    <p class='ocr_par' dir='ltr' id='par_1_3' title="bbox 467 227 1694 298">
     <span class='ocr_line' id='line_1_3' title="bbox 467 227 1694 298; baseline 0.006 -19"><span class='ocrx_word' id='word_1_7' title='bbox 467 227 572 279; x_wconf 82' lang='lat' dir='ltr'>CH.</span> <span class='ocrx_word' id='word_1_8' title='bbox 612 233 669 278; x_wconf 86' lang='lat' dir='ltr'>Et</span> <span class='ocrx_word' id='word_1_9' title='bbox 692 248 809 278; x_wconf 81' lang='lat' dir='ltr'>nunc</span> <span class='ocrx_word' id='word_1_10' title='bbox 829 232 934 296; x_wconf 87' lang='lat' dir='ltr'>quid</span> <span class='ocrx_word' id='word_1_11' title='bbox 957 229 1181 298; x_wconf 68' lang='lat' dir='ltr'>exspestat,</span> <span class='ocrx_word' id='word_1_12' title='bbox 1203 234 1344 297; x_wconf 82' lang='lat' dir='ltr'>Syre?</span> <span class='ocrx_word' id='word_1_13' title='bbox 1385 252 1440 283; x_wconf 86' lang='lat' dir='ltr'>an</span> <span class='ocrx_word' id='word_1_14' title='bbox 1467 237 1572 284; x_wconf 90' lang='lat' dir='ltr'>dum</span> <span class='ocrx_word' id='word_1_15' title='bbox 1590 239 1694 286; x_wconf 80' lang='lat' dir='ltr'>hine</span> 
     </span>
    </p>
   </div>
   <div class='ocr_carea' id='block_1_4' title="bbox 570 306 716 353">
    <p class='ocr_par' dir='ltr' id='par_1_4' title="bbox 570 306 716 353">
     <span class='ocr_line' id='line_1_4' title="bbox 570 306 716 353; baseline -0.007 0"><span class='ocrx_word' id='word_1_16' title='bbox 570 306 716 353; x_wconf 85' lang='lat' dir='ltr'>denuo</span> 
     </span>
    </p>
   </div>
   <div class='ocr_carea' id='block_1_5' title="bbox 466 382 1694 521">
    <p class='ocr_par' dir='ltr' id='par_1_5' title="bbox 466 382 1694 521">
     <span class='ocr_line' id='line_1_5' title="bbox 468 382 1593 448; baseline 0.003 -19"><span class='ocrx_word' id='word_1_17' title='bbox 468 382 621 435; x_wconf 81' lang='lat' dir='ltr'>Abeat,</span> <span class='ocrx_word' id='word_1_18' title='bbox 644 399 743 428; x_wconf 84' lang='lat' dir='ltr'>cum</span> <span class='ocrx_word' id='word_1_19' title='bbox 768 382 951 429; x_wconf 88' lang='lat' dir='ltr'>tolerare</span> <span class='ocrx_word' id='word_1_20' title='bbox 972 382 1103 429; x_wconf 84' lang='lat' dir='ltr'>huius</span> <span class='ocrx_word' id='word_1_21' title='bbox 1127 383 1290 432; x_wconf 84' lang='lat' dir='ltr'>sumtus</span> <span class='ocrx_word' id='word_1_22' title='bbox 1314 401 1404 431; x_wconf 88' lang='lat' dir='ltr'>non</span> <span class='ocrx_word' id='word_1_23' title='bbox 1434 388 1593 448; x_wconf 81' lang='lat' dir='ltr'>queat?</span> 
     </span>
     <span class='ocr_line' id='line_1_6' title="bbox 466 457 1694 521; baseline 0.004 -15"><span class='ocrx_word' id='word_1_24' title='bbox 466 463 635 506; x_wconf 82' lang='lat' dir='ltr'>Nonne</span> <span class='ocrx_word' id='word_1_25' title='bbox 658 458 709 504; x_wconf 89' lang='lat' dir='ltr'>ad</span> <span class='ocrx_word' id='word_1_26' title='bbox 729 458 872 504; x_wconf 87' lang='lat' dir='ltr'>senem</span> <span class='ocrx_word' id='word_1_27' title='bbox 894 458 1082 521; x_wconf 84' lang='lat' dir='ltr'>aliquam</span> <span class='ocrx_word' id='word_1_28' title='bbox 1101 457 1307 505; x_wconf 77' lang='lat' dir='ltr'>fabricam</span> <span class='ocrx_word' id='word_1_29' title='bbox 1330 458 1485 520; x_wconf 84' lang='lat' dir='ltr'>fingit?</span> <span class='ocrx_word' id='word_1_30' title='bbox 1507 459 1583 509; x_wconf 71' lang='grc' dir='ltr'>ΒΥ.</span> <span class='ocrx_word' id='word_1_31' title='bbox 1615 461 1694 511; x_wconf 87' lang='lat' dir='ltr'>sto-</span> 
     </span>
    </p>
   </div>
   <div class='ocr_carea' id='block_1_6' title="bbox 568 531 780 580">
    <p class='ocr_par' dir='ltr' id='par_1_6' title="bbox 568 531 780 580">
     <span class='ocr_line' id='line_1_7' title="bbox 568 531 780 580; baseline -0.009 0"><span class='ocrx_word' id='word_1_32' title='bbox 568 533 680 580; x_wconf 85' lang='lat' dir='ltr'>lidus</span> <span class='ocrx_word' id='word_1_33' title='bbox 707 531 780 579; x_wconf 87' lang='lat' dir='ltr'>cst.</span> 
     </span>
    </p>
   </div>
   <div class='ocr_carea' id='block_1_7' title="bbox 372 606 1695 979">
    <p class='ocr_par' dir='ltr' id='par_1_7' title="bbox 372 606 1695 979">
     <span class='ocr_line' id='line_1_8' title="bbox 372 606 1475 674; baseline 0.003 -21"><span class='ocrx_word' id='word_1_34' title='bbox 372 625 398 674; x_wconf 81' lang='lat'><em>3</em></span> <span class='ocrx_word' id='word_1_35' title='bbox 413 624 438 672; x_wconf 90' lang='lat'><em>5</em></span> <span class='ocrx_word' id='word_1_36' title='bbox 476 606 520 658; x_wconf 92' lang='lat' dir='ltr'>C</span> <span class='ocrx_word' id='word_1_37' title='bbox 535 622 584 658; x_wconf 80' lang='lat' dir='ltr'>H.</span> <span class='ocrx_word' id='word_1_38' title='bbox 618 613 678 655; x_wconf 82' lang='lat' dir='ltr'>At</span> <span class='ocrx_word' id='word_1_39' title='bbox 699 622 739 655; x_wconf 88' lang='lat' dir='ltr'>te</span> <span class='ocrx_word' id='word_1_40' title='bbox 763 608 954 654; x_wconf 83' lang='lat' dir='ltr'>adiutare</span> <span class='ocrx_word' id='word_1_41' title='bbox 976 618 1152 672; x_wconf 82' lang='lat' dir='ltr'>oportet</span> <span class='ocrx_word' id='word_1_42' title='bbox 1172 607 1475 656; x_wconf 78' lang='lat' dir='ltr'>adolescentuli</span> 
     </span>
     <span class='ocr_line' id='line_1_9' title="bbox 469 683 1695 748; baseline 0.003 -16"><span class='ocrx_word' id='word_1_43' title='bbox 469 684 621 732; x_wconf 38' lang='lat' dir='ltr'>Causas</span> <span class='ocrx_word' id='word_1_44' title='bbox 655 683 684 730; x_wconf 86' lang='lat' dir='ltr'>S</span> <span class='ocrx_word' id='word_1_45' title='bbox 700 699 742 730; x_wconf 81' lang='lat' dir='ltr'>Y.</span> <span class='ocrx_word' id='word_1_46' title='bbox 782 684 1117 746; x_wconf 85' lang='lat' dir='ltr'>facileequidem</span> <span class='ocrx_word' id='word_1_47' title='bbox 1136 685 1275 730; x_wconf 82' lang='lat' dir='ltr'>facere</span> <span class='ocrx_word' id='word_1_48' title='bbox 1294 683 1480 748; x_wconf 75' lang='lat' dir='ltr'>possum,</span> <span class='ocrx_word' id='word_1_49' title='bbox 1505 685 1695 736; x_wconf 86' lang='lat' dir='ltr'>fiiubes:</span> 
     </span>
     <span class='ocr_line' id='line_1_10' title="bbox 464 756 1604 827; baseline -0.001 -20"><span class='ocrx_word' id='word_1_50' title='bbox 464 762 644 808; x_wconf 83' lang='lat' dir='ltr'>Etenim</span> <span class='ocrx_word' id='word_1_51' title='bbox 668 776 756 822; x_wconf 90' lang='lat' dir='ltr'>quo</span> <span class='ocrx_word' id='word_1_52' title='bbox 775 756 904 823; x_wconf 66' lang='lat' dir='ltr'>pasto</span> <span class='ocrx_word' id='word_1_53' title='bbox 926 759 970 805; x_wconf 88' lang='lat' dir='ltr'>id</span> <span class='ocrx_word' id='word_1_54' title='bbox 994 758 1088 806; x_wconf 85' lang='lat' dir='ltr'>fieri</span> <span class='ocrx_word' id='word_1_55' title='bbox 1109 759 1249 812; x_wconf 82' lang='lat' dir='ltr'>soleat,</span> <span class='ocrx_word' id='word_1_56' title='bbox 1268 760 1418 807; x_wconf 88' lang='lat' dir='ltr'>calleo.</span> <span class='ocrx_word' id='word_1_57' title='bbox 1602 824 1604 827; x_wconf 11' lang='grc' dir='ltr'><strong>ἱ</strong></span> 
     </span>
     <span class='ocr_line' id='line_1_11' title="bbox 466 832 1694 885; baseline 0.002 -3"><span class='ocrx_word' id='word_1_58' title='bbox 466 833 562 883; x_wconf 81' lang='lat' dir='ltr'>CH.</span> <span class='ocrx_word' id='word_1_59' title='bbox 575 839 726 880; x_wconf 85' lang='lat' dir='ltr'>Tanto</span> <span class='ocrx_word' id='word_1_60' title='bbox 739 834 884 880; x_wconf 87' lang='lat' dir='ltr'>hercle</span> <span class='ocrx_word' id='word_1_61' title='bbox 899 835 1066 881; x_wconf 81' lang='lat' dir='ltr'>melior.</span> <span class='ocrx_word' id='word_1_62' title='bbox 1080 832 1156 881; x_wconf 74' lang='lat' dir='ltr'>SY.</span> <span class='ocrx_word' id='word_1_63' title='bbox 1168 853 1258 881; x_wconf 87' lang='lat' dir='ltr'>non</span> <span class='ocrx_word' id='word_1_64' title='bbox 1272 835 1331 881; x_wconf 90' lang='lat' dir='ltr'>est</span> <span class='ocrx_word' id='word_1_65' title='bbox 1345 839 1520 883; x_wconf 86' lang='lat' dir='ltr'>mentiri</span> <span class='ocrx_word' id='word_1_66' title='bbox 1532 855 1694 885; x_wconf 86' lang='lat' dir='ltr'>meum.</span> 
     </span>
     <span class='ocr_line' id='line_1_12' title="bbox 466 906 1695 979; baseline 0.005 -23"><span class='ocrx_word' id='word_1_67' title='bbox 466 906 576 956; x_wconf 81' lang='lat' dir='ltr'>CH.</span> <span class='ocrx_word' id='word_1_68' title='bbox 614 912 700 955; x_wconf 84' lang='lat' dir='ltr'>Fac</span> <span class='ocrx_word' id='word_1_69' title='bbox 725 925 845 969; x_wconf 80' lang='lat' dir='ltr'>ergo.</span> <span class='ocrx_word' id='word_1_70' title='bbox 881 907 910 956; x_wconf 90' lang='lat' dir='ltr'>S</span> <span class='ocrx_word' id='word_1_71' title='bbox 926 923 972 954; x_wconf 80' lang='lat' dir='ltr'>Y.</span> <span class='ocrx_word' id='word_1_72' title='bbox 1009 920 1050 957; x_wconf 83' lang='lat' dir='ltr'>at</span> <span class='ocrx_word' id='word_1_73' title='bbox 1073 910 1182 958; x_wconf 89' lang='lat' dir='ltr'>heus</span> <span class='ocrx_word' id='word_1_74' title='bbox 1202 921 1264 965; x_wconf 74' lang='lat' dir='ltr'>tu,</span> <span class='ocrx_word' id='word_1_75' title='bbox 1286 911 1695 979; x_wconf 53' lang='lat' dir='ltr'>facitodum-eadem</span> 
     </span>
    </p>
   </div>
   <div class='ocr_carea' id='block_1_8' title="bbox 564 984 963 1038">
    <p class='ocr_par' dir='ltr' id='par_1_8' title="bbox 564 984 963 1038">
     <span class='ocr_line' id='line_1_13' title="bbox 564 984 963 1038; baseline 0 -8"><span class='ocrx_word' id='word_1_76' title='bbox 564 984 671 1030; x_wconf 88' lang='lat' dir='ltr'>haec</span> <span class='ocrx_word' id='word_1_77' title='bbox 693 986 963 1038; x_wconf 86' lang='lat' dir='ltr'>memineris,</span> 
     </span>
    </p>
   </div>
   <div class='ocr_carea' id='block_1_9' title="bbox 329 1199 991 1259">
    <p class='ocr_par' dir='ltr' id='par_1_9' title="bbox 329 1199 991 1259">
     <span class='ocr_line' id='line_1_14' title="bbox 329 1199 991 1259; baseline -0.009 -12"><span class='ocrx_word' id='word_1_78' title='bbox 329 1205 455 1259; x_wconf 81' lang='lat' dir='ltr'>magis</span> <span class='ocrx_word' id='word_1_79' title='bbox 491 1202 639 1256; x_wconf 85' lang='lat' dir='ltr'>placeat</span> <span class='ocrx_word' id='word_1_80' title='bbox 672 1202 788 1243; x_wconf 85' lang='lat' dir='ltr'>heros</span> <span class='ocrx_word' id='word_1_81' title='bbox 818 1216 840 1243; x_wconf 88' lang='lat' dir='ltr'>a</span> <span class='ocrx_word' id='word_1_82' title='bbox 874 1199 991 1242; x_wconf 81' lang='lat' dir='ltr'>seruis</span> 
     </span>
    </p>
   </div>
   <div class='ocr_carea' id='block_1_10' title="bbox 1093 1083 1695 1260">
    <p class='ocr_par' dir='ltr' id='par_1_10' title="bbox 1093 1083 1695 1260">
     <span class='ocr_line' id='line_1_15' title="bbox 1628 1083 1695 1128; baseline 0 -14"><span class='ocrx_word' id='word_1_83' title='bbox 1628 1083 1695 1128; x_wconf 89' lang='lat'>40</span> 
     </span>
     <span class='ocr_line' id='line_1_16' title="bbox 1093 1195 1695 1260; baseline 0.007 -18"><span class='ocrx_word' id='word_1_84' title='bbox 1093 1204 1149 1256; x_wconf 83' lang='lat'>36</span> <span class='ocrx_word' id='word_1_85' title='bbox 1177 1202 1297 1244; x_wconf 83' lang='lat' dir='ltr'>Facile</span> <span class='ocrx_word' id='word_1_86' title='bbox 1306 1195 1467 1258; x_wconf 67' lang='lat' dir='ltr'>equidem</span> <span class='ocrx_word' id='word_1_87' title='bbox 1478 1205 1695 1260; x_wconf 72' lang='lat' dir='ltr'>fizcereposs</span> 
     </span>
    </p>
   </div>
   <div class='ocr_carea' id='block_1_11' title="bbox 331 1257 1694 1314">
    <p class='ocr_par' dir='ltr' id='par_1_11' title="bbox 331 1257 1694 1314">
     <span class='ocr_line' id='line_1_17' title="bbox 331 1257 1694 1314; baseline 0.001 -13"><span class='ocrx_word' id='word_1_88' title='bbox 331 1261 475 1314; x_wconf 84' lang='lat' dir='ltr'>decipi,</span> <span class='ocrx_word' id='word_1_89' title='bbox 502 1260 607 1312; x_wconf 87' lang='lat' dir='ltr'>quod</span> <span class='ocrx_word' id='word_1_90' title='bbox 626 1270 664 1298; x_wconf 89' lang='lat' dir='ltr'>vt</span> <span class='ocrx_word' id='word_1_91' title='bbox 683 1260 829 1308; x_wconf 80' lang='lat' dir='ltr'>viderit,</span> <span class='ocrx_word' id='word_1_92' title='bbox 849 1257 991 1302; x_wconf 84' lang='lat' dir='ltr'>saeuiat</span> <span class='ocrx_word' id='word_1_93' title='bbox 1030 1258 1139 1309; x_wconf 67' lang='lat' dir='ltr'><em>stim,</em></span> <span class='ocrx_word' id='word_1_94' title='bbox 1169 1259 1211 1312; x_wconf 85' lang='lat' dir='ltr'>Jt</span> <span class='ocrx_word' id='word_1_95' title='bbox 1229 1261 1345 1305; x_wconf 81' lang='lat' dir='ltr'>iubes]</span> <span class='ocrx_word' id='word_1_96' title='bbox 1383 1263 1561 1301; x_wconf 79' lang='lat' dir='ltr'>Pei-itiam</span> <span class='ocrx_word' id='word_1_97' title='bbox 1593 1261 1694 1303; x_wconf 82' lang='lat' dir='ltr'>suam</span> 
     </span>
    </p>
   </div>
   <div class='ocr_carea' id='block_1_12' title="bbox 294 1316 992 2658">
    <p class='ocr_par' dir='ltr' id='par_1_12' title="bbox 329 1316 989 1414">
     <span class='ocr_line' id='line_1_18' title="bbox 329 1316 989 1368; baseline -0.002 -10"><span class='ocrx_word' id='word_1_98' title='bbox 329 1319 374 1358; x_wconf 86' lang='lat' dir='ltr'>in</span> <span class='ocrx_word' id='word_1_99' title='bbox 394 1331 469 1364; x_wconf 87' lang='lat' dir='ltr'>me,</span> <span class='ocrx_word' id='word_1_100' title='bbox 490 1328 529 1356; x_wconf 91' lang='lat' dir='ltr'>et</span> <span class='ocrx_word' id='word_1_101' title='bbox 546 1330 610 1356; x_wconf 89' lang='lat' dir='ltr'>me</span> <span class='ocrx_word' id='word_1_102' title='bbox 629 1317 670 1354; x_wconf 84' lang='lat' dir='ltr'>in</span> <span class='ocrx_word' id='word_1_103' title='bbox 693 1316 894 1368; x_wconf 84' lang='lat' dir='ltr'>pistrinum</span> <span class='ocrx_word' id='word_1_104' title='bbox 923 1316 989 1357; x_wconf 87' lang='lat' dir='ltr'>de·</span> 
     </span>
     <span class='ocr_line' id='line_1_19' title="bbox 333 1374 520 1414; baseline -0.005 -1"><span class='ocrx_word' id='word_1_105' title='bbox 333 1374 412 1413; x_wconf 83' lang='lat' dir='ltr'>dat.</span> <span class='ocrx_word' id='word_1_106' title='bbox 473 1375 520 1414; x_wconf 91' lang='lat' dir='ltr'>C.</span> 
     </span>
    </p>

    <p class='ocr_par' dir='ltr' id='par_1_13' title="bbox 329 1426 991 1817">
     <span class='ocr_line' id='line_1_20' title="bbox 390 1426 988 1490; baseline 0.002 -24"><span class='ocrx_word' id='word_1_107' title='bbox 390 1443 442 1483; x_wconf 88' lang='lat'>32</span> <span class='ocrx_word' id='word_1_108' title='bbox 472 1429 521 1468; x_wconf 86' lang='lat' dir='ltr'>Et</span> <span class='ocrx_word' id='word_1_109' title='bbox 545 1440 642 1468; x_wconf 86' lang='lat' dir='ltr'>nunc</span> <span class='ocrx_word' id='word_1_110' title='bbox 672 1428 765 1481; x_wconf 84' lang='lat' dir='ltr'>quid</span> <span class='ocrx_word' id='word_1_111' title='bbox 774 1426 988 1490; x_wconf 45' lang='lat' dir='ltr'>cxspefflzz]</span> 
     </span>
     <span class='ocr_line' id='line_1_21' title="bbox 330 1482 988 1527; baseline -0.005 -1"><span class='ocrx_word' id='word_1_112' title='bbox 330 1487 408 1527; x_wconf 87' lang='lat' dir='ltr'>Hie</span> <span class='ocrx_word' id='word_1_113' title='bbox 436 1486 512 1525; x_wconf 86' lang='lat' dir='ltr'>iam</span> <span class='ocrx_word' id='word_1_114' title='bbox 543 1485 635 1524; x_wconf 88' lang='lat' dir='ltr'>dum</span> <span class='ocrx_word' id='word_1_115' title='bbox 670 1482 815 1524; x_wconf 85' lang='lat' dir='ltr'>accusat</span> <span class='ocrx_word' id='word_1_116' title='bbox 848 1484 988 1523; x_wconf 84' lang='lat' dir='ltr'>adolel·</span> 
     </span>
     <span class='ocr_line' id='line_1_22' title="bbox 332 1538 989 1591; baseline -0.003 -10"><span class='ocrx_word' id='word_1_117' title='bbox 332 1543 459 1581; x_wconf 83' lang='lat' dir='ltr'>centis</span> <span class='ocrx_word' id='word_1_118' title='bbox 484 1538 650 1591; x_wconf 85' lang='lat' dir='ltr'>seruum,</span> <span class='ocrx_word' id='word_1_119' title='bbox 679 1541 854 1580; x_wconf 85' lang='lat' dir='ltr'>hortatur</span> <span class='ocrx_word' id='word_1_120' title='bbox 880 1539 989 1579; x_wconf 84' lang='lat' dir='ltr'>suum</span> 
     </span>
     <span class='ocr_line' id='line_1_23' title="bbox 330 1595 989 1650; baseline -0.003 -13"><span class='ocrx_word' id='word_1_121' title='bbox 330 1598 534 1645; x_wconf 83' lang='lat' dir='ltr'>domiuus,</span> <span class='ocrx_word' id='word_1_122' title='bbox 569 1597 636 1649; x_wconf 85' lang='lat' dir='ltr'>qui</span> <span class='ocrx_word' id='word_1_123' title='bbox 661 1595 743 1650; x_wconf 85' lang='lat' dir='ltr'>ipse</span> <span class='ocrx_word' id='word_1_124' title='bbox 778 1596 850 1635; x_wconf 86' lang='lat' dir='ltr'>hos</span> <span class='ocrx_word' id='word_1_125' title='bbox 878 1597 989 1636; x_wconf 84' lang='lat' dir='ltr'>dolos</span> 
     </span>
     <span class='ocr_line' id='line_1_24' title="bbox 331 1653 989 1704; baseline -0.003 -10"><span class='ocrx_word' id='word_1_126' title='bbox 331 1653 478 1694; x_wconf 84' lang='lat' dir='ltr'>tendat.</span> <span class='ocrx_word' id='word_1_127' title='bbox 534 1654 719 1704; x_wconf 86' lang='lat' dir='ltr'>Denique</span> <span class='ocrx_word' id='word_1_128' title='bbox 746 1653 904 1693; x_wconf 82' lang='lat' dir='ltr'>adiecit:</span> <span class='ocrx_word' id='word_1_129' title='bbox 935 1656 989 1692; x_wconf 85' lang='lat' dir='ltr'>At</span> 
     </span>
     <span class='ocr_line' id='line_1_25' title="bbox 329 1709 991 1762; baseline -0.002 -13"><span class='ocrx_word' id='word_1_130' title='bbox 329 1724 366 1752; x_wconf 85' lang='lat' dir='ltr'>te</span> <span class='ocrx_word' id='word_1_131' title='bbox 398 1712 572 1750; x_wconf 80' lang='lat' dir='ltr'>adiutare</span> <span class='ocrx_word' id='word_1_132' title='bbox 598 1712 756 1762; x_wconf 71' lang='lat' dir='ltr'>oporte‘t</span> <span class='ocrx_word' id='word_1_133' title='bbox 788 1709 991 1762; x_wconf 54' lang='lat' dir='ltr'>adolescen-</span> 
     </span>
     <span class='ocr_line' id='line_1_26' title="bbox 330 1766 641 1817; baseline -0.01 -10"><span class='ocrx_word' id='word_1_134' title='bbox 330 1768 402 1807; x_wconf 82' lang='lat' dir='ltr'>tuli</span> <span class='ocrx_word' id='word_1_135' title='bbox 426 1766 543 1817; x_wconf 82' lang='lat' dir='ltr'>caufiz.</span> <span class='ocrx_word' id='word_1_136' title='bbox 598 1768 641 1805; x_wconf 93' lang='lat' dir='ltr'>E.</span> 
     </span>
    </p>

    <p class='ocr_par' dir='ltr' id='par_1_14' title="bbox 329 1821 992 1919">
     <span class='ocr_line' id='line_1_27' title="bbox 383 1821 992 1872; baseline -0.002 -10"><span class='ocrx_word' id='word_1_137' title='bbox 383 1827 455 1862; x_wconf 86' lang='lat' dir='ltr'>Pro</span> <span class='ocrx_word' id='word_1_138' title='bbox 472 1823 524 1862; x_wconf 83' lang='lat' dir='ltr'>At</span> <span class='ocrx_word' id='word_1_139' title='bbox 544 1834 641 1860; x_wconf 86' lang='lat' dir='ltr'>nunc</span> <span class='ocrx_word' id='word_1_140' title='bbox 661 1821 992 1872; x_wconf 65' lang='lat' dir='ltr'>1·e61iusssemb.et</span> 
     </span>
     <span class='ocr_line' id='line_1_28' title="bbox 329 1876 933 1919; baseline -0.005 0"><span class='ocrx_word' id='word_1_141' title='bbox 329 1880 396 1919; x_wconf 84' lang='lat' dir='ltr'>alii</span> <span class='ocrx_word' id='word_1_142' title='bbox 419 1889 507 1917; x_wconf 89' lang='lat' dir='ltr'>vett.</span> <span class='ocrx_word' id='word_1_143' title='bbox 527 1876 673 1916; x_wconf 85' lang='lat' dir='ltr'>habent</span> <span class='ocrx_word' id='word_1_144' title='bbox 693 1881 742 1918; x_wconf 86' lang='lat' dir='ltr'>Et</span> <span class='ocrx_word' id='word_1_145' title='bbox 761 1891 865 1917; x_wconf 84' lang='lat' dir='ltr'>nunc.</span> <span class='ocrx_word' id='word_1_146' title='bbox 892 1882 933 1918; x_wconf 91' lang='lat' dir='ltr'>B.</span> 
     </span>
    </p>

    <p class='ocr_par' dir='ltr' id='par_1_15' title="bbox 322 1931 991 2150">
     <span class='ocr_line' id='line_1_29' title="bbox 388 1931 991 1987; baseline -0.002 -15"><span class='ocrx_word' id='word_1_147' title='bbox 388 1946 437 1987; x_wconf 84' lang='lat'>33</span> <span class='ocrx_word' id='word_1_148' title='bbox 468 1939 540 1975; x_wconf 87' lang='lat' dir='ltr'>Pro</span> <span class='ocrx_word' id='word_1_149' title='bbox 571 1932 690 1971; x_wconf 75' lang='lat' dir='ltr'><em>Abeat</em></span> <span class='ocrx_word' id='word_1_150' title='bbox 717 1931 868 1985; x_wconf 74' lang='lat' dir='ltr'>repone</span> <span class='ocrx_word' id='word_1_151' title='bbox 897 1932 991 1973; x_wconf 75' lang='lat' dir='ltr'><em>Abi-</em></span> 
     </span>
     <span class='ocr_line' id='line_1_30' title="bbox 322 1987 988 2046; baseline 0 -17"><span class='ocrx_word' id='word_1_152' title='bbox 322 2005 394 2046; x_wconf 78' lang='lat' dir='ltr'>gat</span> <span class='ocrx_word' id='word_1_153' title='bbox 423 1988 468 2029; x_wconf 88' lang='lat' dir='ltr'>sc.</span> <span class='ocrx_word' id='word_1_154' title='bbox 489 1989 603 2029; x_wconf 86' lang='lat' dir='ltr'>herus</span> <span class='ocrx_word' id='word_1_155' title='bbox 631 1988 770 2038; x_wconf 72' lang='lat' dir='ltr'>filium,</span> <span class='ocrx_word' id='word_1_156' title='bbox 801 1987 988 2029; x_wconf 73' lang='lat' dir='ltr'>sententia</span> 
     </span>
     <span class='ocr_line' id='line_1_31' title="bbox 328 2046 988 2099; baseline 0 -14"><span class='ocrx_word' id='word_1_157' title='bbox 328 2046 559 2099; x_wconf 83' lang='lat' dir='ltr'>postulante.</span> <span class='ocrx_word' id='word_1_158' title='bbox 615 2048 662 2085; x_wconf 91' lang='lat' dir='ltr'>Et</span> <span class='ocrx_word' id='word_1_159' title='bbox 684 2060 753 2097; x_wconf 88' lang='lat' dir='ltr'>pro</span> <span class='ocrx_word' id='word_1_160' title='bbox 776 2046 898 2086; x_wconf 86' lang='lat' dir='ltr'>Huius</span> <span class='ocrx_word' id='word_1_161' title='bbox 919 2059 988 2085; x_wconf 87' lang='lat' dir='ltr'>no-</span> 
     </span>
     <span class='ocr_line' id='line_1_32' title="bbox 328 2101 794 2150; baseline -0.004 -7"><span class='ocrx_word' id='word_1_162' title='bbox 328 2103 391 2143; x_wconf 80' lang='lat' dir='ltr'>stri</span> <span class='ocrx_word' id='word_1_163' title='bbox 413 2115 560 2150; x_wconf 81' lang='lat' dir='ltr'>omues,</span> <span class='ocrx_word' id='word_1_164' title='bbox 581 2101 696 2140; x_wconf 78' lang='lat' dir='ltr'>Illius.</span> <span class='ocrx_word' id='word_1_165' title='bbox 752 2104 794 2144; x_wconf 84' lang='grc' dir='ltr'>Β.</span> 
     </span>
    </p>

    <p class='ocr_par' dir='ltr' id='par_1_16' title="bbox 294 2154 988 2658">
     <span class='ocr_line' id='line_1_33' title="bbox 387 2154 988 2212; baseline -0.003 -15"><span class='ocrx_word' id='word_1_166' title='bbox 387 2172 439 2211; x_wconf 86' lang='lat'>34</span> <span class='ocrx_word' id='word_1_167' title='bbox 448 2159 621 2211; x_wconf 79' lang='lat' dir='ltr'>Aliquam</span> <span class='ocrx_word' id='word_1_168' title='bbox 632 2157 842 2212; x_wconf 76' lang='lat' dir='ltr'><em>fabricam]</em></span> <span class='ocrx_word' id='word_1_169' title='bbox 852 2154 988 2197; x_wconf 78' lang='lat' dir='ltr'>Trans-</span> 
     </span>
     <span class='ocr_line' id='line_1_34' title="bbox 326 2214 988 2267; baseline 0 -14"><span class='ocrx_word' id='word_1_170' title='bbox 326 2215 421 2253; x_wconf 79' lang='lat' dir='ltr'>latio</span> <span class='ocrx_word' id='word_1_171' title='bbox 450 2214 496 2253; x_wconf 86' lang='lat' dir='ltr'>ab</span> <span class='ocrx_word' id='word_1_172' title='bbox 526 2214 605 2260; x_wconf 81' lang='lat' dir='ltr'>his,</span> <span class='ocrx_word' id='word_1_173' title='bbox 637 2215 703 2265; x_wconf 92' lang='lat' dir='ltr'>qui</span> <span class='ocrx_word' id='word_1_174' title='bbox 730 2214 988 2267; x_wconf 80' lang='lat' dir='ltr'>expugnaturi</span> 
     </span>
     <span class='ocr_line' id='line_1_35' title="bbox 328 2269 987 2322; baseline 0 -13"><span class='ocrx_word' id='word_1_175' title='bbox 328 2270 484 2322; x_wconf 85' lang='lat' dir='ltr'>oppida,</span> <span class='ocrx_word' id='word_1_176' title='bbox 502 2270 814 2310; x_wconf 83' lang='lat' dir='ltr'>machinamenta</span> <span class='ocrx_word' id='word_1_177' title='bbox 835 2270 928 2309; x_wconf 88' lang='lat' dir='ltr'>belli</span> <span class='ocrx_word' id='word_1_178' title='bbox 939 2269 987 2309; x_wconf 80' lang='lat' dir='ltr'>ad</span> 
     </span>
     <span class='ocr_line' id='line_1_36' title="bbox 294 2325 986 2381; baseline 0 -16"><span class='ocrx_word' id='word_1_179' title='bbox 294 2326 369 2378; x_wconf 57' lang='lat' dir='ltr'>fid</span> <span class='ocrx_word' id='word_1_180' title='bbox 409 2336 650 2378; x_wconf 85' lang='lat' dir='ltr'>praeparant.</span> <span class='ocrx_word' id='word_1_181' title='bbox 714 2325 883 2368; x_wconf 81' lang='lat' dir='ltr'>Stolidus</span> <span class='ocrx_word' id='word_1_182' title='bbox 919 2326 986 2381; x_wconf 80' lang='lat' dir='ltr'>est]</span> 
     </span>
     <span class='ocr_line' id='line_1_37' title="bbox 327 2382 987 2434; baseline 0 -13"><span class='ocrx_word' id='word_1_183' title='bbox 327 2383 536 2434; x_wconf 83' lang='lat' dir='ltr'>Superius,</span> <span class='ocrx_word' id='word_1_184' title='bbox 575 2383 642 2424; x_wconf 82' lang='lat' dir='ltr'>Ille</span> <span class='ocrx_word' id='word_1_185' title='bbox 682 2382 825 2423; x_wconf 84' lang='lat' dir='ltr'>Cliniae</span> <span class='ocrx_word' id='word_1_186' title='bbox 850 2382 987 2433; x_wconf 75' lang='lat' dir='ltr'>fi’ruus</span> 
     </span>
     <span class='ocr_line' id='line_1_38' title="bbox 326 2437 984 2491; baseline -0.002 -12"><span class='ocrx_word' id='word_1_187' title='bbox 326 2439 576 2485; x_wconf 79' lang='lat' dir='ltr'>tardiusculus</span> <span class='ocrx_word' id='word_1_188' title='bbox 616 2437 673 2490; x_wconf 85' lang='lat' dir='ltr'>est.</span> <span class='ocrx_word' id='word_1_189' title='bbox 735 2442 786 2479; x_wconf 91' lang='lat' dir='ltr'>Et</span> <span class='ocrx_word' id='word_1_190' title='bbox 828 2439 984 2491; x_wconf 84' lang='lat' dir='ltr'>proprie</span> 
     </span>
     <span class='ocr_line' id='line_1_39' title="bbox 316 2494 985 2547; baseline 0.001 -14"><span class='ocrx_word' id='word_1_191' title='bbox 316 2494 473 2547; x_wconf 68' lang='lat' dir='ltr'>stolidus</span> <span class='ocrx_word' id='word_1_192' title='bbox 491 2494 564 2543; x_wconf 84' lang='lat' dir='ltr'>est,</span> <span class='ocrx_word' id='word_1_193' title='bbox 580 2496 660 2546; x_wconf 83' lang='lat' dir='ltr'>-qui</span> <span class='ocrx_word' id='word_1_194' title='bbox 681 2495 858 2546; x_wconf 85' lang='lat' dir='ltr'>proxime</span> <span class='ocrx_word' id='word_1_195' title='bbox 880 2508 985 2534; x_wconf 83' lang='lat' dir='ltr'>acce-</span> 
     </span>
     <span class='ocr_line' id='line_1_40' title="bbox 327 2548 984 2605; baseline 0.003 -15"><span class='ocrx_word' id='word_1_196' title='bbox 327 2552 383 2590; x_wconf 89' lang='lat' dir='ltr'>dit</span> <span class='ocrx_word' id='word_1_197' title='bbox 402 2552 447 2590; x_wconf 80' lang='lat' dir='ltr'>ad</span> <span class='ocrx_word' id='word_1_198' title='bbox 468 2561 644 2592; x_wconf 86' lang='lat' dir='ltr'>naturam</span> <span class='ocrx_word' id='word_1_199' title='bbox 670 2548 901 2604; x_wconf 82' lang='lat' dir='ltr'>sensumque</span> <span class='ocrx_word' id='word_1_200' title='bbox 920 2565 984 2605; x_wconf 87' lang='lat' dir='ltr'>pe-</span> 
     </span>
     <span class='ocr_line' id='line_1_41' title="bbox 328 2607 589 2658; baseline 0 -12"><span class='ocrx_word' id='word_1_201' title='bbox 328 2607 486 2648; x_wconf 88' lang='lat' dir='ltr'>cudum.</span> <span class='ocrx_word' id='word_1_202' title='bbox 532 2608 589 2658; x_wconf 67' lang='lat' dir='ltr'>Q.</span> 
     </span>
    </p>
   </div>
   <div class='ocr_carea' id='block_1_13' title="bbox 1034 1315 1697 2649">
    <p class='ocr_par' dir='ltr' id='par_1_17' title="bbox 1038 1315 1697 1582">
     <span class='ocr_line' id='line_1_42' title="bbox 1040 1315 1697 1359; baseline 0.009 -6"><span class='ocrx_word' id='word_1_203' title='bbox 1040 1316 1137 1354; x_wconf 88' lang='lat' dir='ltr'>circa</span> <span class='ocrx_word' id='word_1_204' title='bbox 1170 1315 1385 1356; x_wconf 79' lang='lat' dir='ltr'>huiusmodi</span> <span class='ocrx_word' id='word_1_205' title='bbox 1420 1330 1501 1357; x_wconf 88' lang='lat' dir='ltr'>rem</span> <span class='ocrx_word' id='word_1_206' title='bbox 1530 1319 1697 1359; x_wconf 81' lang='lat' dir='ltr'>declara·</span> 
     </span>
     <span class='ocr_line' id='line_1_43' title="bbox 1038 1371 1696 1423; baseline 0.008 -14"><span class='ocrx_word' id='word_1_207' title='bbox 1038 1372 1093 1410; x_wconf 89' lang='lat' dir='ltr'>uit</span> <span class='ocrx_word' id='word_1_208' title='bbox 1113 1371 1265 1412; x_wconf 86' lang='lat' dir='ltr'>seruus:</span> <span class='ocrx_word' id='word_1_209' title='bbox 1294 1371 1358 1412; x_wconf 89' lang='lat' dir='ltr'>sed</span> <span class='ocrx_word' id='word_1_210' title='bbox 1383 1373 1489 1423; x_wconf 87' lang='lat' dir='ltr'>dixit,</span> <span class='ocrx_word' id='word_1_211' title='bbox 1517 1386 1696 1414; x_wconf 85' lang='lat' dir='ltr'>metuere</span> 
     </span>
     <span class='ocr_line' id='line_1_44' title="bbox 1038 1427 1697 1483; baseline 0.008 -17"><span class='ocrx_word' id='word_1_212' title='bbox 1038 1427 1189 1467; x_wconf 87' lang='lat' dir='ltr'>domini</span> <span class='ocrx_word' id='word_1_213' title='bbox 1209 1430 1455 1477; x_wconf 79' lang='lat' dir='ltr'>voluntatem,</span> <span class='ocrx_word' id='word_1_214' title='bbox 1477 1442 1516 1470; x_wconf 90' lang='lat' dir='ltr'>et</span> <span class='ocrx_word' id='word_1_215' title='bbox 1533 1429 1640 1483; x_wconf 77' lang='lat' dir='ltr'>pofl&#39;e</span> <span class='ocrx_word' id='word_1_216' title='bbox 1659 1429 1697 1470; x_wconf 79' lang='lat' dir='ltr'>se</span> 
     </span>
     <span class='ocr_line' id='line_1_45' title="bbox 1038 1483 1695 1540; baseline 0.008 -18"><span class='ocrx_word' id='word_1_217' title='bbox 1038 1483 1170 1533; x_wconf 88' lang='lat' dir='ltr'>facile,</span> <span class='ocrx_word' id='word_1_218' title='bbox 1199 1484 1225 1525; x_wconf 75' lang='lat' dir='ltr'>{i</span> <span class='ocrx_word' id='word_1_219' title='bbox 1249 1483 1332 1538; x_wconf 83' lang='lat' dir='ltr'>ipse</span> <span class='ocrx_word' id='word_1_220' title='bbox 1349 1487 1514 1528; x_wconf 82' lang='lat' dir='ltr'>voluerit</span> <span class='ocrx_word' id='word_1_221' title='bbox 1532 1489 1695 1540; x_wconf 84' lang='lat' dir='ltr'>impera-</span> 
     </span>
     <span class='ocr_line' id='line_1_46' title="bbox 1039 1544 1194 1582; baseline 0.006 -3"><span class='ocrx_word' id='word_1_222' title='bbox 1039 1553 1093 1580; x_wconf 86' lang='lat' dir='ltr'>re.</span> <span class='ocrx_word' id='word_1_223' title='bbox 1148 1544 1194 1582; x_wconf 92' lang='lat' dir='ltr'>E.</span> 
     </span>
    </p>

    <p class='ocr_par' dir='ltr' id='par_1_18' title="bbox 1040 1595 1693 1703">
     <span class='ocr_line' id='line_1_47' title="bbox 1091 1595 1693 1653; baseline 0.007 -17"><span class='ocrx_word' id='word_1_224' title='bbox 1091 1608 1144 1651; x_wconf 84' lang='lat'>37</span> <span class='ocrx_word' id='word_1_225' title='bbox 1182 1595 1320 1653; x_wconf 75' lang='lat' dir='ltr'>calleo]</span> <span class='ocrx_word' id='word_1_226' title='bbox 1350 1598 1404 1649; x_wconf 62' lang='lat' dir='ltr'>21d</span> <span class='ocrx_word' id='word_1_227' title='bbox 1440 1598 1513 1650; x_wconf 80' lang='lat' dir='ltr'>est,</span> <span class='ocrx_word' id='word_1_228' title='bbox 1557 1600 1693 1640; x_wconf 81' lang='lat' dir='ltr'>callide</span> 
     </span>
     <span class='ocr_line' id='line_1_48' title="bbox 1040 1649 1234 1703; baseline 0.005 -11"><span class='ocrx_word' id='word_1_229' title='bbox 1040 1649 1128 1703; x_wconf 80' lang='lat' dir='ltr'>scio,</span> <span class='ocrx_word' id='word_1_230' title='bbox 1187 1655 1234 1695; x_wconf 92' lang='lat' dir='ltr'>C.</span> 
     </span>
    </p>

    <p class='ocr_par' dir='ltr' id='par_1_19' title="bbox 1040 1709 1695 1806">
     <span class='ocr_line' id='line_1_49' title="bbox 1099 1709 1695 1765; baseline 0.007 -17"><span class='ocrx_word' id='word_1_231' title='bbox 1099 1709 1241 1765; x_wconf 73' lang='lat' dir='ltr'>Culleo]</span> <span class='ocrx_word' id='word_1_232' title='bbox 1285 1711 1433 1750; x_wconf 85' lang='lat' dir='ltr'>Peritus</span> <span class='ocrx_word' id='word_1_233' title='bbox 1478 1722 1517 1751; x_wconf 92' lang='lat' dir='ltr'>et</span> <span class='ocrx_word' id='word_1_234' title='bbox 1562 1712 1695 1753; x_wconf 62' lang='lat' dir='ltr'>doetus</span> 
     </span>
     <span class='ocr_line' id='line_1_50' title="bbox 1040 1763 1233 1806; baseline -0.005 -1"><span class='ocrx_word' id='word_1_235' title='bbox 1040 1763 1134 1805; x_wconf 88' lang='lat' dir='ltr'>sum.</span> <span class='ocrx_word' id='word_1_236' title='bbox 1188 1769 1233 1806; x_wconf 84' lang='lat' dir='ltr'>E.</span> 
     </span>
    </p>

    <p class='ocr_par' dir='ltr' id='par_1_20' title="bbox 1037 1821 1693 1974">
     <span class='ocr_line' id='line_1_51' title="bbox 1096 1821 1691 1878; baseline 0.005 -18"><span class='ocrx_word' id='word_1_237' title='bbox 1096 1827 1147 1874; x_wconf 83' lang='lat'>38</span> <span class='ocrx_word' id='word_1_238' title='bbox 1187 1822 1281 1861; x_wconf 84' lang='lat' dir='ltr'>Non</span> <span class='ocrx_word' id='word_1_239' title='bbox 1308 1821 1355 1873; x_wconf 82' lang='lat' dir='ltr'>est</span> <span class='ocrx_word' id='word_1_240' title='bbox 1378 1824 1531 1868; x_wconf 78' lang='lat' dir='ltr'>mentiri</span> <span class='ocrx_word' id='word_1_241' title='bbox 1556 1824 1691 1878; x_wconf 87' lang='lat' dir='ltr'>meum]</span> 
     </span>
     <span class='ocr_line' id='line_1_52' title="bbox 1039 1878 1693 1929; baseline 0.006 -13"><span class='ocrx_word' id='word_1_242' title='bbox 1039 1880 1083 1916; x_wconf 87' lang='lat' dir='ltr'>In</span> <span class='ocrx_word' id='word_1_243' title='bbox 1113 1878 1361 1929; x_wconf 84' lang='lat' dir='ltr'>promiffione</span> <span class='ocrx_word' id='word_1_244' title='bbox 1390 1878 1505 1929; x_wconf 87' lang='lat' dir='ltr'>dicit,</span> <span class='ocrx_word' id='word_1_245' title='bbox 1546 1881 1693 1920; x_wconf 84' lang='lat' dir='ltr'>nonin</span> 
     </span>
     <span class='ocr_line' id='line_1_53' title="bbox 1037 1931 1324 1974; baseline 0 -2"><span class='ocrx_word' id='word_1_246' title='bbox 1037 1931 1225 1972; x_wconf 69' lang='lat' dir='ltr'>fallendo.</span> <span class='ocrx_word' id='word_1_247' title='bbox 1279 1935 1324 1974; x_wconf 94' lang='lat' dir='ltr'>C.</span> 
     </span>
    </p>

    <p class='ocr_par' dir='ltr' id='par_1_21' title="bbox 1036 1988 1697 2253">
     <span class='ocr_line' id='line_1_54' title="bbox 1094 1988 1693 2047; baseline 0.007 -20"><span class='ocrx_word' id='word_1_248' title='bbox 1094 2001 1146 2042; x_wconf 83' lang='lat'>39</span> <span class='ocrx_word' id='word_1_249' title='bbox 1175 1991 1230 2028; x_wconf 83' lang='lat' dir='ltr'>At</span> <span class='ocrx_word' id='word_1_250' title='bbox 1247 1988 1333 2047; x_wconf 66' lang='lat' dir='ltr'>laqus</span> <span class='ocrx_word' id='word_1_251' title='bbox 1345 1990 1439 2044; x_wconf 78' lang='lat' dir='ltr'>tul]</span> <span class='ocrx_word' id='word_1_252' title='bbox 1467 1994 1546 2030; x_wconf 87' lang='lat' dir='ltr'>Iam</span> <span class='ocrx_word' id='word_1_253' title='bbox 1566 1993 1693 2043; x_wconf 90' lang='lat' dir='ltr'>proui-</span> 
     </span>
     <span class='ocr_line' id='line_1_55' title="bbox 1038 2044 1694 2096; baseline 0.005 -13"><span class='ocrx_word' id='word_1_254' title='bbox 1038 2044 1104 2085; x_wconf 90' lang='lat' dir='ltr'>det</span> <span class='ocrx_word' id='word_1_255' title='bbox 1119 2044 1301 2093; x_wconf 83' lang='lat' dir='ltr'>fallaciae,</span> <span class='ocrx_word' id='word_1_256' title='bbox 1326 2058 1440 2096; x_wconf 85' lang='lat' dir='ltr'>quam</span> <span class='ocrx_word' id='word_1_257' title='bbox 1458 2058 1591 2088; x_wconf 85' lang='lat' dir='ltr'>mente</span> <span class='ocrx_word' id='word_1_258' title='bbox 1602 2062 1694 2087; x_wconf 86' lang='lat' dir='ltr'>con·</span> 
     </span>
     <span class='ocr_line' id='line_1_56' title="bbox 1037 2099 1697 2152; baseline 0.006 -13"><span class='ocrx_word' id='word_1_259' title='bbox 1037 2110 1214 2152; x_wconf 83' lang='lat' dir='ltr'>ceperat:</span> <span class='ocrx_word' id='word_1_260' title='bbox 1243 2114 1320 2152; x_wconf 92' lang='lat' dir='ltr'>quo</span> <span class='ocrx_word' id='word_1_261' title='bbox 1337 2099 1482 2141; x_wconf 81' lang='lat' dir='ltr'>facilius</span> <span class='ocrx_word' id='word_1_262' title='bbox 1501 2115 1697 2143; x_wconf 78' lang='lat' dir='ltr'>mereatur</span> 
     </span>
     <span class='ocr_line' id='line_1_57' title="bbox 1036 2156 1692 2209; baseline 0.005 -13"><span class='ocrx_word' id='word_1_263' title='bbox 1036 2157 1205 2204; x_wconf 85' lang='lat' dir='ltr'>veniam,</span> <span class='ocrx_word' id='word_1_264' title='bbox 1217 2156 1252 2208; x_wconf 76' lang='lat' dir='ltr'>lfi</span> <span class='ocrx_word' id='word_1_265' title='bbox 1274 2156 1365 2209; x_wconf 86' lang='lat' dir='ltr'>quid</span> <span class='ocrx_word' id='word_1_266' title='bbox 1383 2158 1556 2200; x_wconf 76' lang='lat' dir='ltr'>struxerit</span> <span class='ocrx_word' id='word_1_267' title='bbox 1574 2159 1692 2199; x_wconf 81' lang='lat' dir='ltr'>inhe-</span> 
     </span>
     <span class='ocr_line' id='line_1_58' title="bbox 1037 2212 1234 2253; baseline -0.005 -1"><span class='ocrx_word' id='word_1_268' title='bbox 1037 2226 1135 2252; x_wconf 86' lang='lat' dir='ltr'>rum.</span> <span class='ocrx_word' id='word_1_269' title='bbox 1190 2212 1234 2253; x_wconf 93' lang='lat' dir='ltr'>C.</span> 
     </span>
    </p>

    <p class='ocr_par' dir='ltr' id='par_1_22' title="bbox 1034 2268 1690 2649">
     <span class='ocr_line' id='line_1_59' title="bbox 1089 2268 1690 2316; baseline 0.005 -8"><span class='ocrx_word' id='word_1_270' title='bbox 1089 2268 1221 2308; x_wconf 84' lang='lat' dir='ltr'>Facito</span> <span class='ocrx_word' id='word_1_271' title='bbox 1242 2269 1330 2308; x_wconf 86' lang='lat' dir='ltr'>dum</span> <span class='ocrx_word' id='word_1_272' title='bbox 1350 2270 1470 2310; x_wconf 85' lang='lat' dir='ltr'>eadem</span> <span class='ocrx_word' id='word_1_273' title='bbox 1481 2268 1580 2316; x_wconf 86' lang='lat' dir='ltr'>haec]</span> <span class='ocrx_word' id='word_1_274' title='bbox 1610 2275 1690 2312; x_wconf 85' lang='lat' dir='ltr'>Iam</span> 
     </span>
     <span class='ocr_line' id='line_1_60' title="bbox 1037 2324 1690 2377; baseline 0.006 -14"><span class='ocrx_word' id='word_1_275' title='bbox 1037 2335 1239 2377; x_wconf 84' lang='lat' dir='ltr'>praeparat</span> <span class='ocrx_word' id='word_1_276' title='bbox 1264 2324 1331 2364; x_wconf 80' lang='lat' dir='ltr'>fibi</span> <span class='ocrx_word' id='word_1_277' title='bbox 1359 2325 1584 2366; x_wconf 83' lang='lat' dir='ltr'>dominum:</span> <span class='ocrx_word' id='word_1_278' title='bbox 1608 2342 1690 2367; x_wconf 84' lang='lat' dir='ltr'>mo-</span> 
     </span>
     <span class='ocr_line' id='line_1_61' title="bbox 1036 2383 1688 2435; baseline 0.005 -15"><span class='ocrx_word' id='word_1_279' title='bbox 1036 2392 1186 2433; x_wconf 86' lang='lat' dir='ltr'>netque</span> <span class='ocrx_word' id='word_1_280' title='bbox 1207 2390 1248 2419; x_wconf 83' lang='lat' dir='ltr'>vt</span> <span class='ocrx_word' id='word_1_281' title='bbox 1258 2383 1494 2432; x_wconf 79' lang='lat' dir='ltr'>meminerit,</span> <span class='ocrx_word' id='word_1_282' title='bbox 1523 2383 1549 2423; x_wconf 86' lang='lat' dir='ltr'>fi</span> <span class='ocrx_word' id='word_1_283' title='bbox 1569 2397 1688 2435; x_wconf 85' lang='lat' dir='ltr'>quan-</span> 
     </span>
     <span class='ocr_line' id='line_1_62' title="bbox 1035 2437 1690 2491; baseline 0.005 -15"><span class='ocrx_word' id='word_1_284' title='bbox 1035 2437 1086 2476; x_wconf 93' lang='lat' dir='ltr'>do</span> <span class='ocrx_word' id='word_1_285' title='bbox 1104 2437 1200 2476; x_wconf 82' lang='lat' dir='ltr'>haec</span> <span class='ocrx_word' id='word_1_286' title='bbox 1221 2439 1352 2477; x_wconf 85' lang='lat' dir='ltr'>omnia</span> <span class='ocrx_word' id='word_1_287' title='bbox 1376 2440 1594 2491; x_wconf 66' lang='lat' dir='ltr'>eueiiei·int‚</span> <span class='ocrx_word' id='word_1_288' title='bbox 1622 2440 1690 2480; x_wconf 85' lang='lat' dir='ltr'>fic-</span> 
     </span>
     <span class='ocr_line' id='line_1_63' title="bbox 1034 2491 1689 2544; baseline 0.006 -13"><span class='ocrx_word' id='word_1_289' title='bbox 1034 2503 1076 2532; x_wconf 88' lang='lat' dir='ltr'>ut</span> <span class='ocrx_word' id='word_1_290' title='bbox 1117 2492 1285 2532; x_wconf 83' lang='lat' dir='ltr'>humana</span> <span class='ocrx_word' id='word_1_291' title='bbox 1320 2491 1408 2534; x_wconf 85' lang='lat' dir='ltr'>sunt</span> <span class='ocrx_word' id='word_1_292' title='bbox 1441 2497 1589 2544; x_wconf 82' lang='lat' dir='ltr'>omnia,</span> <span class='ocrx_word' id='word_1_293' title='bbox 1627 2497 1689 2536; x_wconf 85' lang='lat' dir='ltr'>-vti</span> 
     </span>
     <span class='ocr_line' id='line_1_64' title="bbox 1036 2548 1686 2605; baseline 0.005 -15"><span class='ocrx_word' id='word_1_294' title='bbox 1036 2560 1075 2590; x_wconf 89' lang='lat' dir='ltr'>et</span> <span class='ocrx_word' id='word_1_295' title='bbox 1104 2548 1203 2588; x_wconf 81' lang='lat' dir='ltr'>filius</span> <span class='ocrx_word' id='word_1_296' title='bbox 1233 2551 1316 2591; x_wconf 88' lang='lat' dir='ltr'>eius</span> <span class='ocrx_word' id='word_1_297' title='bbox 1346 2553 1456 2604; x_wconf 81' lang='lat' dir='ltr'>poffit</span> <span class='ocrx_word' id='word_1_298' title='bbox 1480 2552 1546 2594; x_wconf 84' lang='lat' dir='ltr'>ista</span> <span class='ocrx_word' id='word_1_299' title='bbox 1573 2551 1686 2605; x_wconf 81' lang='lat' dir='ltr'>perfi-</span> 
     </span>
     <span class='ocr_line' id='line_1_65' title="bbox 1037 2607 1239 2649; baseline 0.015 -3"><span class='ocrx_word' id='word_1_300' title='bbox 1037 2618 1138 2646; x_wconf 79' lang='lat' dir='ltr'>cere.</span> <span class='ocrx_word' id='word_1_301' title='bbox 1192 2607 1239 2649; x_wconf 88' lang='grc' dir='ltr'>Ε.</span> 
     </span>
    </p>
   </div>
   <div class='ocr_carea' id='block_1_14' title="bbox 1802 0 1815 2499">
    <p class='ocr_par' dir='ltr' id='par_1_23' title="bbox 1802 0 1815 2499">
     <span class='ocr_line' id='line_1_66' title="bbox 1802 0 1815 2499; baseline 0 0"><span class='ocrx_word' id='word_1_302' title='bbox 1802 0 1815 2499; x_wconf 95' lang='lat' dir='ltr'> </span> 
     </span>
    </p>
   </div>
   <div class='ocr_carea' id='block_1_15' title="bbox 1798 2651 1815 3168">
    <p class='ocr_par' dir='ltr' id='par_1_24' title="bbox 1798 2651 1815 3168">
     <span class='ocr_line' id='line_1_67' title="bbox 1798 2651 1815 3168; baseline 0 0"><span class='ocrx_word' id='word_1_303' title='bbox 1798 2651 1815 3168; x_wconf 95' lang='lat' dir='ltr'> </span> 
     </span>
    </p>
   </div>
  </div>
 </body>
</html>
