1815 3168
530 134 532 138 ·
594 171 1015 220 EVNVCHVS.

1390 189 1484 238 471

260 299 366 345 Sum
388 313 601 350 maxume,
620 308 662 345 at
683 308 732 345 tu
753 299 959 359 indignus
980 300 1054 362 qui
1075 299 1236 347 faceres
1261 311 1420 350 tamen.

257 377 423 437 Neque
442 370 638 437 aedepol,
661 374 766 437 quid
790 391 907 420 nunc
930 372 1093 420 confilii
1121 376 1302 440 capiam,
1324 378 1410 425 scio

257 452 328 495 De
357 448 527 513 virgine
554 447 674 495 istac:
709 450 766 495 ita
789 447 1051 496 conturbasti
1071 448 1185 496 mihi

155 539 218 588 30
254 525 458 570 Rationes
482 539 660 569 omnes:
699 534 746 571 vt
766 540 860 569 eam
883 541 972 571 non
995 521 1152 588 poffim
1174 524 1273 577 suis,

249 595 313 645 lta
331 608 377 644 vt
400 614 585 662 aequom
606 598 757 650 fuerat,
778 601 905 662 atque
931 613 979 645 vt
996 598 1151 653 studui,
1174 594 1369 647 tradere:

250 678 314 721 Vt
331 672 515 719 solidum
538 689 738 737 parerem
761 673 844 720 hoc
860 672 1257 728 mihibeneficium,
1269 676 1476 723 Chaerea.

248 746 359 797 CH.
395 752 456 794 At
485 765 603 795 nunc
638 748 796 795 dehinc
828 748 954 813 spero
988 761 1208 797 aeternam
1240 752 1356 798 inter
1391 769 1473 799 nos

345 825 526 884 gratiam

244 895 375 952 Fore,
396 898 559 946 Thais:
595 896 717 964 saepe
742 915 792 945 ex
816 899 1067 948 huiufinodi
1082 915 1130 946 re
1153 900 1369 965 quapiam,
1394 911 1436 948 et

754 1012 840 1073 G'g
874 1028 910 1074 4

163 1164 220 1208 27
244 1154 299 1194 At
324 1166 367 1195 tu
385 1153 562 1210 indignus
580 1157 640 1208 qui
657 1153 760 1207 ἢπε-

105 1223 167 1251 res
187 1211 326 1265 tamen]
358 1212 473 1250 Refile
491 1211 614 1250 dixit.¹
655 1212 760 1261 Qua-

102 1276 192 1305 tuor
212 1268 320 1306 enim
339 1264 422 1305 sunt
437 1266 580 1305 modi'
569 1280 611 1305 in
633 1264 759 1305 huius-

102 1322 210 1361 modi
231 1321 364 1361 rebus:
391 1323 445 1361 ita
461 1332 500 1361 vt
518 1332 583 1360 aut
597 1332 758 1373 v·te1que

101 1378 291 1430 indignus
312 1376 374 1415 sit:
402 1387 467 1416 aut
493 1378 587 1415 alter
606 1377 758 1429 dignus,

100 1434 196 1472 alter
213 1433 420 1485 indignus:
454 1443 519 1472 aut
534 1443 676 1472 contra.
706 1434 757 1472 D.

156 1496 207 1538 28
240 1490 371 1551 Neque
394 1491 553 1541 aedepol,
565 1489 757 1542 quidnunc

101 1544 242 1597 consilii
268 1547 407 1597 capiam
424 1545 506 1594 scio
536 1546 756 1599 de1v1rg1ne

96 1600 210 1654 istac]
257 1601 444 1652 intelligit
481 1600 600 1640 Thais
635 1601 752 1639 amari

95 1657 290 1709 virginem
317 1655 364 1694 ab
394 1656 487 1694 hoc.
513 1667 552 1694 et
580 1656 672 1694 ideo
702 1654 752 1694 {ic

93 1713 126 1751 ai
133 1725 155 1759 r,
177 1723 215 1751 vt
233 1711 415 1751 conciliet
433 1712 594 1761 nuptias.
648 1713 749 1750 Nam

91 1766 143 1807 sat
149 1770 177 1806 is
207 1767 307 1821 figni
333 1766 406 1813 est,
439 1767 544 1819 quod
568 1766 747 1810 Eunuchi

91 1824 269 1862 habitum
295 1835 455 1874 piopter
484 1822 582 1862 hanc
611 1820 718 1861 sums
722 1834 748 1862 r

87 1882 136 1920 Er
155 1878 243 1918 vide
264 1878 589 1930 quemadmodum
616 1877 665 1917 ad
690 1891 748 1917 ca·

87 1937 267 1987 ptionem
297 1936 519 1986 nuptiarum
542 1946 603 1973 res
631 1945 744 1972 eant:

88 1992 192 2043 quod
222 2002 352 2030 tamen
377 1991 508 2030 dicere
527 2003 608 2031 non
626 1989 744 2029 audet

86 2047 226 2087 Thais:
257 2044 320 2085 sed
342 2046 504 2085 ostendit
522 2045 757 2098 (Tranfian⁴

88 2116 150 2152 vt,
175 2103 276 2154 quod
293 2103 410 2142 dicere
430 2115 502 2141 non
521 2102 631 2141 aude:
651 2102 742 2142 Tha-

85 2163 128 2207 ir,
147 2160 305 2209 ostendat
323 2170 394 2198 etc.
416 2157 505 2198 edd.
522 2160 685 2211 Vener.)
705 2173 741 2207 a-

87 2213 295 2254 dulescenti
332 2215 578 2262 comeum-is,
620 2214 739 2267 quem

86 2279 227 2316 tentat,
260 2267 378 2310 sciens
406 2280 600 2309 amantem
624 2271 738 2323 virgi·

86 2336 199 2367 nem:
229 2337 268 2364 et
293 2326 392 2366 viam
421 2325 587 2367 ostendit
603 2336 737 2378 peten-

86 2381 160 2419 dae
177 2379 241 2419 sihi
261 2382 395 2421 vxoris.
452 2385 501 2422 D,

139 2447 191 2486 30
210 2440 280 2476 Pro
291 2451 376 2484 non,
391 2451 601 2489 reponem,
615 2440 663 2479 ob
675 2454 735 2479 au-

85 2491 294 2531 &mitatem
309 2490 371 2533 sex
390 2494 501 2534 codd.
521 2505 610 2535 vett.
640 2499 682 2537 B.

143 2558 193 2600 31
236 2550 307 2587 Pro
351 2563 456 2603 atque
488 2551 564 2604 leg.
601 2553 734 2605 itaque.

82 2604 190 2650 Nam
216 2605 272 2642 ita
288 2606 422 2657 itaque,
440 2604 601 2663 saepius.
626 2608 731 2651 And.

84 2671 154 2708 111,
173 2671 209 2713 3,
234 2666 297 2709 18.
349 2663 393 2702 B.

1404 1029 1464 1076 35

866 1167 917 1208 32
935 1155 1016 1196 Hoc
1025 1155 1118 1198 mihi
1125 1152 1341 1206 beneficium,
1357 1154 1467 1195 Chae-

810 1212 890 1265 rea]
924 1212 1070 1251 Blande
1091 1225 1243 1251 nomen
1258 1213 1466 1263 repetitum

809 1267 873 1316 est,
898 1267 1081 1308 Chaerea.
1138 1269 1192 1310 D

866 1334 917 1375 33
959 1326 1012 1363 At
1043 1337 1142 1363 nunc
1166 1323 1297 1363 dehinc
1325 1323 1462 1387 stez-o]

808 1381 922 1418 Nunc
951 1381 1027 1418 iam
1048 1378 1222 1420 Chaerea
1250 1392 1341 1418 vera·
1363 1381 1467 1419 ieris

808 1435 1081 1486 aequiparans,
1109 1433 1254 1475 recedit
1274 1449 1295 1473 a
1320 1436 1460 1473 iocula-

805 1489 921 1529 rihus.
975 1493 1023 1530 D.

857 1548 910 1584 At
944 1558 1040 1584 nunc
1074 1544 1218 1599 dehinc]
1256 1544 1461 1585 Defensio·

803 1614 894 1640 nem
913 1599 1134 1642 adolescens
1161 1598 1229 1639 sub
1249 1602 1457 1664 pioniiffio-

800 1671 825 1695 1.
831 1669 853 1696 e
880 1656 1057 1697 inchoat.
1088 1656 1182 1696 dicit
1207 1658 1314 1696 enim
1337 1669 1454 1695 aeter-

799 1727 887 1753 nam
913 1727 958 1752 ex·
985 1713 1052 1752 hac
1080 1726 1120 1752 re
1137 1713 1310 1764 suturam
1329 1715 1455 1766 grati.

795 1782 867 1810 am
926 1772 1012 1809 Hoc
1039 1770 1146 1808 enim
1173 1768 1339 1823 intelligi
1360 1769 1451 1815 vult,

796 1825 902 1876 quod
919 1825 1023 1865 illam
1038 1824 1268 1864 fitduuurus
1279 1836 1450 1863 vxor.em

792 1881 978 1932 Denique
995 1881 1159 1920 adiecit:
1184 1881 1297 1932 Saepe
1316 1893 1363 1918 ex
1382 1879 1451 1918 hu-

793 1936 952 1987 iufinodi
987 1952 1026 1976 re
1055 1939 1244 1990 quapiam,
1285 1949 1320 1975 et
1350 1936 1447 1976 malo

785 1995 974 2045 principio
1025 2005 1170 2048 magna:
1199 1991 1449 2043 fhmiliaritas

793 2047 951 2100 conflata
984 2048 1042 2100 est.
1098 2051 1359 2100 Frequenter,
1389 2049 1447 2086 in-

791 2107 881 2156 quit,
903 2119 951 2144 ex
971 2106 1036 2145 tali
1052 2117 1094 2144 re
1112 2105 1238 2155 aliqua
1267 2114 1307 2143 et
1326 2104 1443 2142 initio

790 2175 869 2200 non
907 2161 1035 2208 bone,
1069 2160 1118 2200 ad
1144 2159 1442 2200 familiaritatem

788 2218 992 2256 maximam
1009 2215 1336 2266 concordiamque
1355 2229 1442 2267 per-

786 2283 947 2312 uentum
968 2271 1030 2311 est.
1069 2271 1293 2322 Huiusmodi
1303 2286 1342 2310 re
1352 2285 1440 2324 qua-

781 2328 900 2382 piam]
952 2329 1113 2371 Comico
1140 2326 1329 2379 loquendi
1353 2330 1437 2368 stilo

785 2387 985 2436 quapiam
1040 2385 1208 2452 aliquam
1256 2385 1438 2440 iutelligi-

784 2454 883 2481 mus.
937 2443 980 2480 E.

841 2509 895 2555 34
923 2496 1034 2550 Saepe
1070 2510 1117 2535 ex
1150 2485 1355 2548 huiusmodi
1379 2498 1437 2553 re]
1467 2493 1473 2499 '

785 2555 870 2594 Hoc
898 2551 1237 2601 est,tu1bu1enta.
1299 2553 1438 2608 Qum:-

781 2609 865 2663 am]
926 2610 1196 2663 Quacunque,
1249 2613 1311 2651 vel
1364 2612 1433 2650 ali-

780 2680 866 2723 qua.
919 2667 973 2706 D.
