1815 3168
343 168 435 211 4¹2

723 151 883 197 ACT.
916 151 989 195 IV.
1018 148 1296 196 SCEN.11.

476 280 678 327 Peiorem
698 287 882 344 partem.
917 276 1021 340 quid
1044 294 1157 342 opus
1182 275 1241 324 est
1262 276 1438 325 verbis?
1479 276 1585 324 dum
1606 276 1713 324 haec

573 366 697 419 puto,

417 448 442 496 5
472 433 683 495 (Praeterii
708 428 964 494 imprudens
988 428 1150 475 villam.
1190 428 1324 489 longe
1345 430 1431 475 iam
1457 428 1659 481 abieram,

419 524 425 528 ·
483 511 596 554 Cum
619 504 734 553 senfi.
769 505 902 551 redeo
922 503 1106 556 rursum,
1127 504 1238 550 male
1263 522 1367 551 vero
1391 521 1462 550 me
1482 504 1660 550 habens.

482 589 524 628 V
527 584 572 629 bi
596 583 648 628 ad
672 581 812 646 ipsum
832 582 933 626 veni
955 574 1288 633 diuerticulum,
1308 579 1492 626 constiti.

447 718 452 722 ι
483 661 649 723 Occepi
672 674 845 704 mecum
868 658 1079 718 cogitare:
1115 659 1257 703 Hem!
1298 656 1483 702 biduum
1502 655 1573 700 hic

483 728 808 780 Manendum’st
830 732 908 779 soli
932 730 1021 778 fine.
1040 732 1143 778 illa?
1184 732 1295 795 quid
1322 744 1418 778 tum
1440 729 1620 794 postea?

394 830 450 860 10
487 811 615 858 Nihil
639 809 729 855 est?
766 808 901 872 quid?
938 809 1085 854 nihil?
1121 806 1151 854 fi
1173 826 1262 855 non
1285 807 1490 868 tangendi
1506 807 1629 870 copia
1643 802 1715 858 est,

482 887 597 939 Eho,
621 903 677 931 ne
698 883 875 934 videndi
898 884 1078 948 quidem
1099 884 1209 932 erit?
1245 883 1276 929 fi
1298 883 1408 929 illud
1427 899 1519 929 non
1543 882 1654 934 licet,

348 1091 440 1135 lius,
470 1084 607 1126 Multa
622 1096 772 1137 putans,
794 1082 1009 1138 fhrtemque

349 1148 474 1184 animo
494 1141 686 1192 mfi’ratus
706 1143 870 1194 iniquam
888 1144 1009 1194 (Aen.

350 1214 408 1249 VI,
431 1203 556 1252 332).
599 1200 648 1237 Et
665 1197 718 1237 est
741 1199 918 1245 ἀφαίρεσις
938 1211 1009 1251 pro

348 1270 492 1310 reputo.
550 1254 730 1292 Putamus
748 1254 856 1292 enim
873 1254 1011 1293 instan-

351 1315 425 1354 tia:
451 1311 673 1363 Reputtzmus
683 1310 902 1360 praeterita.
932 1315 985 1351 D.

405 1368 535 1419 Magis
570 1379 619 1404 ex
640 1366 819 1404 Terentii
851 1365 907 1404 est
926 1378 1017 1404 con·

351 1422 572 1467 suetudine,
591 1420 617 1460 fi
637 1420 686 1460 fic
706 1419 887 1474 refingis:
917 1435 954 1461 et
974 1435 1018 1461 ea

351 1483 476 1520 omnia
490 1478 659 1523 Peiorem
678 1480 719 1516 in
734 1489 892 1530 partem.
922 1480 964 1518 Β.

405 1550 434 1590 4
467 1534 568 1574 Dum
598 1532 685 1573 haec
709 1533 822 1588 puto]
863 1531 933 1574 Ms.
973 1535 1016 1573 R.

356 1605 497 1647 reputo.
553 1593 596 1630 L.

413 1651 438 1690 6
476 1646 621 1689 Melius
661 1658 710 1684 ex
745 1644 878 1698 Regiis
903 1658 1017 1694 vnuS‚

354 1704 457 1752 Male
477 1716 530 1742 me
552 1716 642 1741 vero
662 1699 807 1755 habens.
863 1704 906 1740 B.

343 1758 345 1761 ’
413 1773 440 1814 7
473 1757 546 1799 Vbi
571 1759 620 1797 ad
650 1758 769 1810 ipficm
795 1759 878 1796 veni
898 1757 1020 1796 diuer-

355 1815 528 1869 ticulum]
559 1813 832 1853 Diuerzz'culum
852 1812 925 1862 est,
956 1813 1021 1852 vbi

357 1875 433 1913 iter
466 1872 516 1921 de
544 1871 603 1909 via
632 1869 803 1910 fleuitur.
858 1873 909 1910 Et
936 1882 1021 1921 pro-

357 1930 445 1983 prie
464 1925 681 1967 diuem‘cula
703 1924 878 1964 dicuntur
899 1925 940 1963 in
962 1926 1022 1964 via

346 1984 571 2039 domicilia,
600 1981 774 2032 adquae
801 1980 851 2033 de
880 1981 1023 2019 itinere

360 2039 638 2082 dinei-tendum
649 2036 704 2077 fit.
746 2036 920 2091 constiti]
933 2038 1020 2076 Plus

360 2096 416 2146 est
428 2109 535 2152 nunc
546 2093 730 2144 scientem
742 2092 825 2132 steti
833 2090 892 2141 sse,
905 2088 1022 2145 quam

346 2147 598 2208 'praeteriiffe
621 2146 873 2205 nescientem.
917 2151 965 2190 D.

416 2210 479 2250 Ad
499 2205 616 2260 ipsimi
634 2203 719 2245 v'eni
736 2205 1020 2261 diuerticulum]

359 2267 423 2312 Ad
451 2263 574 2318 ipsum
603 2265 753 2311 locum,
796 2275 845 2301 ex
865 2275 943 2314 quo
968 2263 1024 2301 di-

349 2323 467 2363 'uerti‘
485 2320 534 2361 ad
553 2320 682 2359 villam
701 2318 877 2359 deberet.
924 2322 969 2360 E.

416 2379 479 2428 Ad
504 2376 620 2430 ipfiaem
641 2377 726 2415 veni
749 2375 1023 2429 dium-ticulum]

362 2433 604 2477 Glossarium.
617 2442 692 2471 vet.
710 2438 949 2481 καταγωγεῖον,
972 2432 1027 2471 di-

349 2488 876 2547 ssuefiriunz,diuerticulum.
930 2492 973 2531 L.

355 2593 359 2597 ,
418 2551 517 2588 Tres
544 2555 632 2585 vett.
654 2544 745 2584 libri
761 2543 896 2583 Faerni
923 2545 1028 2584 reete

365 2602 517 2645 habent
527 2600 799 2642 deuerticulum.
830 2603 932 2640 Tum
945 2614 1028 2640 ver·

355 2658 427 2703 ¹sus
446 2658 489 2702 fit
510 2656 674 2709 suamet,
699 2655 726 2697 fi
746 2669 834 2698 eum
854 2657 938 2698 cod.
958 2661 1027 2700 Re-

1559 957 1721 1004 Saltem

1060 1085 1126 1138 gio
1143 1085 1308 1139 legimus
1329 1086 1448 1133 venio,
1485 1095 1523 1122 vt
1542 1082 1646 1134 prius
1667 1093 1723 1119 re-

1059 1143 1140 1180 deo.
1195 1145 1239 1181 B.

1115 1204 1136 1245 8
1170 1199 1289 1237 Hem!
1318 1195 1467 1236 biduum
1487 1195 1546 1234 hic
1575 1204 1724 1233 manen·

1061 1254 1151 1293 dum
1169 1253 1234 1306 est]
1266 1255 1361 1293 Hem
1379 1252 1594 1291 inte1·ie<?tio
1615 1248 1720 1287 labo·

1064 1310 1183 1348 rantis
1204 1309 1337 1348 animi.
1392 1309 1554 1348 Biduum
1573 1306 1622 1344 fic
1639 1316 1728 1356 pro·

1065 1365 1218 1414 nuncia,
1238 1374 1278 1403 vt
1297 1365 1461 1417 longum
1481 1362 1728 1412 nimiumque

1066 1431 1229 1473 tempuS.
1302 1424 1410 1461 Tum
1458 1417 1605 1458 deinde
1650 1416 1726 1462 hic,

1066 1488 1253 1529 tanquam
1289 1476 1333 1516 in
1367 1476 1454 1515 loco
1488 1473 1569 1514 solo
1609 1482 1729 1525 atque

1068 1533 1172 1573 tristi.
1226 1535 1278 1572 D.
1580 1548 1583 1549 ⁷

1124 1603 1150 1644 9
1179 1587 1259 1628 Soli
1269 1587 1348 1641 fine
1367 1587 1460 1628 illa?
1486 1589 1570 1628 Aut
1587 1585 1671 1626 fine
1691 1599 1730 1624 a-

1066 1646 1122 1685 lio
1156 1645 1471 1685 obleetamento?
1497 1645 1585 1685 Sine
1611 1639 1728 1695 illa?]

1068 1702 1163 1742 Satis
1173 1702 1370 1742 amatorie.
1420 1701 1506 1739 Sine
1523 1699 1585 1738 illa
1595 1699 1629 1753 P]
1648 1702 1731 1738 lam

1069 1756 1176 1798 causta
1203 1757 1277 1805 est,
1314 1769 1402 1796 cum
1429 1758 1512 1807 (cur
1547 1756 1600 1795 est
1627 1751 1731 1806 apud

1070 1813 1264 1855 Westerh.
1292 1816 1354 1865 Z.)
1393 1813 1555 1852 biduum
1593 1822 1731 1864 graue·

1071 1883 1133 1910 tur
1152 1871 1240 1909 loco
1255 1868 1357 1919 tristi,
1383 1866 1631 1906 cut-solatium
1643 1879 1731 1904 con-

1072 1927 1320 1978 quirendum.
1376 1927 1473 1964 Sunt
1502 1934 1632 1962 autem
1662 1921 1731 1973 qui

1070 1983 1178 2022 idem
1197 1989 1337 2034 putent
1343 1979 1422 2032 soli
1433 1976 1519 2027 esse,
1540 1989 1580 2018 et
1586 1977 1669 2030 fine
1687 1975 1731 2015 il-

1071 2039 1130 2078 la:
1159 2049 1199 2078 vt
1207 2037 1288 2088 sine
1308 2036 1370 2076 illa
1391 2035 1550 2083 εξιίγησις
1570 2036 1651 2075 eius
1670 2032 1726 2083 fir,

1073 2095 1180 2148 quod
1199 2090 1356 2138 dikeran
1379 2094 1468 2133 Soli.
1527 2094 1574 2131 D.

1134 2163 1184 2193 10
1208 2150 1323 2190 Nihil
1344 2149 1408 2200 est:
1439 2149 1558 2202 quid?
1585 2143 1731 2200 nihil22]

1071 2208 1302 2249 Amantium
1322 2203 1598 2255 disputationes
1615 2204 1733 2243 inter-

1073 2262 1236 2305 miscent
1267 2262 1455 2315 quaedam
1496 2259 1649 2310 c011filia
1682 2255 1734 2296 sa-

1074 2333 1151 2361 nae
1167 2321 1316 2364 mentis,
1341 2331 1442 2369 quae
1462 2328 1591 2356 tamen
1611 2314 1732 2353 statim

1074 2375 1308 2430 resurgentis
1328 2373 1468 2414 amoris
1486 2370 1644 2412 saeuitia
1665 2369 1733 2409 de-

1074 2435 1291 2474 uincuntur.
1347 2432 1398 2471 D.
1642 2431 1644 2434 ’

1133 2501 1180 2531 11
1213 2489 1312 2535 Eho,
1355 2501 1398 2526 ne
1424 2484 1572 2525 videndi
1590 2481 1732 2536 quidem

1076 2545 1204 2599 erit?]
1233 2544 1326 2590 Eho,
1357 2538 1520 2582 ridicule
1537 2540 1730 2580 additum:

1077 2613 1262 2653 tanquam
1300 2601 1462 2638 omnino
1498 2611 1578 2636 non
1606 2593 1732 2634 secum

1075 2659 1274 2711 loquatur,
1304 2654 1368 2695 sed
1397 2669 1484 2695 cum
1502 2655 1633 2693 altero.
1648 2651 1735 2748 HS}

1640 2723 1652 2747 1
1684 2721 1705 2747 u
