1815 3168
531 127 1085 175 HEM'TONTIM.

1401 128 1496 186 649

270 244 391 302 Nam
411 255 536 300 amici
558 270 735 317 quoque
755 270 824 300 res
846 252 906 300 est
925 253 1125 307 videnda,
1160 257 1205 302 in
1228 264 1326 303 tuto
1340 265 1395 303 rvt
1413 255 1501 302 col-

370 330 537 375 locetur
549 348 560 375 ε

270 408 346 451 Ne
379 404 486 467 quid
520 404 573 451 de
601 407 735 452 amica
760 384 879 453 nunc
909 405 1047 453 senex.
1082 401 1186 452 CL.
1225 425 1252 454 o
1273 409 1500 472 Iuppiter!

368 477 399 526 S
411 494 454 526 Y.
495 481 676 543 quiesce.

269 550 366 603 CL.
401 556 630 620 Antiphila
669 573 765 603 mea
785 556 923 604 nubet
942 557 1065 603 mihi.
1088 554 1196 604 ¹SY-
1231 556 1360 605 sicine
1391 561 1502 608 mihi

369 628 701 695 interloquere?
728 644 731 647 '

270 703 369 754 CL.
406 702 714 761 Quid-faciam,
739 712 847 771 Syre
867 708 960 756 mi?
999 707 1190 768 gaudeo:
1224 709 1290 756 fer
1310 725 1395 758 me.
1421 709 1501 759 ΞΥ.

366 784 460 832 fero
482 783 627 829 hercle
648 800 768 831 vero.

136 1005 240 1044 mini.
272 1045 274 1047 ,
297 1002 405 1044 Dare
433 1003 488 1044 est
524 1016 600 1055 quo
627 1014 794 1056 repetas,

137 1061 284 1101 Dedere
294 1060 356 1100 est
374 1060 421 1100 ad
442 1071 683 1111 perpetuum.
715 1060 795 1100 Da-

135 1125 214 1156 mus
236 1115 289 1155 est
306 1118 449 1156 amicis.
507 1116 691 1158 Dedimus
717 1128 796 1156 tan-

136 1183 219 1212 tum
237 1172 416 1211 hostibus.
473 1172 517 1212 C.

191 1229 253 1268 Da
284 1242 318 1268 te
338 1227 435 1268 mihi
459 1226 629 1283 viciffim]
659 1228 702 1268 Id
727 1227 792 1277 est,

136 1285 470 1337 quemadmodum
491 1298 598 1324 nune
619 1297 695 1337 ego
719 1298 797 1324 ver·

137 1341 189 1380 ba
215 1352 280 1380 tua
308 1340 460 1389 audiui,
494 1342 545 1379 ita
573 1341 728 1379 viciffim
759 1352 798 1380 te

137 1396 236 1437 mihi
266 1397 338 1443 da;
378 1398 431 1436 vti
463 1396 567 1448 quod
596 1393 795 1435 necefl'ari-

135 1467 205 1492 urn
223 1452 278 1492 est
302 1452 435 1500 facias,
465 1467 517 1492 ne
541 1450 711 1492 iesciscat
730 1467 799 1505 pa-

139 1520 209 1572 ter,
235 1510 395 1548 amicam
415 1509 484 1548 filii
501 1506 556 1548 sui
578 1506 656 1548 efle
676 1510 802 1548 meie-

138 1566 286 1624 tricem.
344 1569 389 1605 Ε.

200 1634 246 1664 11
268 1621 389 1660 Nam
417 1621 546 1674 amici]
583 1620 681 1660 Iusta
707 1621 802 1672 peti-

140 1677 215 1716 tio:
249 1675 551 1716 succurrendum
579 1676 633 1715 est
661 1678 800 1723 amico,

127 1746 200 1772 -ne
236 1733 329 1786 quid
357 1734 413 1772 illi
440 1732 677 1773 incommodi
710 1734 801 1772 acci-

144 1788 223 1828 dat.
276 1790 417 1844 Amici]
445 1789 534 1829 Plus
564 1789 710 1842 gratiae
737 1787 800 1827 ha-

141 1845 232 1892 bet,
263 1858 379 1896 quam
405 1843 430 1884 si
452 1842 600 1884 dixifl'et
620 1844 800 1897 Clitipho-

142 1903 212 1940 nis.
269 1904 316 1941 Et
328 1902 483 1954 amicus,
503 1900 624 1939 animi
644 1900 718 1938 est:
749 1901 800 1938 A·

142 1969 382 2005 maronem,
401 1957 578 2006 corporis.
636 1957 800 1997 EtAma-

144 2027 207 2054 tor
231 2012 284 2052 est
303 2012 351 2051 ad
372 2024 545 2064 ternpus:
575 2015 712 2053 amicus
734 2012 802 2064 qui

144 2081 334 2123 perpetuo
354 2080 464 2107 amat.
518 2070 564 2109 C.

187 2127 313 2194 Lege
342 2136 380 2164 et
402 2123 612 2178 distingue,
647 2122 747 2162 Nam
766 2137 806 2162 a-

146 2184 234 2222 misi
254 2194 398 2235 quoque
417 2195 495 2230 res,
523 2180 574 2234 est
593 2179 803 2230 videndum,

147 2240 202 2277 in.
258 2241 298 2278 B.

208 2304 259 2334 12
288 2294 349 2334 Ne
376 2293 467 2346 quid
491 2293 532 2332 de
549 2292 686 2347 amica]
719 2293 805 2331 Α’πο-

148 2345 317 2392 σιαῖπησις.
381 2350 644 2403 OIuppiter!]
675 2349 805 2389 Excla-

148 2405 266 2445 matio
289 2405 463 2445 terribilis
483 2418 589 2457 pene
615 2419 662 2445 ex
680 2405 804 2444 nimio

151 2461 292 2515 gaudio
312 2460 544 2513 desipientis
599 2464 806 2524 Tanquam

149 2519 265 2569 Syrus
282 2516 428 2567 aliquid
446 2514 605 2566 dixisset,
635 2516 739 2568 quod
758 2518 809 2556 vi-

152 2573 308 2612 deretur
335 2572 541 2625 desipienti
570 2586 733 2627 veiUgeie
768 2575 809 2611 in

152 2630 371 2681 nuptiarum
390 2628 739 2682 impedimentum„
764 2631 808 2672 C.

1441 882 1499 929 15

901 1003 936 1042 Ο
965 1003 1168 1059 Iupiter']
1212 1006 1287 1045 Per
1313 1004 1515 1076 προσφαῖνηο’

844 1075 894 1097 σιν
917 1060 1224 1100 omiffisvocibus
1242 1059 1354 1109 serui,
1372 1052 1506 1105 secum

846 1116 978 1156 Clinia
1004 1118 1161 1169 gaudet.
1217 1122 1356 1158 Parum
1382 1120 1506 1161 credit

846 1171 912 1211 fibi
933 1170 1144 1225 contigiffe‚
1164 1174 1267 1224 quod
1289 1175 1507 1216 efficiturin

848 1228 991 1281 gaudio
1002 1230 1232 1281 iepentin0‚
1263 1230 1334 1270 nisi
1358 1232 1506 1284 aliquid

846 1295 1080 1337 lezocleatul
1138 1288 1181 1325 E.
1387 1317 1390 1319 Α

908 1352 952 1392 13
987 1339 1116 1380 Nube-t
1128 1339 1239 1395 mihi]
1266 1343 1507 1382 Hincomnis

846 1396 992 1436 laetitia
1012 1397 1225 1461 dependet.
1280 1397 1509 1452 Interloque-

851 1453 945 1506 νεῖ]
978 1455 1064 1492 Hoc
1091 1453 1179 1492 loco
1208 1456 1307 1493 inter
1333 1467 1413 1493 non
1442 1468 1508 1494 au·
1540 1485 1543 1488 -

852 1520 941 1562 get,
977 1507 1307 1559 quemadmodum
1325 1511 1365 1549 in
1387 1511 1506 1550 verbo

852 1567 1061 1616 intercipit,
1090 1564 1296 1604 interbibit.
1351 1566 1414 1606 Est
1442 1581 1508 1606 au-

851 1631 930 1660 tem
948 1619 1154 1674 interloqui,
1183 1621 1378 1674 impedire
1397 1632 1435 1661 et
1450 1625 1508 1661 in·-

850 1688 906 1716 tei
909 1677 1056 1728 pell‘ue
1090 1678 1330 1728 loquentem.
1389 1679 1510 1718 Inter-

850 1734 1021 1786 loquere?
1031 1732 1051 1786 ]
1081 1732 1199 1784 Quasi
1226 1733 1388 1786 loqueris
1409 1737 1508 1774 inter

850 1804 914 1838 me,
937 1790 957 1828 i.
971 1801 1004 1828 e
1017 1789 1120 1827 inter
1129 1802 1262 1828 meum
1275 1787 1507 1842 sermonem,

847 1846 959 1883 illum
978 1844 1302 1896 interrumpendo
1323 1847 1410 1885 etin
1425 1849 1508 1886 eius

848 1899 1021 1942 medium
1041 1911 1080 1940 te
1097 1901 1400 1953 ilitelmponendo
1430 1905 1478 1945 C.

915 1956 1057 1995 Siccine
1103 1957 1221 2011 mihi]
1269 1959 1334 2000 Al.
1370 1957 1509 2029 fi'ccine

850 2026 917 2053 me.
971 2017 1022 2054 L.·
1064 2030 1065 2035 ¹

907 2069 1086 2119 Plerique
1112 2068 1210 2116 libri,
1229 2069 1348 2109 Sicine
1365 2083 1430 2110 me.
1465 2074 1511 2112 B.

915 2136 965 2178 14
992 2125 1064 2164 Fer
1088 2126 1161 2178 me]
1199 2125 1242 2165 Id
1272 2124 1346 2170 est,
1377 2127 1508 2166 tolera.

853 2180 1100 2221 Tolerandus
1120 2180 1194 2230 est,
1223 2182 1288 2232 qui
1311 2194 1359 2220 ex
1378 2196 1512 2223 amore

855 2236 1000 2288 defipit‚
1020 2238 1109 2288 quia
1128 2250 1235 2276 amor
1258 2239 1363 2276 Deus
1385 2239 1448 2285 est,
1474 2250 1511 2280 et
1539 2235 1544 2238 ’

853 2307 936 2333 non
957 2294 1156 2332 voluntas:
1187 2294 1290 2345 cogit
1318 2295 1425 2334 enim
1445 2295 1513 2334 ho-

853 2350 1002 2389 minem
1030 2348 1077 2389 ad
1104 2348 1146 2387 id
1171 2350 1274 2400 quod
1294 2351 1383 2390 vult.
1438 2352 1513 2391 Fer

853 2405 923 2453 me]
949 2407 1050 2457 Quia
1069 2418 1174 2443 amor
1192 2417 1228 2445 et
1249 2406 1385 2456 odium,
1405 2419 1442 2447 vt
1461 2416 1514 2447 te*-
1574 2441 1576 2444 ,

855 2461 970 2501 statur
988 2465 1033 2501 A.
1055 2461 1204 2501 Gellius
1223 2461 1325 2513 (Lib.
1344 2476 1372 2510 1,
1393 2476 1422 2502 c.
1444 2467 1512 2516 3.),

857 2519 947 2559 duae
965 2516 1061 2568 fient
1079 2516 1321 2571 ferocifflmae
1350 2518 1514 2570 affectio-

857 2588 930 2615 nes.
984 2574 1117 2613 Hercle
1134 2576 1236 2616 vero]
1268 2575 1372 2621 Vero,
1387 2577 1515 2627 vtplu-

858 2631 1000 2672 timum
1016 2630 1164 2672 ironiae
1181 2632 1377 2672 conuenit.
1408 2632 1514 2682 virg.

972 2687 997 2727 S
1008 2699 1025 2726 s
1057 2697 1081 2739 5
1397 2687 1514 2741 (Aen.
