1815 3168
497 118 1057 171 ,HEAVTONTIM

238 248 362 299 vah!
398 246 495 293 vide
517 246 636 310 quod
657 248 852 311 inceptet
871 245 1052 292 facinus.

339 339 445 369 anus
475 321 701 368 Corinthia

1365 119 1458 178 633

1128 246 1231 293 Fuit
1255 243 1468 309 quaedam

135 415 201 461 40
238 400 352 446 Hic:
388 398 490 442 huic
514 396 818 443 drachmarum
839 396 1007 456 argenti
1028 395 1134 442 haec
1154 395 1272 441 mille
1294 395 1471 444 dederat

338 483 557 518 antUUm.

239 546 349 597 CH.
389 548 511 601 Quid
533 550 662 593 tum?
698 544 785 596 SV.
823 563 872 593 ea
903 543 1151 594 mortua'st:
1186 545 1364 609 reliquit
1393 544 1472 593 fili·

336 640 404 670 am
426 623 796 670 adolescentulam.

240 702 303 747 Ea
323 695 470 745 reliaa
493 699 595 746 huic
617 699 820 746 arraboni
841 695 901 744 est
928 714 1014 764 pro
1036 696 1112 744 illo
1134 706 1332 759 argento.
1367 693 1473 745 CH.

340 776 555 836 intelligo.

113 992 325 1048 confinfitm
355 993 586 1047 commodaffi
610 995 661 1034 ad
684 993 768 1033 Me-

113 1054 298 1091 nedemum
327 1052 549 1102 fallendum,
589 1065 660 1091 non
698 1065 768 1103 quo

110 1121 239 1147 verum
257 1109 433 1146 indicium
443 1108 484 1146 de
494 1110 681 1146 meretrice
686 1119 771 1157 pro-

112 1163 229 1203 datur
257 1166 325 1215 Z)
359 1163 449 1202 ideo
477 1164 636 1203 adiecit:
678 1163 771 1202 Vide

114 1221 214 1273 quod
238 1222 391 1272 inceptet
410 1219 577 1268 fizcinus.
632 1223 676 1261 E.

169 1287 222 1329 39
252 1276 430 1329 Inceptet]
462 1277 627 1327 Incipere
651 1286 692 1315 et
720 1277 767 1313 in-

116 1342 256 1381 ceptare
282 1344 515 1384 magnorum
550 1331 605 1371 est
628 1331 782 1390 sach-103

115 1400 202 1427 rum
237 1399 274 1426 et
310 1388 502 1428 audaciae.
563 1391 608 1426 ln
643 1391 776 1428 Eunu-

116 1442 204 1490 cho,
217 1444 328 1498 ¹Quid
337 1446 508 1494 inceptas,
523 1443 689 1492 Thraso?
721 1444 770 1483 C-

175 1498 265 1537 Fuit
303 1500 484 1551 quae‘ilam
522 1502 637 1551 anus]
689 1502 776 1540 Hoc

119 1554 319 1593 confilium
337 1556 427 1594 dicit
441 1553 477 1593 se
496 1553 624 1593 seruus
645 1554 776 1594 aduer-

119 1607 177 1649 sus
198 1611 483 1651 Menedemum
503 1609 677 1659 sumfisse‚
701 1623 777 1661 quo

122 1665 234 1718 poffit
260 1669 464 1717 pecuniam
494 1666 542 1706 ab
577 1680 626 1706 eo
656 1667 778 1716 expri-

122 1735 250 1771 mere,
277 1736 376 1774 quae
402 1723 597 1761 meretrici
616 1723 780 1761 daretur.

122 1781 272 1819 Verum
312 1778 385 1818 hoc
414 1777 610 1817 confilium
636 1779 677 1818 in
706 1778 781 1817 hoc

124 1835 319 1884 prouenit,
341 1846 378 1873 vt
398 1833 512 1886 profit
528 1833 783 1873 vehementer

126 1889 353 1941 Clitiphoni.
438 1894 619 1941 Namque
671 1889 784 1942 fingit

126 1959 232 1985 nunc
251 1944 513 1997 Antiphilam,
549 1959 648 1997 quae
666 1947 785 1985 amica

127 2001 171 2042 fit
183 2002 346 2050 Cliniae,
366 2001 467 2053 apud
488 2003 732 2041 meretricem
743 2014 785 2040 ae

128 2058 324 2108 quandam
341 2071 456 2096 anum
472 2056 718 2099 Corinthiam
731 2072 786 2096 ar-

130 2114 286 2153 rabonis
307 2114 469 2152 nomine
480 2115 724 2154 collocatam:
748 2124 787 2153 et

131 2182 238 2209 nunc
277 2170 380 2210 velle
417 2169 464 2208 ad
503 2170 787 2210 Menedemum

133 2238 322 2278 pergere,
363 2236 401 2264 vt
429 2226 476 2264 ab
507 2239 554 2265 eo
582 2226 789 2277 pecuniam

137 2281 320 2334 accipiat,
349 2294 450 2333 quae
469 2281 554 2321 data
572 2282 616 2321 {it
633 2295 703 2333 pro
723 2295 791 2333 pu-

136 2337 232 2376 ella:
262 2349 301 2381 vt
327 2337 352 2376 fi
373 2338 540 2380 eandem
570 2337 788 2380 redimeret,

136 2393 303 2432 maxima
319 2394 414 2432 inde
432 2395 535 2432 lucra
559 2394 669 2443 possit
699 2395 795 2431 :icci-

138 2461 247 2501 pere.
305 2449 379 2488 Sed
401 2448 474 2488 hoc
486 2447 659 2499 displicet
674 2449 795 2488 domi-

139 2518 195 2544 no
223 2503 430 2544 confilium.
484 2508 630 2546 Verum
660 2519 796 2556 proue-

139 2562 201 2601 nit
215 2561 266 2599 ad
283 2559 489 2600 aduentum
518 2563 705 2613 (euentum
733 2562 798 2613 Z.)

137 2615 321 2657 futurum.
378 2620 477 2658 Nam
514 2631 600 2657 cum
641 2618 801 2671 cognita

141 2672 273 2723 fuerit,
292 2672 397 2724 quod
415 2671 492 2713 filia
507 2673 551 2714 fit
569 2673 798 2723 Chremetis,

1385 846 1477 896 Sv.

819 994 894 1033 iam
920 992 986 1034 fiet
1003 988 1270 1041 necessarium,
1290 993 1342 1031 vti
1354 1004 1481 1032 merea

819 1051 903 1089 trici
924 1050 996 1088 hoc
1018 1048 1176 1098 fine(ab
1193 1048 1268 1100 ipso
1280 1050 1339 1098 Z.)
1353 1049 1479 1089 Chre-

820 1116 927 1146 mete
947 1105 1136 1144 debeatur
1153 1115 1371 1157 argentum.
1406 1108 1450 1145 E.

875 1161 950 1202 Etsi
971 1162 1148 1212 plerique
1174 1155 1297 1199 nostri
1320 1159 1480 1206 habent,

821 1218 902 1257 Hoc
913 1217 1018 1255 vide:
1049 1227 1179 1255 tamen
1199 1216 1311 1255 leftio
1323 1220 1483 1255 Petren-

820 1273 876 1319 fis,
901 1271 1007 1312 Vah!
1036 1273 1119 1310 vide
1138 1271 1191 1311 est
1211 1270 1480 1323 praeferenda,

821 1333 1033 1371 Caeterum
1053 1329 1129 1377 alii,
1149 1330 1319 1381 inceptat,
1340 1341 1409 1380 pro
1429 1330 1485 1368 in·

824 1398 947 1439 ceptet.
992 1386 1187 1424 Vtrumuis
1205 1384 1339 1436 probe.
1386 1388 1426 1424 B.

876 1454 931 1493 40
959 1441 1255 1494 Drachmarnm]
1289 1440 1483 1480 Drachma

826 1498 982 1551 pondus
1011 1497 1086 1545 est,
1117 1496 1312 1540 constans,
1345 1508 1382 1535 vt
1403 1498 1485 1534 vult

825 1551 1055 1600 Priscianus,
1088 1567 1136 1592 ex
1155 1552 1271 1591 tribus
1291 1549 1486 1603 scrupulis,

828 1608 894 1649 seu
914 1609 1051 1649 decem
1071 1619 1111 1647 et
1131 1608 1216 1647 oc‘to
1234 1608 1387 1659 uliquis.
1420 1611 1490 1648 Su-

828 1667 943 1706 mitur
972 1665 1085 1704 etiam
1113 1677 1183 1715 pro
1214 1677 1364 1717 genere
1397 1677 1489 1715 quo·
1520 1668 1524 1672 ‘

830 1722 917 1762 dam
935 1731 1129 1768 monetae,
1160 1731 1366 1772 propterea
1383 1719 1489 1772 quod

830 1775 1057 1817 numismata
1073 1776 1283 1827 antiqu-itus
1300 1777 1494 1826 pondera-

830 1834 980 1873 bantur.
1038 1831 1162 1878 Mille]
1193 1832 1267 1871 Hic
1295 1833 1393 1871 mille
1419 1833 1491 1872 sin-

835 1887 976 1942 gularis
1011 1886 1064 1925 est
1085 1887 1236 1926 numeri
1264 1898 1301 1927 et
1322 1885 1490 1928 substan-

834 1946 958 1983 tiuum
973 1975 982 1993 ‚
1012 1943 1061 1983 de
1093 1955 1171 1995 quo
1191 1944 1310 1982 multa
1329 1946 1491 1986 Gellius.

833 2001 1010 2054 Iungitur
1033 2010 1160 2039 autam
1178 1996 1327 2051 semper
1347 2001 1496 2053 geniti·

836 2071 886 2095 uo
908 2088 917 2106 ,
968 2066 1174 2108 propterea
1204 2057 1296 2106 quia
1325 2053 1495 2096 substan-

837 2115 958 2152 tiuum
991 2112 1054 2151 est.
1113 2111 1192 2149 Sed
1218 2109 1312 2150 mille
1340 2112 1496 2152 adieeki-

838 2182 932 2207 uum
951 2179 990 2206 et
1001 2167 1151 2206 numeri
1163 2167 1317 2217 pluralis
1332 2164 1498 2216 substan-

839 2226 919 2263 tiuo
938 2224 1109 2275 iungitur
1121 2223 1159 2261 in
1172 2222 1418 2263 fimilitudine
1430 2236 1505 2277 ge-

841 2282 954 2328 neris,
973 2280 1124 2317 numeri
1141 2288 1181 2316 et
1199 2276 1312 2317 casus».
1359 2281 1413 2319 C.

898 2348 952 2387 42
980 2332 1211 2378 Ari-hahent]
1241 2334 1500 2386 Pignozi,hoe

844 2393 930 2431 loeo
953 2390 1159 2442 intelligas.
1217 2390 1419 2430 Asrhabon
1445 2390 1503 2428 di-

847 2449 944 2486 citur
963 2459 1121 2493 merces,
1149 2445 1394 2485 corollarium
1416 2461 1424 2485 :
1461 2455 1504 2484 et

846 2504 900 2543 est
924 2502 1028 2554 quod
1052 2502 1156 2552 prius
1183 2500 1313 2551 datur,
1348 2512 1387 2542 vt
1413 2502 1505 2541 reli-

846 2573 966 2613 quum
991 2556 1180 2596 reddatur.
1239 2558 1286 2597 C.

900 2613 1114 2668 Arrahoni]
1143 2612 1315 2667 Pignori.
1370 2613 1414 2654 E.

962 2673 1023 2713 Rr
1053 2683 1076 2726 ς
