1815 3168
282 138 368 186 10⁸
666 130 827 177 ACT.
858 130 908 175 11.
962 104 1157 175 scm.
1197 97 1265 174 ns

409 255 521 306 CH.
570 258 691 314 Quid
722 260 813 305 ita?
853 271 1014 319 nempe
1048 256 1151 301 huic
1181 255 1357 319 prorsus
1394 257 1512 303 illam
1546 274 1638 305 non

443 361 445 363 ·
507 332 591 379 dat.
630 332 678 380 D
698 348 725 377 Λ
745 347 793 377 ν.
830 331 1063 378 ridiculum
1085 329 1233 394 caput!

316 426 374 474 35
419 407 551 464 Quafi
571 405 735 455 necesse
759 407 822 459 fit,
843 405 872 452 {i
896 407 998 453 huic
1022 421 1114 451 non
1137 404 1222 459 dat,
1254 416 1298 452 te
1319 406 1436 453 illam
1461 424 1638 455 morem

508 483 688 530 ducere:

411 557 507 608 Niss
541 557 685 610 vides,
719 553 795 602 nist
830 549 937 603 seriis
972 557 1131 604 amicos
1163 572 1289 608 oras,
1337 555 1488 603 ambis.
1526 554 1635 604 (jn.

507 634 620 680 bene
650 649 818 678 mones,

409 710 515 766 Ibo3
556 706 628 753 effi
659 707 804 754 hercle
835 706 956 772 saepe
989 708 1076 754 iam
1107 717 1180 753 me
1213 704 1307 771 spes
1339 702 1536 751 frustrata
1558 703 1633 751 est.

507 783 629 830 Vale.

1492 795 1514 818 8

311 937 622 992 ACTVS
682 936 1097 988 SECVNDI
1151 935 1449 988 SCENA
1499 932 1597 985 111.

633 1026 1000 1067 PAMPfflLvs.
1055 1026 1276 1077 DAVVS.

273 1152 392 1268 Θ
408 1178 436 1206 ν
458 1176 476 1204 1
495 1176 523 1205 n
571 1157 705 1216 igitur
726 1153 804 1201 fibi
828 1155 920 1202 volt
938 1155 1094 1222 pater?
1131 1171 1210 1204 cur
1233 1151 1433 1202 fimulat?
1473 1150 1520 1200 D
1534 1167 1566 1199 A
1581 1165 1633 1200 v.

526 1247 611 1293 ego
635 1230 772 1278 dicam
792 1230 886 1278 tibi.

327 1456 383 1499 34
409 1439 622 1498 Qidita2]
651 1440 837 1491 vnapars
852 1450 933 1478 ora·

271 1502 404 1542 tionis.
462 1497 674 1539 Ridiculum
697 1495 826 1549 caput]
857 1499 930 1536 Pro

273 1569 358 1597 toto
383 1556 557 1594 homine.
585 1565 703 1592 nemo
726 1553 834 1592 enim
862 1565 931 1591 ore

273 1621 484 1659 contemtu,
505 1623 555 1650 ex
572 1609 656 1648 aliis
672 1607 853 1648 membris
863 1606 932 1646 ho-

269 1670 422 1710 minem
448 1667 539 1706 velit
563 1663 787 1718 significare.
819 1673 858 1702 et
876 1662 931 1702 est

271 1721 452 1770 συνεκδοχιῗ
477 1718 612 1770 τρίπος.
667 1721 719 1759 D.

328 1793 382 1835 35
411 1777 536 1836 Qasi
552 1774 679 1827 neceffie
693 1772 771 1826 stt,
791 1773 835 1827 fi
846 1774 931 1814 huic

270 1850 352 1877 non
370 1836 442 1881 det,
461 1847 496 1874 te
513 1832 612 1873 illam
622 1845 774 1871 vxorem
785 1831 930 1885 ducere]

273 1890 453 1933 Ostendit
476 1887 639 1936 ἐνθύμημα
659 1885 836 1927 vitiosum
855 1886 930 1926 hoc

272 1945 366 1996 esse,
386 1948 427 1985 in
440 1959 528 1997 quo,
550 1947 670 1984 altero
681 1940 836 1992 sublato,
847 1957 930 1982 non

271 2000 484 2045 neeefl‘ario
528 2002 689 2042 alterum
736 1999 931 2051 relinqua-

273 2072 345 2100 tur.
400 2063 452 2100 D.

328 2117 381 2169 36
394 2111 485 2167 Nifi
494 2112 604 2159 vides,
615 2108 785 2163 nififinis
797 2113 931 2151 amicos

270 2187 370 2221 oras,
404 2167 538 2223 ambis]
575 2171 662 2224 Hoc
686 2167 832 2208 laborat
855 2172 933 2211 Da-

271 2241 364 2276 uuS‚
393 2223 721 2277 quemadmodum
740 2225 931 2264 Philume-

271 2297 365 2324 nam
383 2281 575 2322 Charinus
604 2281 765 2332 propriis
792 2280 929 2320 labori-

271 2341 342 2379 bus
362 2346 627 2390 promereatur
645 2348 815 2376 vxorem.
845 2336 933 2390 Ntfi

270 2397 389 2441 vides,
428 2391 504 2444 mfi
520 2392 626 2444 finis
653 2393 796 2433 amicos·
823 2393 926 2447 oras]

270 2447 485 2492 Artificiose
532 2449 665 2489 Dauus
713 2449 927 2489 Charinum

273 2508 423 2554 excitat,
438 2516 485 2553 vt,
498 2503 522 2542 fi
540 2503 624 2543 fieri
635 2503 758 2556 poffit,
772 2504 930 2544 adiuue-

266 2575 332 2603 mr
363 2562 568 2615 negotium
594 2558 806 2612 Pamphili,
835 2560 928 2602 dum

1588 1304 1675 1370 si-

980 1438 1048 1479 ille
1086 1437 1154 1480 fibi
1192 1437 1383 1492 prouidet.
1451 1437 1544 1491 Nifi
1581 1440 1636 1477 vi-

981 1496 1067 1551 des]
1104 1495 1305 1536 Prouides.
1359 1493 1514 1549 Ambis]
1553 1497 1635 1535 Ma-

980 1564 1146 1606 gnarum
1176 1565 1306 1591 rerum
1337 1551 1565 1592 defiderium
1595 1561 1635 1589 et
1656 1593 1667 1599 Χ

980 1609 1185 1661 appetitus,
1197 1607 1347 1647 ambitio
1360 1608 1505 1647 dicitur.
1533 1610 1634 1648 Con-

977 1663 1124 1703 firmata
1143 1676 1186 1702 re
1202 1678 1223 1703 a
1238 1662 1343 1702 fastis
1362 1674 1401 1703 et
1418 1679 1439 1702 a
1451 1663 1636 1714 personis,

979 1717 1418 1760 deliberatiuanascitur.
1475 1725 1525 1761 I).

1035 1788 1054 1818 1
1094 1778 1202 1815 Haec
1236 1773 1350 1814 scena
1388 1775 1634 1814 deliberatio·

980 1844 1072 1872 nem
1091 1832 1268 1871 continet
1283 1832 1384 1872 Daui
1402 1844 1440 1871 et
1458 1830 1635 1882 Pamphi-

979 1888 1016 1928 li.
1061 1891 1108 1928 Et
1143 1887 1249 1928 bene
1276 1889 1405 1942 igitur.
1457 1889 1497 1927 Si
1525 1887 1634 1925 enim

976 1941 1093 1983 falsae
1120 1942 1205 1983 sunt
1221 1945 1389 1995 nuptiae,
1419 1942 1511 1994 quid
1530 1943 1635 1994 cogi-

971 2004 1060 2041 tat?
1084 1997 1316 2039 stomachose
1342 2000 1457 2038 etiam
1481 1998 1553 2037 hoc
1579 1999 1634 2037 di·

978 2058 1035 2097 xit
1047 2054 1123 2108 sthi
1148 2055 1238 2095 volt.
1285 2055 1473 2107 Virgilius
1511 2057 1632 2106 (Aen.

979 2123 1035 2161 vl,
1057 2116 1180 2165 318.)‚
1222 2110 1330 2167 ‚Quid
1345 2111 1424 2161 vult
1444 2110 1634 2160 concurfiaes

979 2169 1030 2210 ad
1047 2169 1216 2214 amnem?
1270 2169 1320 2207 D.

1033 2224 1137 2278 ‚Quid
1164 2226 1280 2279 igitur
1294 2222 1371 2276 fibi
1398 2223 1478 2260 vult
1498 2226 1635 2273 pater?

980 2294 1047 2320 cur
1064 2280 1264 2333 si'mulat?]
1296 2283 1410 2321 Nunc
1428 2280 1632 2329 quaeritur,

979 2350 1045 2376 cur
1071 2335 1188 2377 falsae
1213 2336 1371 2387 nuptiae
1397 2333 1593 2385 fingantur
1611 2348 1634 2373 a

978 2403 1098 2445 patre.
1156 2396 1203 2432 Et
1228 2391 1301 2431 hoc
1328 2391 1416 2429 loco
1446 2389 1635 2429 delibera-

978 2451 1031 2488 tio
1054 2447 1125 2498 est,
1154 2449 1196 2486 in
1218 2461 1292 2498 qua
1311 2443 1494 2496 persuafio
1516 2447 1636 2484 comi-

977 2515 1101 2545 netur.
1158 2503 1357 2544 Deliberat
1384 2514 1554 2552 namque
1581 2515 1634 2540 an

977 2561 1207 2616 polliceatur
1224 2559 1322 2612 patri
1340 2557 1572 2611 Pamphilus,
1595 2555 1634 2596 se

1545 2626 1633 2653 VXO-
1699 2621 1702 2623 ’
