1815 3168
494 157 496 160 “
532 152 621 198 DE
667 149 1072 199 TERENTIO.
1379 156 1449 191 ιν

98 273 237 321 Crescit
252 284 382 314 tamen
401 270 606 327 frigidum,
636 284 725 311 cum
744 269 850 310 addit
867 269 985 309 alter:

203 332 304 383 Opus
313 332 405 383 sicce
423 332 466 380 eJt
484 343 519 368 et
537 330 674 368 viatico
692 327 742 367 ad
761 339 868 366 tuum
885 337 1026 372 nomen,
1051 336 1095 362 vt
1113 333 1156 362 tu
1172 320 1375 374 praedicas.

97 392 208 440 Quae
225 387 251 425 fi
271 386 414 437 pedem
433 398 553 424 vnum
575 395 684 423 extra
699 385 869 424 Scenam
884 382 1007 424 feras3
1039 379 1213 431 protinus
1240 375 1449 428 putiscent:

94 457 222 495 neque
239 442 286 481 ad
306 439 408 481 vsum
426 442 606 493 applicari
627 450 820 492 poterunt.
880 437 1022 489 Qualia
1039 447 1114 474 nec
1132 434 1263 486 Scipio
1276 444 1352 470 nec
1364 436 1451 472 Lae-

94 502 186 548 lius,
215 499 285 538 flos
314 497 545 544 nobilitatis,
571 498 635 536 vel
662 497 704 534 in
733 496 861 534 Scena
889 488 1171 545 approbassent.
1229 486 1453 528 Plutarchus

95 566 216 604 certe,
253 565 358 593 extra
384 553 601 592 liberalium
631 551 778 591 theatra
810 563 851 589 ac
879 549 1096 595 doctorum,
1137 543 1262 585 libere
1288 544 1451 597 relegat.

93 611 254 654 Ridiculi
272 611 379 649 enim
401 623 443 648 ac
465 609 591 659 inepti
606 605 700 656 sunt,
733 607 800 658 qui
826 605 975 658 plebeis
993 614 1142 643 tantum
1161 599 1271 640 scribi
1285 600 1455 640 Comoe-

34 716 37 720 Δ
95 667 196 717 diam
215 666 434 706 existimant
445 679 457 713 3
486 678 575 704 curn
594 678 673 703 non
691 664 818 702 minus
839 661 999 701 eruditis
1019 658 1213 699 scribatur.
1272 653 1395 707 Quod
1414 663 1454 694 et
1492 666 1495 676 ¹

92 724 244 765 Flaccus
272 720 402 770 sciuit3
432 722 501 773 qui
520 734 601 760 non
618 719 700 758 fine
715 716 846 758 ‘causat

205 779 389 826 Creditur,
410 792 454 817 ex
470 778 588 816 medio
609 778 697 829 quia
718 789 776 815 res
794 770 948 827 arcessit,
967 770 1098 811 habere

200 836 360 876 Sudoris
378 835 567 872 minimum
579 847 595 875 ‚·
609 832 684 883 sed
705 831 812 871 habet
830 829 1027 870 Comoedia
1044 838 1157 868 tanto

204 892 294 931 Plus
316 893 436 929 oneris
450 918 460 937 ,
490 901 630 942 quanto
650 890 778 927 veniae
797 890 929 926 minus.

93 946 249 989 Deinde
267 958 393 986 autern
403 946 524 986 Plauti
547 956 585 985 et
602 941 794 985 Doffenni
814 943 931 982 vtitur
951 939 1156 991 exempIO,
1187 948 1285 989 quos
1307 933 1458 975 securos

96 1004 147 1043 de
170 1003 320 1042 iudiciis
349 1002 546 1041 doctorum
574 1001 637 1039 ait.
698 1003 746 1040 Et
773 998 868 1038 ha'ec
896 998 944 1037 ad
966 996 1167 1041 diuinum,
1202 1004 1240 1032 vt
1268 993 1343 1031 iam
1365 991 1459 1038 dixi,

95 1073 138 1098 ac
158 1058 350 1098 subactum
370 1059 411 1097 in
432 1057 491 1096 his
511 1056 753 1107 Principem,
790 1056 896 1093 cuius
924 1065 1000 1094 nec
1029 1050 1215 1091 iudicium
1236 1061 1309 1088 nec
1335 1057 1462 1086 caete·

96 1130 228 1155 rorum
256 1116 440 1168 ignorare
469 1126 516 1152 ea
542 1111 768 1162 tempestate
800 1111 940 1163 potuit.
995 1111 1042 1149 Et
1063 1108 1167 1145 cuius
1185 1105 1374 1144 iudicium
1396 1115 1459 1142 ve-

96 1172 170 1211 reri
199 1167 407 1216 debuiffet‚
440 1168 510 1208 nifi
541 1168 646 1207 idern
667 1169 827 1207 aliorum
856 1162 998 1205 fuiffet.
1054 1166 1138 1202 Iam
1156 1162 1222 1200 illa
1239 1159 1461 1213 Epicharmi

98 1228 282 1274 imitatio,
313 1238 350 1265 vt
376 1224 632 1269 festiuiffima‚
663 1225 733 1272 ita,
761 1222 789 1262 fi
818 1222 861 1262 fit
885 1221 1091 1272 frequens,
1120 1217 1269 1271 frigore
1297 1229 1381 1255 non
1401 1228 1461 1253 ca·

98 1295 169 1322 ret.
230 1285 343 1333 Quae
360 1280 422 1328 fit,
453 1294 541 1320 cum
561 1281 623 1319 vel
641 1278 732 1319 falsa
750 1288 1013 1331 opponuntur,
1035 1286 1102 1315 aut
1121 1272 1334 1319 subiectum
1347 1270 1462 1313 ,idem

101 1339 155 1380 est
174 1352 260 1378 cum
281 1338 513 1390 praedicato.
570 1340 626 1377 Vt
648 1349 734 1375 cum
751 1334 1004 1387 Epicharmus
1023 1332 1143 1371 dixit:

212 1393 309 1434 Τόκα
334 1393 395 1439 μὲν
426 1396 460 1431 ἐν
490 1389 596 1435 τήνοις
625 1391 695 1438 ἐγῶ
724 1387 780 1439 ἦν,
809 1389 895 1429 τόκοι
922 1388 962 1429 δέ
990 1387 1083 1433 παραὶ
1109 1384 1228 1430 πίνοις,

217 1450 320 1489 Tunc
338 1451 437 1488 inter
454 1446 536 1487 illos
552 1461 617 1502 ego
637 1461 756 1494 eram,
783 1459 868 1486 tunc
885 1444 983 1496 apud
1006 1442 1100 1482 illos.

102 1505 165 1546 Bis
183 1507 288 1544 enirn
311 1505 416 1544 idem
435 1504 550 1548 dicit;
581 1515 682 1554 quae
700 1502 755 1542 est
772 1501 871 1541 fraus
891 1502 933 1539 in
956 1499 1081 1539 verbis
1099 1506 1251 1548 praeter
1268 1491 1466 1546 exspeRa·

106 1563 265 1601 tionem.
323 1561 435 1600 Idem
454 1570 583 1599 autem
603 1557 656 1598 est
674 1571 764 1597 cum
784 1556 1007 1610 praedicato
1027 1553 1257 1594 subiectum:
1287 1562 1326 1592 vt
1353 1552 1397 1590 in
1422 1551 1465 1590 il·

106 1619 150 1656 lis
171 1617 324 1659 Cui-cul.
353 1616 436 1656 A&
457 1629 504 1663 v,
534 1616 662 1655 Scena
678 1627 745 1661 xv:

215 1673 318 1726 Qvi
334 1672 473 1711 homini
490 1670 562 1710 Dii
569 1670 667 1720 sunt
681 1669 856 1722 propitii,
880 1669 914 1706 ei
929 1680 1006 1707 non
1023 1662 1085 1719 effi
1103 1668 1224 1705 iratas
1238 1674 1343 1716 puto.

105 1728 236 1770 Sticho
257 1744 265 1767 ε

216 1785 252 1824 E
265 1782 370 1825 malis
389 1783 538 1832 multis,
571 1779 706 1822 malum
723 1780 822 1835 quod
837 1780 1035 1819 minimum
1054 1775 1120 1831 est,
1148 1777 1191 1818 id
1207 1776 1396 1817 minimum
1418 1771 1466 1827 est

828 1835 978 1879 malum.

109 1897 310 1950 Captiuis:

218 1955 301 1993 Hos
319 1965 407 2006 quos
424 1951 562 1991 videtis
574 1949 675 2001 stare
693 1951 862 2003 raptiuos
881 1947 984 1996 duos,

161 2010 170 2012 ‘⁷
217 2009 272 2048 Hi
287 2008 411 2060 stant,
443 2021 516 2047 non
529 2006 676 2058 fi’dent.
1000 2015 1003 2017 ·

110 2067 227 2117 Quae
245 2066 321 2107 iam
336 2065 441 2104 ‘doffi
461 2064 714 2117 collegerunt.
770 2060 889 2104 Vnde
908 2070 948 2100 et
964 2057 1074 2099 istam
1091 2056 1229 2098 summi
1237 2055 1372 2099 Critici
1380 2066 1471 2108 cen,-

112 2120 233 2162 suram
252 2121 411 2160 meruit:
1463 2130 1468 2134 ·

219 2178 374 2217 Plautus
392 2177 444 2217 ad
459 2177 644 2230 exemplar
663 2173 781 2215 Siculi
794 2184 995 2230 properare
1012 2170 1228 2226 Epicharmi

219 2234 389 2273 Dicitur.

63 2306 67 2315 ³
113 2291 349 2342 Quanquam
375 2287 470 2330 sane
497 2289 589 2330 alibi
607 2302 690 2329 non
720 2286 931 2327 inuenuste
951 2286 998 2325 iis
1022 2281 1106 2325 vsus
1125 2282 1190 2325 est.
1249 2281 1370 2333 Quae
1386 2282 1477 2322 ΜΘ»,

115 2347 266 2386 nander
288 2357 442 2399 tamen,
472 2358 510 2386 et
528 2347 658 2399 imago
678 2344 771 2392 eius,
800 2343 851 2383 de
868 2355 945 2396 quo
964 2353 1073 2380 nunc
1092 2340 1230 2392 agitur,
1247 2338 1475 2382 Terentius,

116 2413 296 2455 tanquam
325 2416 411 2443 cum
443 2403 615 2455 periculo
647 2401 872 2445 coniuncta,
900 2395 997 2438 serio
1027 2396 1220 2449 fugerunt.
1276 2395 1384 2434 Haec
1405 2404 1478 2445 pro

114 2459 209 2500 Viro
236 2460 404 2499 maximo
431 2460 618 2506 Horatio;
656 2469 792 2509 neque
828 2453 1010 2496 aduersus
1036 2454 1216 2506 Plautum
1247 2449 1347 2489 dicia
1375 2445 1476 2496 sunt,

117 2517 233 2566 q'uem
253 2529 447 2561 amamus,
474 2514 711 2568 suspicimus,
737 2513 948 2566 diligimus,
979 2523 1023 2550 ac
1040 2519 1299 2554 veneramur-5
1327 2515 1480 2553 verum,-

117 2580 160 2608 vt
189 2571 374 2611 iudicium
409 2571 458 2610 fic
485 2583 662 2611 acuamus
672 2584 683 2616 3
722 2568 832 2609 fimul
857 2579 897 2607 vt
925 2567 1029 2607 acuti
1054 2565 1131 2612 isti,
1160 2561 1266 2616 quod
1297 2561 1479 2601 videntur

119 2625 205 2677 fibi,
233 2628 284 2667 ita
308 2626 571 2668 facetissimum
601 2625 822 2680 scriptorem
850 2634 1002 2675 ament,
1041 2623 1199 2677 legant,
1238 2617 1398 2659 tracient
1426 2626 1481 2655 at-

805 2679 831 2721 d
862 2690 888 2735 5
1400 2684 1481 2724 que
