1815 3168
326 128 395 185 ⁶4

730 120 886 166 ACT.
921 119 952 164 Ι.
1002 118 1191 164 SCEN.
1228 119 1302 164 111.

464 247 689 313 Quicquid
707 243 953 312 peperisset,
977 246 1271 292 decreuerunt
1294 244 1463 292 tollere.

372 342 429 389 15
464 330 521 373 Et
544 323 718 385 fingunt
740 322 958 385 quandam
981 323 1092 366 inter
1123 321 1163 367 se
1188 338 1306 366 nunc
1329 320 1551 372 faHaciam,

463 404 620 448 Ciuem
641 401 827 445 Atticam
848 393 928 441 esse
954 395 1079 442 hanc.
1126 395 1208 441 fuit
1229 395 1334 441 olim
1356 391 1696 458 quidam‘senex,

461 480 709 523 Mercator:
749 487 907 518 nauem
929 473 963 516 is
985 470 1117 529 fregit
1135 469 1252 535 apud
1264 469 1465 515 Andrum
1488 468 1695 515 insulam:

461 557 507 600 Is
534 550 642 598 obiit
657 560 874 594 mortem:
910 546 972 592 ibi
996 555 1093 592 tum
1126 545 1238 592 hanc
1270 541 1452 592 eieffiam
1475 542 1697 607 Chry-fidis

381 771 544 824 Inceptio
572 766 620 820 est
648 766 871 816 amentium]
917 765 987 807 Iul.

327 827 454 871 Rufin.
504 824 617 868 Rhet.
667 825 710 862 iu
755 825 989 863 paronoma-

326 885 390 925 ἦε.
447 886 489 924 L.

389 953 440 993 14
466 934 872 993 Qicquidpeperiffit]
904 936 987 976 Ma-

327 997 453 1037 iorem
491 992 832 1045 reprehenfionem
869 988 986 1039 sonat,

327 1051 512 1106 quicquid
530 1046 749 1102 peperisset.
782 1049 927 1087 Pal-itur
949 1060 989 1086 e-

319 1110 413 1150 nim
441 1119 504 1147 aut
536 1104 742 1152 masculus,
779 1114 846 1142 aut
881 1101 988 1142 femi-

327 1178 399 1207 na:
430 1174 469 1203 et
500 1160 596 1201 solet
626 1160 757 1199 iustior
784 1157 862 1199 efl'e
881 1156 988 1198 causa

314 1219 511 1271 ¹tollendi,
543 1218 570 1258 fi
594 1229 740 1257 marem
759 1229 854 1255 vxor
873 1227 988 1267 pepe-

325 1280 386 1318 rit.
417 1275 481 1315 sed
507 1274 618 1313 nimii
646 1273 785 1312 amoris
806 1270 879 1319 est,
906 1284 988 1309 non

323 1333 545 1385 'exspestare
564 1328 656 1381 quid
675 1328 793 1366 tollas.
850 1326 986 1365 Decre-

324 1392 477 1431 uerunt]
517 1386 728 1425 Decernere
754 1382 808 1422 est
837 1382 887 1421 de
907 1396 987 1421 ma·

323 1447 417 1501 *gnis
437 1442 549 1483 rebus
562 1452 705 1480 certam
720 1437 894 1491 proferre
904 1436 988 1478 sen-

324 1502 499 1542 tentiam.
542 1497 647 1538 vnde
682 1497 799 1535 etiam
833 1495 988 1535 Senatus

324 1559 520 1599 decretum.
576 1556 627 1595 D.

378 1615 636 1654 Dea-eaerum
654 1607 804 1660 tollere]
832 1611 919 1648 Hoc
940 1620 989 1646 ex

324 1670 402 1714 ri'tu
458 1668 621 1718 antiquo
668 1663 986 1717 intelligendum,

328 1741 407 1781 quo
426 1724 556 1764 infans
576 1721 699 1761 statim
715 1731 832 1772 atque
860 1721 902 1758 in
931 1719 987 1758 lu-

326 1798 414 1825 cem
446 1780 589 1825 editus,
627 1777 736 1816 humi
763 1774 987 1828 deponeba-

324 1853 397 1882 tur.
467 1835 590 1887 quue
643 1833 765 1872 voluit
818 1834 986 1872 Soranus

323 1893 507 1950 Ephesius
528 1904 606 1943 cap.
627 1901 725 1929 xvn.
786 1887 913 1942 Qa're
931 1889 985 1926 in-

315 1955 427 2008 fans,
452 1950 538 1988 dum
548 1949 672 1999 tangit
692 1958 842 1992 terram,
861 1957 986 1983 vocem

325 2006 428 2050 dat?
463 2020 502 2043 eo
536 2004 635 2057 quod
658 2000 839 2052 infiaetam
865 2001 987 2054 tangit

325 2077 477 2108 terram,
505 2073 540 2099 et
556 2058 678 2101 tenuis
693 2056 859 2110 spiritus
879 2071 900 2096 a
914 2057 988 2095 luce

325 2120 552 2163 concutitur.
605 2118 662 2155 Eo
691 2114 860 2164 pertinet
876 2112 987 2154 Statii

324 2176 421 2220 illud
433 2173 577 2227 Syluar.
594 2183 625 2217 Ι,
637 2184 673 2218 2,
690 2182 777 2222 109.
789 2169 918 2209 tellure
930 2183 984 2207 ca·

320 2235 466 2275 dentem
491 2228 631 2277 Excepi
650 2228 861 2281 gremioque
877 2224 983 2276 fini.

1523 622 1697 666 Patrem

1098 777 1147 820 15
1185 767 1236 806 Et
1256 763 1424 821 fingunt]
1460 762 1699 816 Argumenti

1037 833 1184 874 partem
1214 833 1364 861 narrat:
1402 831 1441 860 et
1469 832 1550 858 non
1576 817 1700 857 credit

1036 877 1165 918 futura
1191 876 1379 930 <verbum
1398 878 1544 929 sutura
1576 873 1700 914 omifit

1037 931 1108 974 Ms.
1141 933 1320 986 Boend.)
1348 930 1427 973 esse
1460 944 1561 983 quae
1590 930 1697 978 dicit,

1038 1001 1077 1029 vt
1093 988 1252 1042 superfit
1297 990 1406 1028 locus
1448 988 1582 1028 errori.
1650 989 1702 1028 Et

1026 1045 1225 1099 fallaciam
1254 1058 1294 1085 er
1321 1045 1532 1100 quandam,
1567 1057 1620 1083 ne
1639 1054 1703 1082 ve-

1038 1101 1202 1142 rifimilis
1232 1101 1275 1142 fit
1307 1100 1385 1153 ipsa
1410 1101 1563 1140 {allacia
1581 1099 1702 1139 totius

1038 1158 1316 1198 contemtionis
1336 1168 1376 1197 et
1388 1157 1551 1197 vilitatis.
1583 1156 1708 1209 (Ver--

1037 1214 1087 1254 ba
1109 1212 1268 1254 obseura
1284 1225 1326 1253 et
1338 1223 1522 1265 corrupta.
1537 1212 1605 1252 Ed.
1619 1212 1701 1250 Ve-

1038 1282 1130 1311 neta
1164 1281 1280 1323 1490.
1317 1273 1435 1309 totius
1455 1268 1700 1307 contentionis

1038 1339 1074 1365 et
1122 1327 1296 1364 vilitatis.
1363 1324 1499 1366 Nihilo
1546 1322 1699 1362 melius.

1038 1383 1197 1423 Veneta
1213 1381 1331 1420 altera
1356 1391 1470 1432 1512.
1500 1379 1700 1418 contentio-

1038 1441 1096 1478 nis
1118 1451 1155 1477 et
1177 1437 1369 1486 militatis,
1393 1434 1626 1475 tantundem
1636 1447 1701 1474 ex·

1038 1495 1159 1547 pedit.
1195 1493 1353 1534 Malim-2
1381 1494 1496 1531 totius
1527 1503 1700 1532 commen-

1037 1564 1098 1591 tae
1115 1552 1296 1589 orationis
1316 1547 1499 1600 vilitate.)
1554 1550 1601 1588 D.

1099 1611 1146 1649 16
1183 1605 1276 1644 Fuit
1303 1602 1407 1650 olim]
1438 1602 1561 1645 Modo
1582 1604 1700 1645 totius

1038 1660 1209 1701 summae
1246 1670 1523 1714 argumentum
1550 1659 1698 1711 populo

1036 1728 1229 1757 narratur:
1259 1714 1324 1755 sed
1353 1726 1393 1753 vt
1420 1714 1533 1754 restet
1549 1711 1698 1765 aliquid

1036 1774 1083 1814 ad
1097 1785 1275 1820 errorem,
1294 1770 1501 1824 abrogatur
1517 1769 1625 1810 fides.
1658 1773 1698 1811 A

1035 1831 1261 1878 &twmtoerzxeii
1301 1827 1349 1866 ad
1383 1825 1558 1873 μιμητικδν
1592 1837 1697 1866 ‘tran-

1034 1886 1086 1927 fit.
1143 1889 1194 1929 D.

1087 1941 1175 1985 Post
1207 1940 1292 1980 olim
1311 1952 1418 1992 pone
1444 1938 1549 1986 hinc,
1585 1935 1623 1977 h.
1656 1950 1693 1979 e.

1036 1998 1217 2047 Athenis,
1246 2010 1298 2037 ne
1318 1996 1411 2036 ἰᾶιιε
1429 1994 1474 2034 fit
1489 1995 1532 2033 in
1549 1991 1694 2047 syllaba

1037 2054 1271 2108 posteriore,
1305 2063 1345 2092 et
1382 2062 1421 2092 vt
1456 2047 1584 2091 sensui
1611 2061 1694 2090 me-

1036 2111 1173 2151 dearis.
1232 2113 1273 2150 B.

1095 2166 1211 2223 18s15
1240 2164 1332 2205 obiit
1353 2161 1521 2210 mortem]
1566 2162 1692 2203 Plene

1034 2224 1158 2272 dixin
1178 2220 1285 2275 quod
1310 2233 1383 2260 nos
1413 2217 1507 2258 obiit
1525 2228 1688 2258 tantum.

323 2295 371 2334 Et
390 2291 547 2330 Sueton.
569 2282 620 2324 de
643 2287 806 2324 Nerone
824 2295 904 2334 cap.
925 2294 979 2321 v1.
1030 2281 1168 2333 Virgil.
1196 2281 1318 2330 (Aen.
1338 2290 1374 2325 x,
1394 2274 1508 2328 641.)
1553 2274 1691 2315 Morte

322 2348 451 2390 Natus
478 2372 487 2382 .
521 2372 530 2381 .
563 2349 710 2380 tantum
731 2339 834 2391 quod
857 2341 980 2377 exori-
1029 2336 1134 2376 obita
1161 2335 1283 2391 quales
1307 2332 1416 2386 fitma
1455 2328 1502 2381 ‹st
1527 2329 1690 2371 volitare

322 2400 509 2453 ennfhle,
529 2409 646 2449 paene
664 2406 708 2435 vt
727 2394 845 2434 radiis
859 2396 978 2446 prius,
1021 2391 1184 2449 figuras.
1238 2387 1412 2441 Recepzffi
1429 2384 1567 2436 orbam,
1592 2398 1689 2439 par-

321 2472 430 2516 quam
465 2467 565 2496 terra
603 2454 888 2506 contingeretur.
933 2453 979 2490 In
1028 2449 1129 2498 uam]
1168 2447 1331 2485 Paruam
1356 2453 1565 2496 propterea
1582 2442 1687 2482 adie-

321 2527 440 2570 quam
468 2522 551 2551 rem
577 2508 700 2550 multa
723 2505 771 2546 ab
799 2506 883 2550 aliis
910 2519 980 2547 uo-
1027 2507 1088 2553 cir‚
1111 2514 1149 2543 vt
1163 2501 1229 2542 fiat
1247 2499 1460 2546 verifimile,
1480 2513 1562 2539 nou
1580 2496 1687 2553 pofl'e

321 2583 410 2621 tata.
467 2569 510 2609 L.
1029 2558 1240 2602 eamfacile
1255 2555 1340 2598 suos
1352 2552 1575 2611 agnoscere.
1603 2557 1654 2598 D.
