1815 3168
491 157 1044 212 'HEAVTONTIM

118 308 180 353 45
221 290 504 336 Mediocriter
526 288 717 337 vestitam
744 288 855 336 veste
877 290 1069 350 lugubri,

220 370 323 412 Eius
347 368 468 411 anuis
495 365 626 418 causa,
656 367 828 430 opinor,
853 383 962 428 quae
987 376 1077 410 erat
1101 376 1293 410 mortua:

218 444 318 487 Sine
340 437 446 486 auro
467 453 562 486 tum
585 455 793 494 ornatam,
823 443 880 489 ita
904 442 963 487 vti
986 457 1094 502 quae
1117 450 1327 485 ornantur
1350 437 1445 484 fibi:

214 515 352 562 Nulla
374 515 484 561 mala
505 532 554 562 re
575 514 657 562 effe
681 516 915 582 expolitam
936 514 1163 562 muliebri:

133 735 188 788 46
234 733 322 773 Eius
353 737 460 773 anuis
502 734 626 788 cauffi]
677 736 733 774 M.

78 791 308 836 Varronem,
348 802 385 829 et
402 796 440 831 P.
462 791 662 844 Nigidium
683 791 734 828 vi-

78 860 137 885 ros
162 849 323 887 Romani
336 848 491 900 generis
505 846 733 886 doctiffimos

78 902 223 941 constat
250 916 332 941 non
351 903 461 942 aliter
487 902 635 940 locutos
655 900 732 941 effe

75 969 117 997 et
143 955 329 1008 scripfifl'e,
358 971 473 1009 quam
493 957 666 1008 senatuis
693 969 731 996 et

74 1014 230 1061 dormis,
253 1015 317 1065 qui
339 1014 393 1053 est
411 1014 556 1064 primus
569 1012 670 1053 casus
682 1012 728 1052 ab

74 1083 144 1118 en,
182 1069 287 1122 quod
321 1068 376 1109 est
410 1068 563 1109 senatus
591 1080 632 1109 ct
664 1070 730 1108 do-

73 1139 170 1166 mus,
226 1128 271 1168 C.

127 1182 216 1221 Eius
236 1180 360 1235 anuis]
392 1185 439 1223 A.
453 1181 602 1221 Gellius
614 1183 727 1223 Noa.

72 1239 187 1278 Attie.
226 1250 287 1286 lv,
323 1240 383 1280 16.
440 1236 583 1276 Probus
602 1238 641 1276 in
657 1240 729 1278 Ca·

72 1293 234 1332 tholicis.
253 1290 395 1334 Charis,
415 1293 479 1332 lib.
492 1306 523 1333 1.
552 1292 728 1332 Priscian.

71 1350 152 1388 libb
197 1364 248 1388 vi.
287 1360 325 1387 et
353 1362 429 1388 vn.
486 1350 594 1403 Qae
628 1350 728 1404 erat]

72 1410 120 1446 V.
146 1408 189 1446 C.
217 1405 323 1458 Qtae
344 1417 419 1443 tum
442 1417 535 1442 erat.
588 1408 629 1445 L.

125 1474 178 1514 47
211 1466 407 1499 ornantur
437 1458 532 1514 sthi]
569 1462 660 1499 Non
692 1470 730 1499 vt

72 1519 252 1570 placeant
287 1515 526 1554 amatoribus.
575 1519 729 1566 *Hone-

70 1574 147 1612 stae
181 1573 288 1610 enim
325 1572 505 1610 mulieres
548 1572 728 1611 reiiciunt

69 1628 228 1668 vestium
246 1625 392 1675 sordes,
421 1625 662 1678 honesteque
684 1627 726 1666 fi-

71 1684 112 1723 bi
135 1684 262 1722 vestiri
282 1683 457 1735 cupiunt.
515 1685 561 1725 C.

125 1744 322 1780 ornamur
340 1736 432 1793 fibi]
473 1740 519 1778 V.
549 1738 592 1779 C.
636 1738 724 1778 For-

69 1810 232 1836 mantur.
272 1796 502 1847 Hieronym.
539 1794 586 1833 ad
629 1798 729 1835 Gau³

69 1853 178 1891 dent.
209 1849 407 1897 φιλόκοσμον
432 1862 544 1904 genus
561 1851 726 1902 fi’mina-

69 1922 153 1948 rum
183 1907 246 1959 est,
280 1905 482 1959 multasque
513 1910 623 1945 etim
647 1906 725 1958 inst-

67 1969 150 2020 gnis
165 1964 366 2017 pudicitiae
390 1975 552 2015 quantur>
569 1961 657 2001 nulli
669 1964 723 2000 vi-

67 2033 206 2069 rorum,
235 2032 353 2058 tamen
368 2018 441 2071 fibi
458 2017 596 2069 stimus
614 2017 723 2058 liben-

68 2091 124 2117 ter
147 2077 289 2115 ornari.
346 2074 439 2114 Ideo
457 2075 596 2114 nimius
614 2088 724 2113 mun-

69 2132 140 2172 dus
166 2143 205 2172 et
227 2132 348 2170 cultus
368 2132 559 2171 meretrici
586 2128 722 2182 Potius,

70 2202 182 2240 quam
199 2187 318 2226 castae
332 2188 530 2226 conuenit.
563 2187 724 2226 Marcel-

69 2245 172 2284 linus
190 2245 231 2282 in
244 2247 485 2296 Hermogen.
517 2241 559 2279 τδ
579 2242 639 2287 μὲν
655 2241 723 2289 γοές

69 2300 184 2342 ἅπλῶς
203 2302 487 2347 καλλωπίζεσθαι,
515 2295 587 2337 ἔστω
614 2304 725 2344 σημεῖ-

69 2374 102 2394 ον
136 2363 295 2401 πορνείας·
332 2361 352 2399 ἡ
387 2354 424 2393 δὲ
459 2361 615 2401 συνέχεια
639 2359 730 2405 ποιεῖ

67 2412 127 2456 τήν
156 2411 312 2455 §mildam
365 2414 407 2451 L.

125 2472 177 2521 48
207 2465 438 2507 Nullaemala
449 2481 488 2506 re
501 2465 721 2520 expolitam]

71 2526 159 2564 Hoc
178 2522 243 2569 est,
275 2535 355 2561 non
373 2522 576 2562 fucatam..›
611 2522 721 2563 Mala

73 2579 183 2619 enim
206 2593 227 2618 a
243 2577 492 2617 similitudine
507 2577 619 2624 mali,
649 2578 721 2618 hoc

73 2634 137 2685 est,
152 2634 267 2686 pomi,
280 2647 424 2674 nomen
435 2631 605 2674 affumfit.
621 2637 722 2675 Nam

1305 587 1445 650 Capil-

783 733 822 773 id
847 732 918 781 est,
947 731 1051 785 quod
1078 732 1318 785 praeeminet
1337 730 1442 768 inter

784 787 926 837 nasum,
946 790 1075 828 oculos
1098 800 1137 827 et
1148 788 1319 834 buccam,
1334 785 1442 837 quod

783 844 990 885 rotundum
1020 844 1094 889 est,
1135 854 1174 884 et
1203 844 1245 882 in
1273 840 1441 894 speciem

781 902 881 941 mali.
939 898 1141 953 Muliebri]
1162 900 1233 938 Res
1252 897 1439 937 muliebris

784 957 838 997 est
859 956 986 1003 fucus,
1018 970 1095 1008 quo
1110 956 1289 995 mulieres
1300 954 1438 993 molles

783 1024 939 1053 rtuntur
968 1013 1015 1051 ad
1050 1010 1342 1065 expurgandam
1376 1022 1438 1047 cu-

779 1081 870 1108 tem.
893 1082 944 1107 ne
964 1066 1153 1122 rugescat‚
1187 1066 1249 1106 seu
1273 1064 1438 1105 soluatur

779 1126 820 1164 in
855 1138 984 1177 rugas,
1019 1124 1123 1176 quod
1150 1120 1437 1162 senescentibus

781 1182 984 1232 contingit.
1040 1181 1085 1220 C.
1242 1218 1244 1220 .

836 1235 951 1275 Nulla
979 1236 1073 1274 mala
1100 1234 1157 1288 re]
1187 1232 1368 1284 Plerique
1396 1244 1436 1270 o-

779 1305 909 1341 mnes,
942 1304 1038 1343 quos
1059 1290 1147 1338 vidi,
1174 1287 1298 1340 scripti
1320 1287 1433 1327 codd.

779 1347 896 1387 Nulla
921 1349 1052 1387 malam
1079 1361 1118 1386 re
1138 1357 1210 1386 etc.
1240 1355 1355 1395 atque
1371 1356 1433 1382 ex-

779 1405 938 1455 plicatur
956 1404 1068 1451 mala,
1101 1403 1141 1441 id
1167 1402 1237 1450 est,
1268 1398 1433 1439 maxilla.

778 1461 898 1498 Plaut.
922 1458 1077 1502 Mostel.
1103 1471 1132 1505 Ι,
1148 1470 1183 1510 3,
1199 1469 1286 1499 101.
1324 1456 1436 1511 ‚Quid

779 1514 909 1567 ceruffiz
937 1527 1024 1566 opus
1050 1513 1119 1565 est?
1147 1518 1225 1554 ΡΗ.
1251 1525 1338 1550 nam
1367 1512 1435 1563 qui

777 1571 890 1610 malas
913 1570 1082 1610 oblinam.
1134 1572 1237 1621 Ergo
1257 1567 1435 1620 genuina

775 1638 853 1673 erat
880 1627 1116 1679 Antipliilae‚
1136 1638 1218 1664 non
1227 1622 1352 1663 fucata
1370 1632 1434 1660 aut

775 1681 989 1734 purpuriffo
1015 1684 1080 1721 lita
1103 1680 1234 1720 facies.
1275 1679 1345 1718 Res
1356 1691 1432 1717 mu·

775 1738 903 1778 liebres
930 1750 1039 1777 vocat
1066 1738 1268 1790 pigmenta
1289 1747 1327 1773 et
1345 1734 1432 1772 reli-

776 1797 867 1846 quas
890 1794 1067 1842 offucia83
1093 1791 1229 1844 quibus
1247 1790 1431 1829 mulieres

773 1849 850 1889 sese
881 1863 1031 1903 wigere
1060 1845 1361 1893 consueuerunt‚
1394 1856 1433 1884 vt

773 1906 1014 1958 pulchriores
1058 1904 1273 1943 videantur.
1328 1905 1430 1941 Nam

773 1972 812 2001 vt
829 1963 881 2000 ait
899 1961 1136 2012 Pomponius
1151 1960 1214 2000 IC.
1233 1959 1256 1997 l.
1271 1969 1335 1999 21.
1347 1959 1378 2005 §.
1392 1969 1425 1996 1.

771 2017 896 2057 Etiam
926 2032 994 2071 quo
1024 2017 1263 2071 elegantiores
1286 2012 1367 2065 sint
1395 2025 1431 2051 et

772 2076 979 2114 mundiores
988 2105 997 2123 ,
1030 2087 1079 2112 vn
1081 2084 1223 2127 guntur
1236 2114 1243 2121 ⁶
1246 2070 1404 2119 feminae
1412 2082 1429 2104 .-

770 2134 878 2172 Zeno
899 2133 1043 2170 Veron.
1058 2131 1249 2169 Sermone
1260 2125 1309 2163 de
1323 2125 1430 2164 Con·

772 2187 946 2233 tinentia,
968 2184 1130 2225 Colorem
1142 2184 1185 2222 de
1200 2181 1340 2234 pyxide
1351 2192 1429 2220 mu-

773 2255 930 2283 tuantur
970 2252 1040 2281 ete.
1098 2239 1285 2289 Ideoque
1323 2237 1429 2276 inter

771 2297 961 2337 mundum
998 2295 1229 2336 muliebrem
1254 2291 1429 2331 reserun-

773 2365 836 2403 tur
860 2364 1077 2406 vnguenta,
1106 2347 1189 2390 vasa
1214 2347 1430 2401 vnguenta·

771 2411 837 2457 ria,
867 2421 905 2448 et
927 2409 951 2448 fi
974 2421 1072 2460 quae
1088 2406 1232 2447 similia.
1271 2404 1428 2454 leian.

772 2467 795 2504 l.
818 2479 881 2520 Ως.
904 2470 936 2515 §.
966 2478 1023 2506 10.
1041 2463 1082 2503 ff.
1101 2463 1151 2501 de
1168 2474 1270 2507 aui-0,
1291 2472 1428 2512 argen-

771 2526 821 2561 to'.
858 2523 1048 2561 Lucianus
1068 2522 1106 2558 in
1125 2516 1343 2564 Amsffibus,
1363 2528 1427 2554 Kx-

771 2582 878 2625 9:2³⁵?
897 2583 930 2615 ἐκ
948 2573 1191 2624 φας’μακσπᾶλκ
1208 2577 1345 2619 orvi-{ihm
1369 2569 1426 2616 ὅχ-

771 2647 837 2684 aar,
854 2639 981 2680 ἀγγεῖα
993 2631 1077 2679 (affici
1096 2633 1218 2674 πολλῆς
1238 2633 1428 2671 κχκοδκιμο-

882 2692 952 2730 Oo
985 2702 1007 2744 3
1341 2690 1426 2725 νίας·
