1815 3168
628 85 1041 131 EVNVCHVS.

1420 97 1513 145 335

276 217 323 263 Si
345 231 429 278 qua
449 211 509 260 est
532 211 723 259 habitior
742 212 900 284 paulo,
931 209 1132 276 pugilem
1157 206 1239 256 effe
1262 212 1405 266 aiunt3
1446 212 1516 258 de·

375 291 541 340 ducunt
565 287 726 336 cibum.
759 284 762 288 ”

276 364 470 417 Tametfi
491 365 608 411 bona
625 362 684 409 est
705 373 872 417 natura,
893 361 1088 409 reddunt
1101 371 1304 407 curatura·
1324 363 1514 410 iunceaS.

141 623 244 664 Non.
265 620 464 673 Marcelli)
486 620 593 662 venit
619 618 716 659 haec
735 617 802 658 de-

143 678 313 717 clinatio,
370 680 420 717 D.

197 735 330 774 Vinc'to
341 732 502 786 peftore]
532 733 664 774 Macie
675 733 725 771 ita
738 729 801 769 de-

143 790 292 835 dudae,
316 799 355 827 vt
378 789 527 827 vinciae
548 784 624 828 effe
643 788 803 827 videan-

142 857 214 886 tur.
275 844 439 884 Graciles
449 844 564 898 flent]
586 844 749 897 Legitur
762 853 803 882 et

137 901 307 958 gracilae,
328 911 366 940 vt
387 900 640 940 declinauerit
654 904 802 940 Tereu-

143 961 218 999 tius
237 958 323 997 haec
340 957 495 1011 gracila.
551 959 593 996 E.

203 1015 329 1053 Vinc'to
371 1011 538 1066 pec‘tore]
586 1015 675 1055 Vet.
717 1011 800 1052 cod.

143 1071 275 1115 Vinc'lo
317 1080 480 1122 corpore.
537 1069 801 1121 Hieronymus

145 1126 196 1166 de
230 1124 384 1165 vitanda
410 1123 647 1175 suspicione:
679 1124 802 1178 Papil-

143 1182 200 1222 lae
223 1180 390 1234 fasciolis
418 1183 729 1233 comprimuntur,
767 1195 803 1220 et

147 1238 323 1289 crzspanti
358 1239 504 1293 cingulo
533 1238 720 1290 angustius
742 1249 802 1289 pe-

147 1297 223 1334 §tus
251 1293 433 1332 arclaeur.
494 1292 593 1331 lude
617 1293 721 1343 apud
737 1296 804 1331 Fe-

146 1349 263 1389 stum:
297 1347 473 1402 Cingulo:
491 1347 722 1399 appellabant
739 1348 803 1387 ho-

145 1408 273 1452 mines,
292 1406 357 1457 qui
377 1407 417 1442 in
437 1402 493 1441 his
511 1404 619 1452 locis,
651 1402 715 1443 vbi
733 1407 805 1442 cin·

146 1464 188 1518 gi
203 1461 310 1511 fidet,
328 1459 431 1509 satis
447 1458 541 1509 fiant
563 1473 696 1500 tenues.
756 1459 806 1499 Vt

144 1515 428 1573 gracilessz'ent]
447 1519 499 1554 lta
510 1513 703 1555 Ausonius
714 1529 807 1567 quo-

146 1587 246 1625 que:
277 1570 342 1611 sed
367 1571 512 1611 Probus
532 1573 702 1611 Gramm.
737 1572 808 1622 ‘Vt

145 1627 308 1685 gracilae
315 1625 426 1678 stent.
482 1629 524 1666 L.

159 1722 171 1734 ‚
203 1686 389 1732 Donatus,
407 1683 534 1733 inquit
553 1685 732 1733 Faernus,
752 1682 804 1722 le-

147 1742 205 1796 git
222 1739 394 1796 gracilae,
418 1738 551 1777 diceus
583 1754 604 1778 a
622 1738 805 1792 {iugulari

145 1796 290 1854 gracila
328 1795 460 1835 venire
499 1793 602 1834 hanc
637 1794 805 1834 declina-

146 1854 310 1894 tionem.
365 1855 445 1891 Nos
482 1851 700 1903 legendum
727 1848 805 1890 effe

147 1906 348 1962 censemus
385 1906 563 1963 gracilae,
594 1906 683 1959 quia
716 1907 802 1949 Val.

145 1964 295 2006 Probus
317 1979 353 2016 p.
381 1966 497 2017 1466.
518 1963 592 2012 ait,
624 1964 804 2004 Terenti-

147 2035 214 2060 um
239 2034 343 2060 noue
373 2017 511 2059 dixifl'e
535 2020 577 2058 iu
597 2019 692 2073 fing.
718 2019 804 2059 haec

145 2078 303 2133 gracila.
357 2078 399 2115 B.

202 2146 252 2186 23
291 2134 330 2174 Si
360 2145 430 2186 qua
463 2129 628 2173 habitior
659 2130 802 2185 paulo]

150 2189 269 2229 Vnde
287 2200 325 2228 et
345 2188 525 2228 habitudo
556 2187 721 2227 dicitur:
756 2198 806 2234 vt,

150 2243 255 2299 Qae
299 2244 477 2283 habitudo
522 2243 570 2297 est
616 2243 807 2297 corporis?

152 2314 244 2340 nam
267 2299 444 2350 habilior,
473 2302 596 2353 aptior
620 2299 808 2352 intelligi-

153 2367 225 2396 tur.
255 2367 294 2395 vt
310 2360 429 2409 (Aen.
461 2368 490 2398 1.
524 2360 657 2410 318.),
692 2359 806 2396 Nam-

153 2425 220 2465 que
256 2411 412 2453 humeris
443 2413 486 2452 de
520 2426 622 2452 more
654 2410 808 2451 habilem

141 2467 389 2521 fitspenderat
416 2482 554 2508 arcum.
612 2471 715 2522 Ergo
742 2468 806 2507 ha-

153 2522 271 2564 bitior
290 2525 500 2580 legendum
523 2524 587 2565 est.
633 2524 806 2580 Pugilem

152 2579 216 2636 gffe
249 2579 374 2634 aiunt]
413 2582 510 2621 Laus
529 2581 581 2622 ‘in
611 2582 807 2635 virginem

1449 490 1509 535 25

849 618 951 671 (Imo
986 615 1241 667 vituperium,
1285 627 1335 654 ex
1361 613 1516 655 senten-

851 675 903 713 tia
948 675 1152 723 matrum).
1219 670 1422 717 Deducunt
1471 673 1518 710 ci-

851 729 954 782 bum]
978 729 1083 768 Mire
1100 727 1517 778 vituperauitfomnam,

852 799 968 838 quam
1008 786 1244 823 accurauerit
1279 782 1414 822 fames.
1468 787 1517 826 Et

851 841 1012 895 proprie
1031 840 1230 881 deducunt.
1286 842 1334 879 D.

907 899 947 938 Si
965 910 1038 950 qua
1061 895 1107 948 est
1127 894 1293 935 habitior
1305 894 1437 949 paulo]
1476 895 1517 935 Si

852 953 908 994 est
939 955 1069 1006 aliqua
1105 952 1382 1004 corpulentior.
1438 951 1519 990 De-

852 1012 994 1050 ducunt
1049 1007 1200 1063 cibum]
1252 1008 1387 1049 Minus
1441 1006 1517 1047 cibi

853 1067 958 1106 daut.
1015 1068 1062 1106 E.
1410 1104 1412 1107 f

904 1121 1108 1175 Habitior]
1140 1121 1260 1160 Plaut.
1289 1118 1455 1169 Epidico
1485 1135 1515 1169 1,

857 1191 890 1229 1,
915 1187 949 1229 8.
1007 1176 1268 1230 Corpulentior
1306 1177 1434 1216 videre
1462 1189 1518 1215 at-

852 1249 921 1289 que
940 1234 1119 1277 habitior.
1182 1236 1223 1272 L.
1473 1265 1479 1272 .

909 1303 964 1342 24
993 1288 1261 1340 Tametfi‘bona
1291 1286 1338 1339 est
1360 1285 1517 1341 nazara]

854 1347 973 1394 Bona,
998 1346 1040 1385 id
1060 1345 1114 1384 est
1135 1345 1264 1395 plena,
1294 1356 1450 1395 magua,
1480 1354 1520 1383 et

854 1402 1026 1455 pinguis.
1080 1400 1270 1453 Reddam]
1309 1398 1516 1448 Exhibent,

856 1457 1075 1511 perficiunt.
1137 1455 1345 1510 curatura]
1402 1456 1517 1503 Cura,

855 1515 998 1554 mentis
1027 1511 1103 1553 est:
1147 1512 1327 1558 Curatio,
1356 1510 1519 1550 medici-

856 1583 952 1611 nae:
999 1570 1186 1609 curatura
1205 1597 1214 1615 ,
1271 1567 1516 1620 diligentiae.

854 1627 1024 1669 Iunceas]
1047 1628 1208 1665 Tenues
1222 1632 1263 1661 et
1271 1622 1442 1674 pallidas.
1463 1624 1520 1662 D-

909 1681 1084 1720 Reddam
1120 1692 1298 1718 curatura
1342 1678 1517 1732 iunceus]

854 1741 927 1778 Per
943 1736 1043 1775 hanc
1067 1748 1226 1788 operam
1245 1736 1297 1773 ita
1315 1733 1519 1773 instituen-

856 1794 894 1833 di
915 1804 953 1832 et
973 1794 1027 1832 ita
1047 1790 1151 1832 cibos
1170 1790 1315 1837 dandi,
1348 1789 1519 1829 reddunt

854 1851 1025 1902 virgines
1052 1849 1171 1888 iunco
1202 1846 1366 1895 similes,
1408 1845 1518 1897 quod

854 1905 999 1945 herbae
1027 1917 1154 1958 genus
1183 1902 1237 1942 est
1256 1904 1308 1942 ita
1327 1904 1366 1941 iu
1389 1903 1519 1955 lougi-

854 1962 1033 2002 tudinem
1065 1958 1219 2012 aequali
1245 1957 1364 1998 modo
1386 1971 1519 2010 porre-

853 2019 976 2066 &um‚
1005 2026 1043 2056 vt
1065 2017 1172 2056 nulla
1193 2028 1264 2067 per
1284 2028 1420 2066 corpus
1454 2028 1519 2066 ap-

852 2084 986 2127 pareat
1027 2073 1091 2112 vel
1130 2071 1232 2111 uodo
1272 2069 1408 2110 affeea
1433 2073 1519 2123 pin.-

856 2130 1001 2185 guedo.
1055 2131 1113 2169 E.-

919 2182 1082 2234 Tametsz'
1104 2181 1219 2235 bona]
1255 2178 1340 2223 Mff.
1381 2181 1519 2222 Tamen

857 2241 932 2294 etsi.
989 2239 1159 2294 Iunceas]
1191 2236 1385 2279 Ausonius
1403 2238 1517 2290 Epist.

857 2313 893 2352 4.
950 2320 1007 2329 -—
1037 2297 1150 2350 plana
1165 2293 1223 2346 stc
1250 2297 1397 2334 iunceus
1422 2294 1520 2336 aluo.

856 2354 1091 2394 Prudentius
1130 2352 1173 2391 in
1211 2351 1382 2399 Eulalia,
1426 2363 1517 2402 131.

856 2435 911 2442 —
942 2408 1132 2461 carnifices
1148 2410 1288 2463 gemini
1317 2398 1522 2459 limceape-

857 2468 960 2506 flora
980 2467 1195 2507 dilacerant.
1254 2463 1419 2505 Caffiod.
1449 2462 1518 2504 lib.

857 2536 937 2563 vn.
982 2526 1069 2563 Var.
1122 2534 1188 2561 xv.
1255 2520 1520 2560 Columnarum

855 2581 1021 2638 iynceam
1066 2578 1347 2634 proceritatem.
1420 2576 1520 2616 Inde

1479 2644 1518 2673 ct
