1815 3168
312 163 411 225 43⁶

691 154 964 201 ACT.1V.
1001 151 1196 196 SCEN.
1231 153 1285 198 V.

449 286 534 336 Sed
562 277 706 330 Thais
734 281 874 329 multo
902 290 1002 327 ante
1030 278 1186 328 venit?
1223 280 1317 324 ΡΥ.
1348 292 1402 323 an
1424 276 1527 323 abiit
1549 277 1634 322 iam
1659 293 1684 321 a

549 355 720 410 milite?

452 436 562 487 Cn.
602 433 887 482 Iamdudum:
925 441 1123 477 aetatem.
1163 428 1261 475 lites
1282 427 1380 475 snnt
1399 428 1603 473 intereos
1626 427 1684 473 fa·

553 510 644 560 &ae
667 522 907 556 maxumae.

451 593 540 638 ΡΥ.
574 586 703 634 Nihil
736 585 863 636 dixit,
906 591 953 629 vt
983 580 1210 643 sequerere
1241 577 1351 627 sese?
1395 575 1506 627 CH.
1542 576 1687 627 Nihil.

551 661 629 710 nist
653 661 801 709 abiens
824 659 933 705 mihi
953 658 1115 704 innuit.

320 868 434 915 μηκέτ’
457 862 560 910 ὄντος,
589 861 630 904 ἐκ
659 866 723 900 ἐςῖν
751 856 885 905 Κύπρις.
929 862 983 898 Α·

322 924 467 963 chaeus
494 918 596 970 apud
625 916 877 957 Athenaeum
913 913 980 953 lib.

320 993 383 1027 VI²
415 989 480 1018 20.
538 974 583 1013 E'v
611 975 653 1019 τῇ
682 975 757 1018 κενῇ
784 971 854 1017 yde
882 977 982 1016 ’γαςςὶ

321 1039 385 1073 τῶν
414 1034 522 1071 καλῶν
558 1027 637 1076 ἔρως
662 1030 727 1066 όυκ
765 1025 824 1066 ἕςι·
852 1027 983 1063 πεινῶσι

324 1091 394 1138 ’γάρ
429 1095 447 1131 ἡ
475 1086 601 1132 Κύπρις
628 1087 740 1130 πικρά.
806 1079 982 1120 Achilles

321 1146 457 1187 Tatius
477 1149 610 1183 Amor.
631 1139 697 1178 lib.
720 1150 757 1179 2.
797 1136 887 1180 O'a'voc
914 1134 982 1184 γὰρ

325 1201 444 1248 ἕςωτος
461 1197 582 1245 τροφή.
612 1194 775 1236 Pulchre
795 1193 984 1245 Apuleius

324 1253 450 1300 Miles.
480 1253 546 1294 lib.
577 1263 613 1293 2.
673 1252 827 1291 Veneris
861 1249 985 1289 horta-

326 1329 389 1355 tor
421 1325 458 1353 et
490 1311 653 1364 armiger
687 1307 800 1346 Liber
835 1305 985 1344 aduenit

325 1372 454 1412 vltro;
491 1369 618 1405 vinum
647 1362 742 1402 illud
765 1360 984 1413 sorbeamus

325 1427 436 1467 hodie
463 1435 584 1471 omne,
610 1420 712 1473 quod
735 1416 840 1458 nobis
861 1416 984 1468 restin-

324 1496 419 1539 guat
430 1479 585 1534 pudoris
614 1477 823 1531 ignauiam,
854 1487 890 1513 et
909 1474 985 1512 ala-

325 1553 423 1579 crem
450 1539 615 1591 vigorem
640 1534 828 1572 incutiat:
857 1529 924 1568 hac
954 1543 982 1567 e-

325 1598 403 1636 nim
414 1590 598 1645 fi'tarchia
620 1591 811 1643 nauigium
834 1587 984 1626 Veneris

325 1653 470 1705 indiget
513 1648 615 1698 sola.
672 1644 761 1687 vid.
804 1644 986 1695 Fulgent.

326 1706 496 1762 Mythol.
523 1703 590 1743 lib.
609 1714 647 1744 2.
684 1703 794 1743 Seru.
813 1698 983 1741 Aeneid.

329 1778 366 1809 1.
427 1767 469 1804 L.

382 1822 531 1859 Omnes
542 1814 658 1855 nostri
668 1812 828 1861 habent,
852 1809 918 1862 est,
949 1820 989 1850 vt

326 1875 453 1919 Andr.
474 1886 528 1921 11,
550 1884 586 1922 5,
613 1884 674 1924 15.
740 1870 875 1906 Verum
896 1865 992 1906 illud

275 1950 276 1953 ¹
327 1931 480 1972 verbum
511 1927 568 1979 est.
610 1923 706 1966 1Sed
733 1924 870 1976 optimi
898 1922 989 1961 libri

327 1987 486 2033 Falerni,
518 1983 594 2023 erit
604 1996 620 2025 ,·
648 1992 726 2032 quo
752 1978 872 2019 verbo
892 1978 989 2017 anti-

306 2044 398 2098 .qui
428 2043 544 2082 etiam
575 2034 792 2090 praesentia
822 2045 861 2073 et
880 2046 989 2086 prae-

325 2102 437 2141 terita
456 2093 730 2151 fignificabant.
785 2092 918 2144 Igitur,
951 2104 985 2129 e.

327 2159 393 2206 rit,
413 2150 663 2195 retinendum
683 2159 871 2201 putamus.
901 2149 940 2186 B.

1625 745 1684 778 10

1085 857 1148 896 An
1175 853 1316 909 ohim]
1351 855 1399 894 V.
1428 852 1475 894 C.
1503 865 1598 893 anne
1625 849 1688 892 ab·

1031 914 1106 957 iit?
1159 914 1200 952 L.

1086 972 1214 1021 Lege,
1255 967 1328 1008 Sed
1355 966 1466 1007 Thais
1490 964 1606 1006 multo
1633 977 1690 1002 me

1032 1027 1244 1065 anteuenit?
1279 1026 1318 1063 P.
1356 1037 1450 1062 anne
1482 1021 1578 1062 abiit
1616 1030 1688 1060 etc.

1032 1081 1152 1129 Nam,
1184 1092 1276 1118 anne
1305 1076 1421 1127 abiit,
1444 1078 1554 1118 codd.
1574 1073 1694 1130 pleri-

1034 1147 1122 1186 que.
1178 1135 1287 1175 Abiit
1331 1133 1395 1174 hie
1442 1134 1497 1176 est
1543 1131 1693 1187 disylla-

1031 1190 1125 1231 bon.
1182 1194 1223 1231 B.

1087 1254 1108 1297 3
1129 1246 1358 1294 Iamdudum,
1377 1246 1551 1300 aetatem]
1573 1246 1690 1297 Quia,

1033 1306 1106 1342 iam
1118 1304 1270 1351 dudum,
1286 1302 1463 1342 infinitae
1470 1316 1602 1342 morae
1613 1300 1666 1341 est
1679 1315 1690 1339 :

1034 1359 1141 1399 addit
1157 1373 1327 1408 aetatem,
1349 1369 1389 1398 vt
1406 1357 1581 1398 ostendat
1596 1357 1693 1397 mul-

1034 1426 1114 1455 tum
1135 1413 1264 1455 abiiffe
1281 1416 1477 1467 temporis,
1501 1425 1539 1454 vt
1548 1413 1692 1453 faetum

1033 1470 1099 1512 est.
1156 1472 1387 1520 Iamdudum,
1409 1470 1586 1523 aetatem]
1616 1473 1692 1511 Pro

1032 1528 1253 1581 longinquo
1280 1539 1457 1578 tempore
1467 1541 1478 1574 3
1512 1527 1691 1573 Lucilius,

1041 1585 1090 1624 Vt
1125 1586 1259 1625 multos
1295 1583 1496 1637 mensesque
1529 1581 1692 1635 diesque:

1036 1642 1131 1681 Non
1151 1655 1271 1680 tamen
1280 1653 1445 1680 aetatem.
1501 1636 1692 1692 Aetatem]

1037 1698 1126 1745 Diu,
1150 1698 1450 1750 longinquoque
1462 1705 1638 1747 tempore
1650 1707 1693 1733 ac

1037 1754 1202 1806 prolixo,
1229 1765 1267 1793 vt
1286 1752 1341 1793 est
1358 1763 1472 1792 aetas.
1526 1754 1626 1793 Nam
1644 1750 1692 1789 fic

1039 1809 1203 1849 dicimus
1223 1809 1274 1853 de
1293 1809 1357 1849 die
1375 1819 1414 1848 et
1429 1808 1627 1856 dieculam,
1657 1820 1693 1844 a·

1038 1867 1293 1918 liquantulam
1313 1877 1469 1904 moram.
1526 1865 1575 1904 D.

1092 1924 1150 1962 Ex
1178 1921 1359 1961 omnibus
1394 1917 1504 1958 codd.
1536 1918 1693 1965 colloca,

1037 1977 1255 2029 litesfizc‘iae
1263 1979 1360 2028 Junt
1381 1978 1478 2015 inter
1493 1989 1552 2014 eos
1563 1988 1610 2013 m.
1647 1976 1689 2014 B.

1092 2046 1118 2087 9
1145 2032 1260 2073 Nzhz‘l
1275 2034 1374 2073 dixit
1395 2045 1487 2080 tum,
1506 2029 1693 2083 vtfi’que-

1038 2104 1121 2129 rere
1140 2089 1275 2143 sest?]
1323 2087 1454 2137 Nihil,
1495 2099 1690 2139 pronon.

1031 2147 1219 2199 Virgilius
1242 2148 1363 2198 (Aen.
1383 2157 1426 2194 v,
1443 2144 1581 2198 751.):
1612 2141 1692 2181 De-

382 2225 408 2263 7
440 2210 509 2251 Sed
531 2207 643 2247 Thais
671 2204 784 2244 multo
813 2216 899 2242 ante
924 2216 982 2242 ve·
1027 2213 1170 2256 ponunt
1195 2205 1337 2242 animos
1360 2202 1415 2240 nil
1437 2212 1591 2255 magnae
1608 2199 1694 2238 lau-

328 2268 444 2322 nit?]
475 2262 755 2316 Interrogatiue
781 2259 986 2310 pionunci-
1033 2259 1091 2298 dis
1107 2271 1257 2313 egentes.
1315 2256 1449 2305 Nihil,
1477 2253 1694 2308 nzfiabiene

329 2325 476 2366 andum
507 2321 593 2361 hoc.
648 2321 696 2358 Et
724 2314 816 2355 scias
844 2315 895 2354 de
926 2314 985 2354 his

304 2374 697 2432 .inter1·ogationibus
731 2372 831 2411 hanc
867 2369 988 2423 ipsam

328 2435 427 2484 esse,
455 2436 496 2474 in
518 2431 658 2486 quibus
678 2431 730 2468 ita
751 2428 981 2480 quaerimus,

328 2505 380 2539 vt,
403 2492 467 2545 qui
488 2492 797 2540 interrogantur,
830 2481 986 2536 respon-

327 2547 400 2589 furi
436 2546 549 2587 nobis
577 2543 615 2584 se
639 2542 748 2597 (quid
774 2540 986 2594 responsuri

326 2606 430 2646 nobis
450 2604 530 2655 fi‘nt
555 2604 616 2657 Z.)
652 2596 800 2641 nescire
827 2596 983 2638 videan-

307 2665 399 2705 “tuia
451 2662 501 2701 D.

1033 2315 1125 2355 mihi
1149 2313 1292 2368 innuit]
1329 2317 1504 2366 Apparet
1533 2309 1634 2363 quafi
1662 2310 1692 2349 i-

1035 2383 1153 2411 ratam
1171 2367 1370 2410 discesfifl‘e
1387 2367 1580 2410 Thaidem
1589 2380 1610 2406 a
1620 2366 1694 2405 mi-

1035 2429 1117 2477 lite,
1137 2438 1176 2467 et
1193 2437 1324 2466 tamen
1343 2426 1392 2466 fic
1413 2427 1557 2473 iratam,
1576 2433 1615 2462 vt
1632 2422 1693 2464 illi

1031 2486 1090 2523 ira
1098 2483 1295 2523 confilium
1305 2496 1388 2522 non
1401 2480 1600 2522 ademerit.
1630 2479 1693 2518 In·

1032 2543 1123 2585 nuit,
1143 2540 1281 2591 inquit,
1300 2553 1409 2592 quum
1420 2537 1552 2577 abiret.
1584 2538 1636 2577 D.

1086 2595 1221 2636 Abiens
1242 2595 1332 2635 mihi
1352 2594 1492 2648 innuit]
1522 2596 1626 2633 Inter
1645 2588 1691 2628 fi·

1031 2665 1122 2707 gna,
1152 2651 1292 2705 quibus
1312 2651 1534 2697 meretrices
1556 2646 1627 2688 suis
1649 2642 1688 2684 se

1583 2715 1684 2743 ama-
