1815 3168
621 110 1030 155 EVNVCHVS.

1402 125 1493 172 309

134 257 183 286 »ι
194 253 220 297 5
263 240 377 284 Cum
411 252 511 282 meo
549 235 772 300 decrepito
801 235 889 283 hoc
918 236 1153 284 Eunucho.
1189 237 1296 285 haec
1325 238 1496 303 superat

353 312 491 377 ipsam
513 311 752 358 Thaidem.

157 456 1455 511 ACTVSSECVNDISCENAIL

435 548 1174 590 GNATHO.PARMENQ

117 679 211 791 D
231 704 248 731 1
303 705 321 732 1
344 705 379 731 M
404 705 440 732 M
461 704 487 733 o
509 705 537 732 R
561 705 592 732 τ
618 705 643 732 A
665 704 691 733 L
711 705 735 732 ε
754 687 801 735 s!
842 687 1013 732 homini
1047 686 1186 733 horno
1219 686 1329 750 quid,
1367 703 1493 751 prae«

388 760 487 812 stat!
526 760 655 808 stulto
686 762 937 823 intelligens

113 995 199 1022 rea:
235 981 425 1033 siquidem
453 980 557 1020 hanc
581 984 774 1021 Parmeno

113 1036 192 1088 ipse
227 1039 396 1077 miratur.
451 1038 561 1077 Facie
593 1037 770 1092 honesta]

111 1097 172 1134 Sic
191 1095 300 1147 Virg.
311 1096 432 1146 (Aen.
454 1097 611 1146 1,591.)
640 1093 773 1133 Etlae-

112 1164 170 1189 tos
198 1150 313 1190 oculis
330 1150 476 1200 afflarat
504 1150 673 1189 honores.
730 1153 780 1190 Et

109 1220 202 1244 mox
213 1207 319 1245 idem
329 1222 343 1243 :
363 1209 423 1245 Ita
433 1220 489 1246 me
498 1205 558 1244 Di
565 1218 700 1252 ament,
714 1206 778 1244 ho-

111 1261 237 1312 nestus.
281 1262 340 1301 Ni
368 1276 434 1316 ego
456 1275 509 1300 me
526 1265 690 1314 turpiter
712 1262 776 1299 ho-

113 1319 169 1356 die
187 1317 248 1357 hic
265 1315 378 1370 dabo]
407 1318 465 1355 Ni
485 1316 592 1365 dabo,
611 1330 683 1369 pro
706 1317 775 1355 de-

113 1375 219 1412 dero.
260 1375 369 1424 Virg.
407 1374 526 1423 (Aen.
559 1385 611 1420 v,
659 1374 773 1424 542.)

110 1432 294 1485 Qamvis
312 1427 417 1478 fidus
453 1441 558 1467 auem
591 1427 687 1466 coelo
716 1429 775 1467 de-

111 1490 198 1526 iecit
219 1486 263 1524 ab
283 1484 366 1523 alm.
420 1486 469 1524 D.

164 1541 329 1584 Mirum,
359 1543 397 1578 ni
417 1540 499 1593 ego]
528 1540 674 1580 Mirum
705 1538 771 1587 est,

111 1599 251 1649 inquit,
279 1597 321 1635 ni
343 1597 507 1648 turpiter
530 1608 607 1648 ego
635 1594 697 1634 hic
716 1608 773 1634 ac-

110 1655 243 1705 cipiar.
299 1654 344 1692 Ε.

163 1777 216 1818 25
257 1763 350 1803 Cum
377 1776 455 1802 meo
489 1763 670 1816 decrepito
698 1761 771 1802 hoc

109 1819 314 1873 Eunucho]
346 1821 483 1858 Facete
499 1833 576 1858 meo
597 1818 645 1857 ad
664 1832 772 1869 para-

106 1876 214 1917 fitam
237 1875 378 1923 retulit,
403 1888 489 1913 cum
509 1874 671 1926 pulchro
692 1888 772 1913 mu-

108 1945 206 1972 nere
237 1932 478 1970 venientem.
530 1934 577 1972 Et
611 1943 772 1983 praepa-

107 1991 202 2029 ratio
229 1987 281 2026 est
309 1986 358 2026 ad
388 1987 614 2026 ducendum
639 1986 769 2028 Chae·

105 2058 210 2084 ream
229 2043 378 2096 potius,
411 2056 527 2094 quam
546 2041 769 2082 deformem

105 2099 348 2149 Eunuchum.
396 2099 596 2152 Decrepito
617 2098 685 2138 hoc
696 2101 768 2139 Eu·

107 2155 242 2209 ntccho]
293 2156 490 2207 Decrepiti
533 2152 620 2193 sunt
662 2154 765 2203 dieii,

111 2225 274 2264 quorum
291 2212 440 2262 crepitu
460 2222 498 2251 et
510 2211 703 2263 plangore
714 2210 767 2250 fa-

108 2269 240 2313 miliae
260 2266 414 2307 fuerant
432 2268 511 2306 iam
532 2268 769 2306 conclamata

108 2322 245 2362 funera
264 2323 357 2375 (vid.
377 2326 518 2364 Donat.
529 2322 579 2362 ad
590 2323 764 2375 Adelph.

106 2392 155 2429 n,
179 2392 215 2432 3,
237 2390 253 2419 1
267 2380 334 2430 L).
372 2380 472 2419 Haec
477 2379 636 2432 fiaperat
654 2379 769 2432 ipfizm

113 2433 310 2487 Thaidem]
341 2437 427 2475 Hoc
439 2435 487 2475 sic
498 2436 672 2487 accipias,
684 2450 768 2475 non

109 2491 317 2541 vituperari
342 2490 555 2540 Thaidem,
591 2488 657 2532 sed
688 2502 768 2531 tan-

112 2560 227 2598 quam
267 2544 490 2592 ὖπερβολικῶς
525 2548 612 2587 dici.
674 2548 768 2588 Ideo

110 2602 259 2644 addidit
279 2600 404 2657 ipstzm,
424 2602 524 2657 quasi
533 2604 680 2647 nimiae
689 2606 769 2658 pul·

1368 836 1491 892 Quid

823 980 1063 1020 chi-itudinis.
1090 984 1140 1022 Et
1148 980 1251 1020 bene
1262 981 1389 1033 ipfizm,
1402 995 1490 1034 pro-

823 1049 910 1088 pter
929 1051 1046 1088 quam
1067 1037 1189 1077 datur.
1244 1040 1294 1076 D.

880 1095 975 1133 Cum
992 1095 1174 1146 decrepito
1196 1092 1393 1147 Eunucho]
1411 1092 1487 1131 De-

829 1153 964 1202 crepiti
978 1175 981 1177 Δ
995 1149 1178 1189 dicuntur
1200 1151 1323 1203 magis
1353 1147 1463 1188 senes
1476 1162 1490 1196 ;

826 1205 1015 1257 {iquidem
1050 1207 1169 1259 longa
1197 1204 1396 1245 seneeute
1425 1206 1489 1244 vix

827 1262 937 1312 loqui
957 1259 1123 1314 pofl'unt²
1152 1273 1192 1301 et
1212 1261 1489 1301 tantummodo

824 1316 947 1356 fraffis
982 1318 1139 1356 vocibus
1173 1318 1407 1368 loquuntur,
1446 1330 1490 1356 ac

824 1370 911 1410 sunt
954 1372 1058 1423 quafi
1103 1373 1295 1424 quaedam
1334 1374 1490 1425 crepita-

825 1428 919 1467 cula.
976 1431 1019 1468 E.

876 1485 979 1522 Haec
993 1483 1154 1535 fitperat
1183 1483 1316 1537 ipfizm]
1359 1480 1491 1524 Prisci-

822 1552 885 1578 an.
907 1539 975 1578 lib.
999 1553 1060 1579 xv.
1091 1540 1241 1593 Papae!
1271 1541 1356 1578 haec
1376 1539 1489 1592 supe-

820 1608 883 1634 rat
908 1595 1033 1648 ipfhm.
1091 1599 1134 1636 L.

880 1716 899 1746 1
932 1704 991 1744 Di
1015 1707 1245 1746 immortales
1263 1705 1402 1746 homini
1422 1706 1485 1744 ho·

819 1775 879 1801 mo
901 1763 993 1815 quid
1015 1762 1204 1816 praestat]
1239 1765 1285 1802 In
1305 1762 1373 1801 hac
1397 1765 1487 1802 Sce-

822 1832 873 1857 na
899 1831 981 1857 non
1002 1818 1113 1867 stans,
1144 1817 1211 1857 sed
1233 1819 1335 1870 quasi
1354 1818 1485 1858 ambu-

819 1874 904 1913 lans
923 1872 1089 1926 persona
1117 1875 1319 1915 inducitur.
1379 1879 1486 1915 (jon-

820 1929 911 1969 stitit
939 1941 1070 1969 tamen
1092 1930 1394 1982 aliquantulum,
1426 1933 1485 1970 in-

820 1996 935 2024 tuens
956 1983 1188 2037 speiiatores
1205 2018 1215 2036 ‚
1243 1987 1336 2026 dum
1354 1984 1484 2026 secum

817 2042 998 2093 loquitur.
1056 2043 1247 2093 Exprimit
1272 2053 1400 2082 autem
1422 2056 1485 2093 pa-

818 2098 980 2146 ratitum,
1003 2108 1042 2136 et
1065 2095 1132 2136 sub
1159 2100 1239 2137 eius
1261 2099 1385 2138 verbis
1400 2113 1483 2138 cor·

819 2164 951 2205 ruptos
971 2166 1099 2193 mores
1122 2154 1163 2191 in
1187 2151 1482 2195 affentationem

819 2208 1004 2248 ostendit:
1046 2207 1195 2261 prorsus
1227 2221 1267 2248 vt
1292 2210 1481 2251 honestae

818 2277 979 2316 quoque
1008 2262 1195 2316 personae
1219 2267 1259 2304 in
1286 2265 1480 2307 huiusmo-

819 2321 858 2360 di
879 2321 990 2372 culpa
1008 2322 1198 2361 inuentae
1214 2322 1297 2361 fint.
1322 2325 1474 2374 vtalibi,

821 2376 1041 2429 Obsequium
1060 2379 1205 2427 amicos,
1234 2380 1375 2419 veritas
1399 2382 1481 2420 odi-

817 2447 877 2474 um
924 2436 1041 2485 parit.
1123 2435 1181 2473 Di
1227 2437 1479 2493 immortales]

818 2491 904 2529 Hoc
924 2491 1000 2527 iam
1019 2489 1131 2539 mire,
1152 2501 1192 2529 et
1212 2504 1282 2542 pro
1301 2490 1414 2532 seculi
1433 2507 1478 2533 ac

818 2558 1035 2598 temporum
1056 2546 1364 2598 reprehenfione
1380 2548 1479 2603 ,saty-

816 2604 897 2644 rice
911 2603 1140 2655 Terentius,
1159 2603 1264 2656 quod
1273 2605 1376 2656 apud
1388 2619 1479 2645 eum

930 2663 965 2700 V
997 2671 1021 2713 3
1384 2661 1480 2712 stul-
