1815 3168
299 93 394 152 692

703 91 862 136 ACT.
894 93 947 136 V.
989 93 1180 141 SCEN.
1218 97 1270 144 11.

435 215 660 279 Quicquid
687 233 771 278 ego
795 217 926 264 huius
950 219 1045 272 feci,
1079 221 1168 267 tibi'
1185 223 1387 288 prospexi
1410 236 1453 274 et
1472 225 1674 276 stultitiae

533 303 646 339 tUae·

436 369 525 415 Vbi
545 381 587 414 te
609 368 696 414 vidi
721 370 867 415 animo
881 366 962 415 ess'e
977 368 1144 425 omisso,
1167 383 1210 420 et
1222 373 1363 421 suauia
1377 378 1420 422 in
1435 378 1670 441 praesentia

343 462 364 494 1
378 464 406 492 0
448 451 573 503 Quae
595 441 740 496 essent,
766 448 908 508 prima
927 446 1102 500 habere,
1125 465 1269 513 neque
1281 451 1504 499 consulere
1518 455 1561 500 in
1576 454 1669 502 lon·

534 520 775 580 gitudinem
790 538 799 564 :

437 599 547 661 Cepi
569 602 797 648 rationem,
820 607 865 643 vt
885 613 1029 661 neque
1050 614 1215 660 egeres,
1237 617 1381 665 neque
1394 613 1439 650 vt
1458 604 1563 651 haec
1576 605 1670 671 pos-

532 672 592 717 ses
618 671 818 736 perdere.

432 747 520 795 Vbi
534 749 603 793 cui
618 747 761 794 decuit
770 749 931 812 primo,
953 744 1032 796 tibi
1046 767 1135 796 non
1148 750 1270 798 licuit
1279 769 1362 819 per
1373 764 1415 800 te
1424 755 1533 803 mihi
1546 756 1645 803 dare
1658 775 1671 813 3

435 823 540 870 Abii
562 822 614 868 ad
638 840 895 886 proxumos,
931 824 1010 871 tibi
1036 828 1112 889 qui
1135 839 1276 875 erant:
1315 830 1375 876 eis
1403 831 1597 878 commisi
1628 843 1672 880 et

534 898 713 944 credidi.

435 974 504 1021 Ibi
520 984 618 1020 tuae
641 971 843 1020 stultitiae
865 973 1034 1040 semper
1057 979 1138 1024 erit
1150 978 1425 1043 praefidium,
1453 982 1670 1048 Clitipho:
1734 1039 1736 1041 ¹

356 1203 379 1247 8
419 1193 611 1250 Qicquid
639 1208 703 1250 ego
733 1194 842 1234 huius
859 1193 960 1250 fici]

297 1256 424 1297 Huius
444 1251 639 1293 absolute:
667 1262 706 1289 vt
725 1265 795 1303 per
814 1249 960 1295 ἔκλειψιν

299 1309 395 1351 defit
413 1311 481 1348 rei.
536 1312 581 1348 111
600 1311 764 1359 Hecyra,
791 1309 851 1347 Ne
869 1310 961 1361 quid

290 1368 344 1421 fit
364 1367 471 1405 huius
492 1379 571 1403 oro.
628 1363 745 1412 Alibi,
776 1365 890 1403 Nihil
904 1380 960 1405 me

299 1421 614 1477 istiusfizc'turum,
625 1431 743 1472 pater.
803 1421 884 1476 Ego
898 1422 960 1460 hu-

298 1485 356 1521 ius
372 1481 472 1533 feci]
501 1479 665 1529 Semper
692 1477 821 1529 grauis
854 1479 959 1518 ince-

298 1538 383 1590 ptio
403 1535 599 1582 orationis,
631 1546 732 1584 quae
752 1535 958 1575 exordium

301 1592 415 1634 sumit
433 1606 454 1630 a
474 1591 721 1641 pronomine.
778 1591 826 1631 C.

354 1648 550 1704 Qicquid
576 1661 642 1702 ego
673 1646 797 1694 huius]
838 1648 959 1699 Quic-

298 1707 394 1762 quid
413 1718 490 1759 ego
510 1705 586 1743 tale
609 1703 696 1744 feei.
750 1707 792 1743 E.

356 1769 377 1812 8
410 1761 600 1818 Qicquicl
625 1760 731 1799 huius
751 1759 854 1815 fici]
882 1761 959 1800 Pri-

299 1817 415 1859 scian.
438 1817 504 1858 lib.
536 1830 596 1870 14.
655 1821 696 1857 L.

352 1888 380 1928 9
408 1877 542 1914 Animo
563 1871 705 1925 omissb]
728 1871 959 1927 Negligenti.

287 1931 418 1977 Alibi,
442 1933 495 1969 At
515 1931 610 1968 enim
629 1940 766 1967 metuas
794 1942 836 1966 ne
855 1930 899 1967 a'b
920 1942 959 1968 re

288 1987 371 2040 fi'nt
398 1984 590 2040 omtffivres
612 1983 751 2037 paullo.
806 1984 858 2023 Et
874 1986 958 2035 sita-

291 2041 362 2083 ‘uia
391 2057 480 2096 quae
511 2040 637 2094 cffint,
666 2043 786 2093 prima
806 2039 956 2095 habere]

297 2099 494 2141 Sallustius
527 2097 662 2152 (Catil.
704 2099 811 2149 36.)‚
850 2098 958 2152 Qae

291 2159 417 2210 prima
434 2153 605 2194 mortales
617 2153 768 2192 ducunt.
825 2157 876 2194 Et
878 2157 954 2206 pri-

297 2227 355 2253 ma
381 2211 499 2250 modo
524 2210 572 2249 ad
600 2209 776 2257 laudem,
804 2224 887 2249 non
909 2210 956 2249 ad

298 2269 480 2308 ordinem
517 2266 696 2318 pertinet.
754 2269 798 2304 ln
822 2269 954 2306 Eunu-

299 2325 385 2372 cho,
403 2322 518 2364 Nihil
529 2327 646 2375 prius,
667 2334 781 2374 neque
788 2324 952 2373 fortius.

297 2382 438 2421 Suauia
458 2384 496 2418 in
510 2378 740 2430 praefintia]
773 2380 953 2430 Volupta-

297 2433 353 2478 te&
381 2438 471 2475 licet
490 2439 528 2475 in
550 2437 760 2488 praqsenzia
781 2435 852 2473 {int
875 2433 952 2474 sua-

294 2507 375 2542 u‚eS,
405 2492 552 2544 semper
571 2503 700 2531 tamen
722 2489 847 2529 secum
869 2493 951 2530 iun—

291 2552 390 2590 &am
415 2548 561 2587 habent
579 2548 874 2599 poenirentiam.
905 2550 950 2590 C.

1606 1075 1664 1121 15

1011 1210 1146 1250 neque
1170 1196 1221 1238 de
1250 1197 1384 1241 futuris
1406 1214 1536 1244 curam
1558 1215 1672 1257 gere-

1009 1266 1082 1294 res.
1139 1257 1183 1295 E.

1070 1323 1115 1352 11
1151 1312 1236 1363 Cepi
1252 1313 1456 1369 rationem]
1487 1317 1535 1356 H.
1559 1329 1592 1356 e.
1613 1316 1672 1356 in·

1008 1367 1103 1405 ueni
1129 1367 1303 1408 modum.
1360 1370 1404 1409 C.

1068 1436 1117 1464 12
1151 1426 1291 1473 Primo,
1318 1424 1474 1467 u‘lnnon
1490 1429 1670 1481 licuitper

1010 1493 1043 1519 te
1064 1480 1157 1519 mihi
1178 1482 1281 1535 dare]
1313 1483 1360 1521 H.
1384 1495 1416 1521 e.
1438 1494 1476 1523 tu
1490 1498 1569 1523 non
1583 1498 1670 1536 per-

1008 1536 1155 1586 mifisti,
1198 1538 1272 1576 tuis
1301 1538 1470 1579 moribus
1489 1540 1670 1580 obfisten·

1011 1593 1124 1632 tibus.
1183 1594 1275 1639 Vel,
1308 1596 1387 1634 Tui
1420 1609 1548 1636 mores
1584 1611 1668 1638 non

1008 1648 1313 1701 postulauerunt,
1333 1664 1398 1690 me
1417 1652 1509 1692 dare
1520 1654 1672 1692 tibibo·

1009 1720 1059 1744 na
1078 1719 1175 1754 mea,
1201 1709 1259 1746 cui
1280 1708 1410 1756 decuit,
1431 1710 1455 1748 i.
1471 1722 1502 1748 e.
1527 1709 1669 1751 iustum

1007 1761 1079 1801 fuit
1104 1775 1169 1800 me
1197 1763 1291 1802 dare
1317 1763 1418 1803 bona
1443 1778 1548 1812 mea,
1579 1767 1668 1817 quia

1006 1820 1093 1858 iure
1119 1818 1288 1858 debebas
1318 1820 1415 1859 mihi
1449 1820 1667 1872 succedere,

1008 1874 1077 1914 nifi
1098 1873 1324 1915 obstitifl'ent
1341 1890 1481 1917 mores.
1539 1879 1582 1918 C.

1064 1932 1134 1970 Vbi
1152 1931 1293 1985 decuit]
1325 1933 1428 1983 Quia
1447 1934 1572 1985 primo
1593 1933 1664 1974 tibi

1008 1999 1090 2025 non
1114 1987 1214 2026 licuit
1231 1987 1336 2028 dare.
1395 1992 1478 2028 Hoc
1498 1992 1606 2029 enim
1627 2004 1668 2029 o-

1006 2044 1171 2095 ptimum
1192 2043 1245 2083 est
1263 2045 1498 2096 parentibus,
1515 2045 1666 2098 semper
1721 2069 1725 2072 ·

1006 2099 1092 2139 filiis
1122 2099 1225 2139 bona
1259 2100 1421 2141 tradere.
1479 2103 1556 2142 Sed
1589 2103 1664 2142 hoc

1007 2168 1094 2195 cum
1114 2156 1211 2194 mihi
1241 2170 1320 2196 non
1336 2158 1502 2207 licuerit,
1532 2160 1666 2211 proxi-

1006 2226 1071 2250 mo
1103 2212 1172 2251 tibi
1200 2215 1263 2265 qui
1292 2225 1372 2253 erat
1400 2215 1558 2262 tradidi,
1589 2215 1664 2254 hoe

1007 2268 1059 2308 est
1083 2270 1232 2317 leuiro,
1271 2271 1336 2321 qui
1366 2268 1533 2310 sororem
1559 2282 1664 2313 tuam

1004 2324 1108 2363 ducit
1132 2337 1302 2365 onrem.
1364 2331 1408 2367 E.

1061 2394 1108 2435 13
1141 2383 1204 2421 Ad
1225 2380 1439 2434 proximos]
1476 2388 1585 2424 Bene
1611 2385 1663 2424 ad

995 2441 1191 2490 proximos
1220 2438 1266 2478 ad
1291 2452 1385 2490 quos
1414 2438 1556 2492 speRat
1576 2440 1662 2494 post

1001 2493 1122 2533 filium
1147 2494 1375 2536 haereditas.
1432 2498 1481 2537 C.

1055 2563 1105 2604 14
1146 2551 1219 2591 Vbi
1265 2566 1349 2591 tuae
1381 2552 1567 2607 stultitiae
1603 2552 1658 2605 fit,

343 2606 395 2644 Et
411 2605 552 2656 suctum
573 2608 612 2642 in
636 2603 862 2656 praefintia]
898 2607 950 2644 Vt
990 2607 1233 2666 praefidium]
1268 2610 1381 2651 Circa
1394 2611 1530 2650 vielum
1543 2619 1659 2659 atque

291 2674 439 2706 tanturn
482 2658 697 2713 praesenna
744 2662 945 2713 cogitares,

1546 2664 1655 2705 vesti-
