1815 3168
544 110 1080 164 ιΗΕΑνΤΟΝΤΙΜ.

1388 117 1483 177 659

165 253 228 290 20
254 235 338 286 BA
354 251 401 286 e.
437 239 637 285 Etiamne
656 247 800 284 tecum
824 236 898 283 hic
919 253 990 284 res
1008 236 1119 284 mihi
1141 236 1229 292 est?
1268 236 1358 288 SY.
1399 246 1482 290 rni-

356 316 499 361 nime:
535 325 661 359 tuum
684 313 763 360 tibi
788 311 942 362 reddO.

255 387 374 437 BAC.
398 392 547 435 Eatur.
574 387 651 435 ΞΥ.
673 388 848 451 sequere
868 387 962 434 hac.
990 387 1116 441 heus,
1133 392 1321 437 Dromo.
1344 390 1479 441 DRO.

356 467 452 527 quis
476 480 546 509 me
565 463 686 510 volt?
706 467 781 509 SY.
804 466 958 525 SyrUS.
983 461 1117 511 DRo.
1145 465 1250 527 quid
1264 464 1425 512 estrei?

255 536 344 586 SY.
385 539 570 584 Ancillas
593 554 745 585 omnes
768 537 989 585 Bacchidis
1016 538 1192 586 traduce
1213 539 1300 586 huc
1328 541 1381 587 acl
1401 560 1479 590 vos

355 631 468 678 prop
475 630 560 660 ere·

253 686 302 736 D
315 703 345 735 R
359 703 408 735 ο.
446 688 780 743 Quamobrem?
817 684 846 734 S
859 701 906 734 Y.
942 704 1001 734 ne
1032 705 1233 753 quaeras:
1280 688 1478 747 efferant,

351 781 460 827 quae
483 765 625 811 secum
645 764 732 810 huc
753 762 1003 812 attulerunt.

252 839 452 905 Sperabit
461 840 648 886 sumtum
658 837 733 886 fibi
743 839 865 885 senex
873 839 1066 887 leuatum
1077 837 1159 886 esse
1168 839 1334 889 harunc
1345 842 1480 892 abien.

156 933 217 980 25
255 919 354 963 Nae
384 913 456 959 ille
492 915 599 961 haut
621 914 707 966 scit,
739 914 922 979 paulum
942 914 1076 969 lucri,
1109 927 1322 979 quantum
1345 919 1386 964 ei
1408 917 1478 965 da·

351 990 444 1035 mni
469 1000 687 1054 apportet.

251 1070 332 1113 Tu
361 1064 492 1110 nescis
524 1064 581 1117 id,
605 1064 724 1128 quod
744 1064 833 1119 scis,
855 1069 1055 1120 Dromo,
1087 1063 1118 1114 si
1138 1066 1285 1133 sapies,
1320 1064 1367 1114 D
1384 1082 1411 1114 R
1427 1081 1478 1116 o.

349 1149 523 1187 mutum
552 1140 682 1186 dices.

175 1277 230 1307 20
259 1263 351 1318 Hic]
380 1264 427 1303 In
445 1261 677 1312 hacre‚vtad
692 1266 775 1305 Me-

119 1322 333 1361 nedemum
352 1319 537 1359 traducat,
593 1319 655 1359 Est
667 1321 774 1359 enim

121 1390 211 1416 curn
232 1377 538 1428 interrogatione
548 1376 774 1429 legendum,

117 1434 189 1479 ita,
217 1443 256 1471 vt
281 1442 418 1484 neget,
445 1445 527 1474 non
554 1429 701 1471 venisse
729 1444 775 1471 ea

119 1489 255 1543 gratia.
316 1489 361 1528 C.

175 1544 345 1583 Etiamne
363 1541 417 1581 est
436 1542 575 1594 adhuc,
593 1544 767 1594 amplius,

118 1599 276 1639 diutius.
352 1601 445 1638 Non
492 1600 609 1651 igitur
655 1611 774 1652 aegre

118 1655 214 1703 fert,
249 1654 355 1706 quod
376 1668 466 1694 curn
492 1653 599 1693 seruo
626 1654 693 1694 fibi
713 1667 773 1694 res

118 1711 186 1760 {313
215 1709 279 1750 sed
306 1711 409 1763 quod
436 1721 514 1750 tam
540 1710 606 1749 din
636 1721 675 1749 et
699 1709 774 1750 fru-

117 1767 192 1807 stra
202 1781 213 1814 ς
251 1780 339 1806 cum
369 1767 449 1806 eius
480 1763 684 1818 promissae
710 1767 777 1807 de-

119 1836 206 1862 cem
246 1823 379 1862 minae
423 1835 507 1861 non
555 1832 774 1873 appareant.

118 1877 342 1931 Respondet
357 1880 484 1930 Syrus,
506 1879 680 1924 Minime,
720 1878 776 1916 di-

118 1935 239 1974 utius:
269 1934 403 1975 Reddo
424 1933 493 1972 tibi
520 1946 644 1980 tuum,
675 1932 714 1973 h.
740 1946 774 1972 e.

119 1990 228 2043 quod
260 1989 330 2029 tibi
356 1990 548 2042 pollicitus
579 1987 671 2029 sum.
715 1987 774 2030 Cf.

118 2047 235 2089 Adel.
257 2059 305 2093 11,
325 2058 360 2093 2,
379 2058 446 2098 41.
504 2048 545 2085 B.

177 2114 228 2144 21
258 2100 394 2148 Eatur]
421 2102 509 2143 Cito
526 2101 706 2150 fleffitur,
739 2110 777 2141 et

121 2159 212 2210 quia
229 2159 369 2198 mulier
389 2167 430 2196 et
450 2158 645 2206 meretrix,
674 2169 778 2209 quae

120 2213 282 2253 trahitur
319 2213 479 2252 minimo
513 2214 666 2252 lucello.
729 2215 777 2253 Et

121 2282 231 2308 eatur
241 2267 557 2321 impersonaliter,
578 2282 615 2321 q.
630 2268 666 2308 d.
678 2282 699 2307 a
710 2281 777 2315 me,

122 2326 188 2366 vel
205 2339 228 2364 a
247 2327 337 2365 meis
354 2325 507 2364 ancillis.
564 2326 612 2366 C.

143 2411 148 2418 ,
175 2380 332 2434 Sequere
356 2381 439 2427 hac]
467 2377 537 2422 Ms.
557 2383 601 2421 R.
618 2379 778 2434 fiquere

122 2451 179 2478 me
197 2437 280 2477 hac.
337 2441 381 2478 L.
698 2451 701 2454 ⁴

178 2505 230 2545 23
262 2491 526 2546 Qamobrem]
556 2493 705 2533 Dromo
724 2501 776 2532 vt-

120 2559 216 2603 pote
233 2546 478 2589 tardiusculus
490 2561 574 2589 non
589 2549 779 2602 intelligit

124 2605 214 2660 Syri
239 2604 449 2646 confilium.
506 2606 568 2645 De
594 2617 645 2644 eo
670 2601 782 2657 supe·

1298 1160 1476 1193 ACTVS

823 1265 913 1312 rim,
934 1263 1000 1304 Ille
1021 1265 1162 1306 Cliniae
1165 1265 1306 1318 struas
1316 1268 1479 1320 tardius-⁸

822 1322 922 1362 culus
950 1321 1008 1370 est.
1061 1323 1111 1363 C.

876 1377 1080 1429 Etfi’rant,
1104 1377 1207 1430 quod
1220 1392 1356 1419 omnes
1367 1393 1480 1432 prae·

823 1444 881 1472 ter
904 1432 1137 1473 Bembinum
1162 1434 1320 1483 habent,
1341 1435 1478 1475 asensu

823 1488 1055 1541 repudiatur,
1074 1500 1113 1528 et
1130 1502 1256 1529 ortum
1280 1490 1334 1530 est
1354 1491 1401 1530 ab
1412 1506 1481 1531 an-

823 1546 930 1596 tiqua
954 1542 1154 1598 scriptura,
1182 1550 1369 1598 ecftram,
1399 1548 1424 1586 i.
1442 1560 1478 1587 e.

823 1599 997 1641 efferant.
1052 1604 1095 1641 B.

875 1670 929 1710 24
971 1657 1140 1697 Sumtum
1171 1656 1247 1709 fibi
1291 1657 1479 1713 leuatum]

823 1713 925 1753 Cum
963 1709 1168 1751 discefferit
1195 1724 1300 1752 tanta
1325 1715 1483 1754 ancilla-

825 1781 910 1807 rum
932 1768 1161 1816 multitudo,
1189 1768 1371 1809 dominus
1402 1783 1483 1810 cre·

827 1824 892 1863 det
910 1822 977 1862 fibi
996 1824 1205 1864 alienatum
1225 1821 1386 1865 sumtum
1399 1857 1408 1874 ,
1439 1826 1481 1864 id

825 1879 897 1928 est,
934 1877 1160 1930 impensam.
1191 1877 1256 1919 sed
1288 1878 1407 1920 nescit
1431 1895 1483 1920 ex:

825 1944 872 1975 ea
889 1947 931 1973 re
949 1933 1134 1975 damnum
1159 1935 1207 1974 ad
1227 1933 1265 1975 se
1291 1935 1368 1977 effe
1387 1951 1484 1977 ven-

825 2002 965 2037 turum,
983 1990 1074 2030 dum
1094 1991 1165 2030 hac
1183 2005 1226 2032 re
1244 1994 1412 2032 maxime
1431 1994 1482 2033 ab

825 2060 873 2086 eo
895 2046 1182 2099 extorquebitur
1191 2055 1405 2101 argentum.
1435 2054 1500 2090 Ec

879 2115 934 2157 25
964 2103 1173 2157 Damnum]
1203 2102 1393 2145 Damnum
1421 2106 1481 2145 rei

826 2157 900 2204 est;
947 2158 1095 2199 Malum
1132 2172 1222 2199 vero
1237 2190 1246 2208 ,
1295 2160 1481 2201 hominis„

824 2212 1017 2254 Persoluet
1032 2212 1247 2255 sebi-emes
1277 2228 1484 2269 argentum

826 2283 874 2308 ex
892 2269 1044 2309 fallacia
1062 2271 1169 2323 Syri:
1201 2272 1305 2322 quod
1325 2273 1396 2312 erit
1406 2286 1485 2312 rna-

825 2327 884 2365 ius
906 2325 1097 2373 damnum,
1130 2339 1244 2378 quam
1261 2327 1286 2367 fi
1303 2341 1486 2380 perman-

826 2379 926 2421 fiffet
943 2382 1139 2421 meretrix.
1194 2383 1240 2424 C.

878 2438 1078 2478 Bentleius
1098 2439 1152 2477 ita
1169 2437 1312 2490 edidit,
1339 2440 1424 2481 Nae
1439 2441 1488 2481 il·

826 2493 858 2533 le
878 2493 974 2533 hmit
995 2493 1097 2544 fiit,
1129 2492 1205 2533 hoc
1217 2496 1371 2547 paulam
1389 2495 1488 2541 lucri

830 2561 1011 2603 quantum
1028 2551 1079 2588 eii
1099 2554 1173 2589 etc.
1228 2554 1268 2591 Z.

886 2605 941 2648 26
978 2606 1036 2646 Tu
1058 2604 1171 2657 ruscis
1191 2607 1232 2646 id
1238 2636 1251 2657 ‚
1279 2608 1378 2661 quod
1386 2608 1490 2705 gis,

940 2663 1001 2702 Tt
1031 2675 1059 2704 2
1430 2679 1491 2706 roe
