1815 3168
332 123 433 183 496

729 117 885 165 ACT.
919 118 974 162 V.
1020 114 1217 165 SCEN.
1249 117 1305 162 V.

471 244 554 296 PA
573 260 622 294 R.
660 249 773 294 Non
802 244 985 291 dubium
1015 241 1099 296 est,
1130 245 1237 306 quin
1262 241 1373 289 mihi
1403 252 1615 303 magnum
1647 258 1698 290 ex

574 323 653 369 hac
673 338 720 368 re
743 319 793 368 {it
813 321 1001 366 malum:

472 396 568 459 Nisi
591 400 691 461 quia
713 393 877 443 necesse
898 396 979 441 fuit
1000 394 1085 440 hoc
1105 392 1258 439 facere.
1292 392 1336 439 id
1357 392 1541 453 gaudeo,

471 479 659 538 Propter
681 490 751 519 me
774 472 884 517 hisce
908 469 1068 532 aliquid
1094 465 1176 513 effe
1196 480 1461 514 euenturum
1485 467 1607 514 mali:

380 567 445 615 30
478 554 597 597 Nam
621 551 706 595 iam
727 548 800 594 diu
825 546 1011 608 aliquam
1033 543 1196 590 causam
1216 543 1448 606 quaerebat
1469 542 1607 596 senex,

477 624 780 681 Quamobrem
801 620 966 682 insigne
987 620 1148 683 aliquid
1170 619 1328 665 faceret
1344 621 1420 665 iis:
1456 635 1575 665 nunc
1605 634 1703 684 rep-

573 701 700 765 perit.

427 846 736 899 Achs
792 828 1492 915 QVINT1‘SCENA
1547 839 1649 893 v1.

699 935 981 974 PYTHIAS.
1041 931 1354 974 PARMENO.

342 1066 439 1186 N
458 1092 485 1121 v
508 1090 540 1119 N
560 1091 592 1126 Q
610 1090 637 1118 v
659 1085 685 1116 Α
708 1088 745 1115 Μ
789 1068 971 1134 aedepol
989 1071 1223 1133 quicquam
1248 1053 1340 1115 iam
1362 1068 1450 1122 diu,
1488 1067 1608 1132 quod
1620 1083 1709 1115 ma·

626 1186 627 1189 ,
675 1149 741 1208 gis
759 1145 915 1194 vellem
936 1147 1127 1197 euenire,

1592 1218 1709 1266 Mihi

395 1341 449 1383 27
478 1329 571 1367 Non
589 1325 735 1366 dubium
753 1324 812 1377 est,
832 1328 921 1379 quin
937 1327 1002 1363 mi-
1042 1325 1128 1377 stzm
1147 1321 1342 1379 quaerebat
1346 1318 1482 1374 finessx]
1513 1326 1614 1363 Nota
1625 1335 1711 1361 cau-

344 1386 385 1429 hi
403 1398 574 1440 magnum
591 1398 637 1423 ex
653 1383 719 1429 hac
737 1397 775 1422 re
788 1379 836 1430 βε
847 1383 1001 1436 malum]
1042 1382 1139 1433 fizuz,
1158 1395 1227 1434 pro
1247 1380 1452 1430 occasione.
1507 1381 1557 1419 D.
1672 1400 1676 1403 ·

343 1444 473 1483 Suaue
510 1439 584 1486 est,
625 1437 773 1478 nescire
810 1436 1001 1490 personas,

344 1499 441 1552 quid
460 1508 547 1550 agat
566 1500 695 1536 Poeta.
751 1498 804 1535 Ita
824 1500 1002 1546 nom-Le-

346 1568 407 1608 ge,
433 1555 534 1592 Nam
552 1566 650 1591 non:
679 1561 752 1599 aut,
783 1553 918 1590 Annon
935 1550 1003 1600 fit,

346 1611 478 1651 deleto
506 1611 648 1661 pundo
676 1611 736 1661 Z.)
774 1608 1005 1659 periclitatu-

346 1681 413 1708 rus
430 1671 636 1707 Parmeno,
695 1667 744 1704 D.

402 1731 452 1772 28
497 1718 589 1771 Nifi
618 1721 708 1774 quia
743 1718 871 1772 necqffie
897 1718 1004 1773 ficit]

347 1777 513 1830 Neccffi‘,
540 1776 594 1816 est
612 1789 772 1815 nomen.
826 1779 926 1816 Nam
950 1789 1006 1814 ne-

348 1831 647 1888 cessitsrneceffis,
677 1843 718 1871 et
736 1830 936 1886 necefflms,
966 1841 1007 1870 et

1110 1452 1159 1491 31
1194 1436 1446 1492 Quamobrem
1472 1434 1611 1489 instgne
1642 1433 1709 1473 ali.

1054 1496 1145 1548 quid
1161 1493 1327 1547 faceret]
1363 1490 1607 1532 Manifestius
1635 1490 1710 1529 hoe

1053 1551 1276 1595 Menander
1322 1549 1508 1600 explicat,
1556 1548 1710 1597 iampri-

1054 1608 1146 1647 dem
1166 1605 1347 1646 infestum
1357 1604 1549 1645 meretrici
1567 1601 1711 1650 senem,

1053 1663 1138 1717 post
1158 1673 1378 1713 corruptum
1401 1660 1447 1699 ab
1468 1672 1515 1699 ea
1533 1659 1713 1699 Phaedri-

1055 1734 1116 1760 am
1131 1735 1138 1760 :
1154 1732 1278 1757 -nuuc
1309 1717 1468 1769 demum
1496 1714 1533 1755 se
1550 1717 1712 1755 inuenta

1056 1775 1255 1816 occafione
1265 1774 1555 1813 vindicaturum.
1577 1772 1713 1826 Qum-

1054 1832 1195 1886 obrem]
1226 1830 1414 1881 Quamuis
1444 1826 1594 1867 dixiffet
1627 1841 1715 1866 cau-

344 1905 426 1932 nece
455 1903 526 1938 um,
554 1889 693 1928 leelum
715 1887 779 1926 est.
837 1888 884 1931 Id
915 1900 1004 1942 gau·
1043 1890 1151 1939 sum,
1180 1887 1309 1926 intulit
1325 1886 1569 1938 quamobrem.
1625 1884 1713 1938 Inst-

345 1948 434 2001 deo]
470 1946 647 1991 Scilicet,
691 1953 730 1982 vt
772 1941 1005 1982 succurratur
1053 1958 1126 1999 gne
1162 1942 1316 1994 aliquid]
1357 1943 1550 1992 Magnum
1578 1950 1617 1979 et
1643 1954 1714 1979 no-
1737 1965 1747 1977 -.

347 2003 551 2045 Chaereae
573 2000 821 2051 periclitanti.
878 2002 925 2040 D.

400 2062 446 2099 In
463 2055 593 2097 Bemb.
616 2055 678 2104 est,
694 2054 857 2107 neccjfits.
897 2059 1006 2095 Prae-

347 2114 435 2156 fero
461 2113 658 2164 equidem,
683 2110 872 2162 nec-efficta,
904 2108 1009 2162 quod

345 2170 627 2222 saepenumero
646 2167 749 2220 apud
767 2168 939 2207 Plautum
950 2179 1010 2205 oc-

349 2227 473 2267 currit.
530 2228 569 2264 B.
945 2271 947 2275 Ι

404 2294 458 2336 29
490 2282 652 2333 Propter
679 2280 753 2334 me]
784 2281 871 2319 Plus
897 2279 1006 2327 dixit,

349 2352 467 2391 quam
480 2336 505 2378 fi
514 2348 580 2389 per
589 2350 642 2375 me
654 2336 815 2378 diceret.
854 2335 962 2386 Hisce
973 2349 1010 2373 a·

349 2394 486 2447 liquid]
515 2393 800 2440 Merefficibus,
827 2405 911 2432 nou
922 2391 1011 2432 ado-

350 2449 599 2490 lescentibus.
642 2450 795 2488 Etitem
811 2449 1010 2500 pluraliter

349 2504 415 2546 suo
441 2519 573 2545 more:
608 2514 661 2553 vt,
680 2506 883 2545 Audaciam
902 2519 1011 2544 mere-

350 2564 485 2602 tricum
501 2561 639 2613 spec'la.
689 2564 746 2610 Et,
767 2561 861 2602 Non
864 2567 1010 2614 perpeti

351 2621 580 2659 meretricum
599 2616 846 2668 contumelias,
902 2620 952 2658 D.

409 2687 464 2728 30
490 2674 594 2713 Nam
604 2672 678 2713 idm
687 2674 748 2714 diu
756 2670 917 2728 aliqua‘m
928 2687 1006 2715 rau·

1056 2000 1136 2039 bile
1172 1997 1328 2037 facinus.
1387 1995 1554 2043 Faceret]
1606 2001 1715 2035 ὶδιοτι-

1055 2059 1120 2098 κῶς
1149 2055 1254 2094 dixit.
1310 2055 1367 2092 D.'

1114 2111 1216 2151 Cum
1235 2108 1328 2148 ordo
1348 2106 1553 2147 verborum
1570 2109 1612 2146 in
1635 2108 1713 2148 alio

1059 2168 1142 2207 eod.
1171 2167 1264 2206 alius
1292 2164 1353 2212 iit,
1381 2174 1439 2212 et,
1467 2165 1613 2217 aliquid
1627 2165 1715 2204 mali

1059 2223 1208 2279 infi'gne,
1227 2219 1310 2260 satis
1330 2221 1451 2259 latine
1469 2220 1545 2259 dici
1567 2233 1714 2272 neque-

1061 2291 1120 2325 at3
1154 2290 1323 2330 repone,
1357 2275 1605 2332 Qamobrem
1643 2276 1713 2316 ali-

1059 2333 1361 2390 quidaegrefizc:
1382 2344 1420 2371 vt
1447 2330 1557 2384 supra
1583 2346 1648 2381 IV,
1679 2344 1714 2382 Ι,

1064 2405 1125 2434 10.
1160 2402 1200 2430 et
1217 2390 1332 2429 Plaut.
1361 2385 1442 2430 Cas.
1462 2402 1533 2435 111,
1561 2403 1607 2442 4,
1644 2400 1708 2440 17.

1060 2448 1125 2488 vbi
1148 2460 1255 2501 aegre
1273 2444 1404 2498 facere
1430 2444 1541 2484 alicui
1579 2456 1715 2483 occur-

1058 2505 1119 2544 rit.
1174 2506 1214 2543 B.
1592 2518 1598 2524 ⁸

1118 2571 1136 2600 1
1172 2559 1379 2610 Nunquam
1423 2555 1571 2611 aedepol
1612 2557 1713 2609 quic·

1037 2628 1165 2673 ,quam
1192 2617 1267 2655 iam
1296 2613 1379 2667 diu]
1419 2613 1573 2668 Pythias
1606 2624 1714 2665 egre-

1614 2669 1717 2707 ditur
