1815 3168
308 171 401 202 100

441 277 492 327 D
511 291 540 323 A
557 291 605 323 v.
643 276 785 323 Abeo.

691 152 844 197 ACT.
877 151 929 198 ΙΙ.
974 148 1172 193 SCEN.
1206 149 1261 196 Π.

839 271 948 322 CH.
985 278 1134 320 Daue:
1177 270 1291 319 adesi.
1320 270 1484 321 resiste.
1520 270 1675 322 DAv.

543 354 640 416 quis
663 344 864 401 homo'st
887 350 962 411 qui
983 343 1091 399 me?
1131 365 1157 392 o
1181 348 1421 414 Pamphile,

445 433 517 476 Te
538 428 678 492 ipsum
698 440 885 488 quaero:
910 439 1037 484 euge,
1064 421 1276 470 Charine:
1313 423 1442 471 ambo
1464 434 1677 489 opportu-

543 520 611 550 ne.
634 518 712 548 vos
735 499 855 547 volo.

445 575 555 628 CH.
612 580 765 627 Daue,
805 574 934 638 perii.
988 570 1036 619 D
1055 584 1084 616 A
1102 584 1152 619 v.
1196 573 1306 636 quin
1343 583 1393 634 tu
1433 573 1520 621 hoc
1564 573 1680 620 audi.

549 649 595 699 C
610 664 659 698 H.
687 651 849 699 interii.
875 645 980 696 'DA
997 661 1047 714 ν,
1072 647 1179 712 quid
1203 649 1356 699 timeas
1377 647 1475 703 scio,

380 975 408 1016 7
438 959 582 1008 Habeo]
603 959 769 1001 Videtur
779 959 880 1013 quafi
891 973 981 1000 con·

323 1017 472 1067 stitiffe,
511 1018 657 1057 deinde
691 1016 794 1067 quafi
822 1015 981 1070 elegiffe

324 1089 405 1129 quo
422 1084 569 1128 pergat.
625 1071 752 1112 Habeo
779 1086 850 1124 per
879 1074 982 1112 h'in-

323 1133 434 1172 ueni.
462 1131 602 1184 legitur
629 1140 668 1168 et
687 1127 796 1168 abeo:
829 1130 882 1168 vti
902 1141 981 1168 me-

325 1189 398 1229 rito
423 1187 481 1226 illi
501 1186 659 1233 dicatur,
689 1182 826 1236 Restste.
883 1186 991 1240 ‚Quis

325 1246 430 1284 homo
461 1241 507 1293 est
525 1244 591 1293 qui
610 1241 688 1283 me?
726 1237 751 1280 a'
774 1240 982 1294 Pamphile]

323 1305 435 1341 Ante
454 1296 572 1343 videt,
591 1309 706 1347 quam
725 1297 915 1347 compleat
940 1309 985 1333 o-

327 1356 530 1395 rationem.
587 1354 637 1392 D.

380 1408 507 1450 Nostri
533 1406 643 1446 codd.
672 1417 904 1456 quamquam
930 1404 990 1443 le-

330 1477 430 1521 gunt
457 1461 584 1503 Abeo:
633 1459 814 1514 praefero
855 1472 989 1501 tamen

329 1521 473 1565 Habeo.
534 1521 575 1559 B.

389 1583 409 1626 8
432 1578 532 1629 Euge
544 1572 722 1622 Charine]
752 1572 862 1627 Euge,
871 1570 990 1611 modo

333 1646 405 1686 pro
438 1631 708 1671 interiefflone
738 1629 897 1679 politum
925 1627 989 1666 est.

335 1686 575 1740 Opportune]
630 1684 777 1733 Deest,
840 1682 992 1736 adestis:

334 1758 430 1791 non,
449 1752 670 1795 opportune
690 1753 755 1780 vos
774 1740 876 1778 volo.
914 1742 964 1780 D.

390 1798 509 1840 Ambo
554 1798 781 1850 opportune]
836 1796 993 1835 Seruius

333 1854 508 1899 Aeneid‚
536 1866 611 1893 ΧΠ.
641 1850 734 1893 vers.
775 1850 994 1896 Sthenelum·

335 1926 404 1966 que
432 1911 545 1950 dedit.
602 1911 644 1948 L.

391 1981 416 2020 9
447 1967 568 2012 Daue,
586 1966 702 2017 perii]
731 1962 931 2012 Proprium
942 1959 997 2000 est

315 2054 324 2073 ,
335 2022 571 2065 dolentibus,
591 2018 863 2073 praefestinare
875 2017 923 2056 ad
933 2018 998 2057 in-

338 2077 504 2118 dicanda
525 2090 624 2127 quae
651 2075 796 2114 dolent.
827 2072 996 2118 ἱιπᾱλέμε-

339 2137 408 2175 οαὶ
462 2132 597 2175 Habet
626 2131 861 2183 nonnullum
901 2127 996 2168 afle-

340 2193 453 2239 ἑῖιιῑη,
467 2187 572 2242 quod
581 2187 740 2235 addidit,
754 2188 877 2226 Daue.
895 2185 999 2239 ‚Quin

340 2250 395 2290 zu]
417 2249 537 2302 Qin,
552 2243 671 2284 modo
682 2256 752 2295 pro
764 2243 869 2288 im03
889 2242 993 2292 alias,

340 2317 404 2343 cur
423 2302 533 2340 non?
584 2301 635 2342 D.

397 2358 479 2397 Hoc
498 2356 602 2401 audi]
631 2355 712 2394 Illic
738 2350 787 2392 ad
812 2352 1001 2392 calamita-

341 2414 387 2452 tis
409 2425 548 2452 vocem
566 2410 667 2450 redit
680 2407 827 2456 seruus3
846 2406 941 2448 scire
961 2406 999 2447 se

341 2470 418 2508 eius
440 2467 737 2508 sollicitudinem
758 2463 862 2503 dicit·
888 2465 1001 2520 Qid

340 2528 470 2565 timeas
490 2522 590 2577 scio]
627 2521 825 2573 Quoniam
847 2521 999 2559 videtur

339 2579 490 2621 seruum
509 2576 757 2632 perseuerare
769 2607 778 2625 ,
804 2573 997 2616 Charinus

339 2634 561 2678 adolescens
622 2633 671 2674 ad
735 2631 1024 2687 pollicendam·

1621 797 1681 829 10

1028 958 1136 1012 spem
1159 959 1318 1000 domino
1338 957 1562 1012 Pamphilo,
1596 970 1686 996 con·

1030 1019 1140 1057 tinuo
1174 1015 1254 1067 ipse
1291 1015 1395 1055 suam
1433 1016 1689 1054 calamitatem

1031 1072 1259 1112 confitetur:
1303 1072 1395 1111 Mea
1424 1071 1568 1124 quidem
1594 1082 1688 1108 certe

1030 1128 1146 1169 hercle
1178 1131 1218 1167 in
1244 1126 1356 1167 dubio
1385 1130 1465 1166 vita
1490 1124 1547 1178 est.
1609 1123 1688 1165 Sed

1031 1184 1097 1224 hic
1117 1182 1246 1223 seruus
1260 1183 1499 1234 repromittit,
1521 1194 1565 1220 ac
1585 1178 1623 1220 se
1634 1179 1691 1218 di-

1034 1241 1084 1279 cit
1112 1237 1205 1278 scire
1230 1238 1343 1288 ipfius
1378 1236 1689 1276 sollicitudinem.

1033 1293 1255 1345 Pamphilus
1303 1303 1451 1340 autem,
1487 1302 1691 1344 *tanquam

1035 1347 1164 1389 nescio
1184 1346 1290 1388 seruo
1309 1359 1349 1386 et
1367 1347 1493 1386 adhuc
1510 1347 1693 1400 ignoran-

1037 1406 1088 1452 ti,
1122 1405 1268 1458 ingerit
1294 1400 1454 1443 cauffam
1472 1403 1694 1442 calamitatis

1037 1459 1151 1508 suae,
1186 1473 1272 1499 cum
1300 1459 1391 1498 dicit
1408 1459 1575 1512 Nuptiae
1594 1458 1695 1497 mihi.

1039 1512 1117 1558 Sed
1160 1517 1245 1555 eius
1285 1516 1504 1554 orationem
1540 1513 1696 1566 impleri
1726 1547 1730 1555 .

1039 1586 1123 1617 non
1147 1571 1236 1611 finit
1260 1569 1407 1619 seruus,
1445 1582 1483 1609 et
1510 1571 1697 1609 continuo

1041 1628 1219 1680 procedit
1244 1627 1399 1672 dicens,
1425 1625 1574 1677 Etzstuc
1591 1627 1691 1676 fiio.

1040 1685 1112 1723 Ille
1127 1681 1346 1735 perseuerat
1371 1682 1527 1730 dicens„
1557 1682 1692 1720 Hodie..

1041 1739 1161 1780 Caius
1182 1739 1396 1778 orationem
1411 1739 1615 1788 intercepit
1627 1735 1696 1775 ser·

1042 1808 1125 1844 uus,
1147 1805 1186 1834 et
1198 1792 1389 1845 vtriusque
1400 1792 1700 1833 sollicitudinem

1041 1861 1179 1899 narrat,
1201 1850 1346 1898 dicens,
1364 1850 1420 1890 Tu
1438 1860 1550 1903 pauet
1571 1863 1615 1887 ne
1635 1849 1698 1887 du·

1044 1921 1104 1947 cas
1121 1905 1235 1954 illam]
1264 1909 1351 1945 Hoc
1369 1906 1503 1957 vtique
1522 1903 1699 1955 Pamphi-

1043 1963 1082 2001 lo
1091 1976 1104 2010 3
1139 1962 1311 2004 Charino
1331 1972 1478 2010 autem,
1503 1961 1559 2002 Tu
1576 1973 1698 2000 autem

1043 2032 1086 2058 vt
1104 2019 1227 2059 ducas.
1281 2020 1327 2059 E.

1100 2129 1177 2171 Etfi
1189 2127 1315 2179 verba,
1326 2129 1433 2170 Daue
1439 2128 1536 2181 perii
1562 2149 1580 2159 -
1597 2151 1618 2160 -
1645 2128 1702 2167 in-

1046 2189 1146 2236 terii,
1173 2189 1348 2226 Donatus
1370 2183 1546 2224 adscribit
1567 2182 1701 2224 Chari.

1047 2255 1100 2281 no
1113 2258 1122 2281 ε
1153 2252 1283 2282 tamen
1294 2240 1343 2280 ob
1355 2238 1577 2279 consen-sum
1588 2237 1699 2278 eodd.

1046 2309 1086 2336 et
1110 2298 1281 2338 contexti
1305 2297 1495 2339 rationem
1531 2294 1702 2333 tribuen-
1724 2317 1749 2334 2
1773 2317 1781 2321 -

1048 2354 1097 2393 da
1116 2352 1200 2393 sunt
1214 2352 1424 2403 Pamphilo.
1465 2355 1562 2391 Nam
1577 2348 1705 2390 absur-

1048 2411 1141 2449 dum
1159 2408 1214 2449 est
1231 2422 1314 2447 non
1333 2407 1452 2447 modo
1473 2408 1619 2458 priores
1640 2407 1700 2446 vel

1046 2467 1088 2504 in
1108 2458 1242 2504 artiore
1261 2465 1321 2504 vel
1338 2475 1444 2513 metu
1465 2473 1590 2514 partes
1601 2461 1700 2504 Cha-

1045 2523 1132 2560 rino
1151 2521 1253 2567 dare,
1281 2518 1346 2559 sed
1371 2531 1409 2560 et
1428 2522 1579 2559 Dauum
1598 2519 1700 2569 prius

1046 2577 1216 2616 alienum
1243 2589 1357 2629 quam
1387 2575 1549 2618 herilem
1577 2572 1700 2613 filium

1045 2634 1292 2685 compellare.
1351 2635 1393 2675 B.
