1815 3168
326 110 422 158 520

693 98 854 145 ACT.
887 100 944 145 V.
982 98 1178 145 SCEN.
1200 100 1325 153 vm.

464 220 581 272 GN.
623 224 778 280 Quid?
813 224 878 272 isti
898 237 940 274 te
960 227 1244 289 ignorabant:
1279 226 1508 294 postquam
1525 232 1719 289 ,cismo--

564 317 634 346 res
663 299 828 348 ostendi
849 313 963 355 tuos,

370 376 435 426 60
473 379 529 424 Et
556 377 798 424 collaudaui
819 377 1056 423 secundum
1076 375 1187 425 fagia
1207 389 1252 427 et:
1272 382 1454 428 virtutes
1478 391 1588 436 tuas,

467 455 724 517 Impetraui.
760 448 854 498 ΤΗ
868 466 911 502 R.
947 453 1060 500 bene
1080 453 1239 502 fecisti:
1265 459 1445 516 gratiam
1457 457 1597 506 habeo
1611 475 1700 506 tna-

566 530 744 574 ximam.

467 607 716 667 Nunquam
739 605 866 651 etiam
887 604 951 652 fui
974 604 1164 669 vsquam,
1183 608 1297 671 quin
1320 624 1392 656 me
1416 624 1569 657 omnes
1592 625 1703 656 ama·

569 690 669 726 rent
695 679 955 745 plurimum.

468 750 585 802 GN.
623 752 773 802 Dixin’
806 772 890 817 ego
924 757 971 806 in
1003 756 1091 806 hoc
1119 754 1203 807 esse
1232 757 1359 808 vobis
1389 761 1581 830 Atticam
1613 760 1707 808 elo-

569 836 794 897 quentiam
807 833 831 879 ’.Ρ

393 1042 446 1086 59
477 1029 545 1081 Isti
563 1042 598 1069 te
610 1028 859 1085 ignorabant]
884 1032 1000 1085 Figu-

336 1102 377 1127 ra
397 1087 793 1139 &uvfoeaoyloefffismo‘ylm
824 1085 894 1128 Ms.
919 1092 995 1140 B.)-

337 1143 403 1184 Ad
440 1155 643 1193 vti-umque
680 1143 788 1183 enim
827 1144 1001 1195 pertinet

337 1198 460 1252 (forte
487 1199 631 1239 excidit
659 1212 724 1238 TE
755 1200 840 1251 Z),
883 1211 922 1239 et
952 1199 1001 1239 ad

337 1252 504 1303 laudem,
529 1266 568 1294 et
589 1254 637 1293 ad
657 1267 797 1296 mores,
854 1258 904 1297 Et
925 1256 1001 1296 hoc

336 1311 589 1365 ambiguum.¹
636 1313 685 1351 D.

394 1372 449 1410 60
478 1367 684 1407 Secundum
694 1367 805 1419 fabia
829 1380 864 1408 et
882 1369 1002 1408 virtu-

340 1437 394 1468 tes
440 1423 551 1478 tuas]
599 1427 649 1464 Et
685 1423 762 1462 hoc
797 1428 1000 1471 ἀμφίβολον,

336 1483 441 1522 Nam
465 1483 627 1519 virtutes
658 1483 822 1526 εἰρωνικῶς
849 1494 920 1533 pro
949 1482 1003 1520 vi-

341 1536 405 1575 tiis
430 1534 575 1588 posuit:
607 1546 666 1584 vt,
698 1536 827 1587 Nescis
846 1539 916 1591 qui,
940 1540 1005 1576 vir

340 1592 428 1641 fikt:
459 1604 520 1638 et,
555 1593 720 1632 Ornatus
746 1592 826 1644 qffi’s
852 1607 898 1632 ex
927 1594 1004 1632 tuis

339 1648 561 1687 virtutihus.
619 1649 732 1688 faeta
767 1662 801 1687 et.
828 1649 1007 1704 virtutes]-

340 1706 504 1755 Proprie
524 1705 634 1756 fite'la
661 1704 847 1744 militibus
870 1703 1005 1745 adscri-

342 1760 499 1800 buntur.
556 1761 669 1801 Fac‘ta.
686 1774 722 1800 et
746 1762 925 1817 virtutes]
954 1765 1007 1803 A·

342 1817 488 1855 maiior
517 1817 571 1856 est
598 1823 739 1863 εἰρωνεία
774 1817 818 1855 in
850 1815 1006 1858 vitiosos

341 1871 538 1921 homines,
559 1886 675 1923 quam
697 1873 847 1920 veritas,
899 1876 950 1914 D.

360 1973 364 1974 ⁷
399 1932 451 1971 61
494 1932 693 1979 Repone,
730 1927 814 1967 bene
847 1927 1004 1981 flciflis.

341 1986 445 2026 Nam
479 1998 562 2024 non
589 1997 718 2024 coram
744 1983 931 2024 Phaedria
966 1995 1007 2028 et

343 2040 522 2081 Chaerea
555 2040 681 2093 potest
715 2041 856 2094 gratias
883 2054 1005 2096 agere

344 2096 563 2138 Gnathoni.
625 2099 668 2136 B.

398 2157 452 2196 62
485 2154 692 2206 Nunquam
722 2154 833 2192 etiam
853 2152 924 2205 fui
952 2151 1009 2205 vs

344 2210 473 2264 quam]
512 2210 715 2262 Nunquam
733 2219 772 2248 et
790 2209 937 2257 locum,
969 2219 1009 2248 et

344 2276 498 2318 tempus
517 2264 724 2319 fignificat:
758 2264 930 2318 Vsquam,
951 2265 1009 2304 lo·

345 2335 435 2361 cum
466 2323 603 2375 magis,
664 2321 889 2374 Nunquam,
933 2334 1003 2372 pro

342 2388 440 2418 non.
494 2381 542 2418 Et
562 2390 751 2431 nunquam
767 2378 928 2430 vsQuam,
957 2380 1005 2422 τῷ

343 2437 545 2482 ἀρχαῖα-μᾷ,
575 2447 646 2488 pro
664 2447 740 2474 non
757 2434 929 2487 usquam,
963 2433 1004 2473 id

345 2490 410 2538 est,
428 2487 629 2541 nusquam.
686 2488 791 2544 Qin
807 2504 860 2529 me
879 2503 1004 2531 omnes

344 2559 515 2586 amarent
547 2547 765 2601 plurimum]
804 2547 1004 2589 Contrari-

344 2617 410 2643 um
431 2600 628 2655 superiori.
683 2602 794 2655 Quid
827 2602 883 2643 est
902 2604 1010 2643 enim

347 2658 453 2714 quod
494 2657 600 2700 bene
636 2672 719 2701 non
743 2658 882 2702 fecerit
905 2660 1010 2715 quic-

1613 914 1712 960 Pu.

1048 1045 1185 1085 quam,
1211 1033 1239 1074 fi
1264 1035 1307 1074 in
1332 1035 1401 1075 illo
1435 1035 1510 1087 est,
1535 1046 1576 1077 vt
1604 1049 1711 1079 ame-

1048 1089 1137 1128 tur?
1190 1091 1240 1130 D.

1105 1149 1200 1198 Leg.
1213 1147 1387 1195 amarint,
1411 1146 1488 1187 fide
1498 1149 1612 1188 codd.
1643 1154 1682 1191 Β.

1105 1204 1157 1254 63
1189 1203 1359 1241 Atticam
1377 1203 1639 1260 eloquentiam]
1663 1210 1712 1247 Et

1051 1256 1128 1296 hoc
1147 1261 1322 1304 εἰρωνικῶς,
1344 1269 1382 1297 vt
1398 1259 1462 1297 illa
1481 1273 1581 1311 quae
1592 1259 1714 1314 su'pra,

1050 1314 1215 1353 Atticam
1239 1314 1333 1353 dicit
1351 1328 1482 1354 veram
1496 1326 1614 1368 atque
1632 1331 1717 1374 ger·

1051 1383 1227 1418 manam3
1274 1371 1367 1421 quia
1407 1372 1594 1411 excultior
1634 1374 1715 1413 elo-

1052 1427 1228 1477 quentia,
1246 1424 1385 1466 dicitur
1395 1428 1521 1467 Attica
1531 1445 1546 1467 .·
1567 1441 1605 1468 et
1613 1427 1716 1470 sum-

1053 1481 1109 1520 mi
1144 1493 1343 1532 oratores,-
1382 1486 1504 1523 Attici
1529 1487 1714 1538 appellati

1053 1534 1151 1577 sunt.
1205 1540 1255 1578 1).
1682 1567 1685 1571 ·

1107 1592 1237 1633 Dixin
1262 1608 1329 1650 ego
1356 1596 1397 1634 in
1421 1595 1506 1651 hoc]
1540 1597 1714 1648 Quidam
1778 1602 1781 1604 ’

1053 1650 1286 1703 intelligunt
1303 1650 1376 1690 hoc
1387 1651 1494 1692 versu
1505 1652 1555 1692 de
1564 1656 1720 1694 Teren-

1055 1708 1110 1744 tio
1146 1706 1241 1756 dici,
1283 1708 1350 1759 qui
1386 1719 1426 1747 et
1454 1710 1715 1751 Comoediam

1055 1759 1202 1811 scribit,
1231 1773 1269 1802 vt
1286 1765 1316 1802 is
1337 1764 1379 1802 in
1401 1761 1440 1803 se
1459 1765 1600 1806 habeat
1615 1769 1718 1808 Atti-

1057 1832 1147 1865 cam,
1167 1819 1243 1858 hoc
1256 1820 1320 1868 est,
1333 1820 1540 1860 Menandri
1550 1823 1718 1875 eloquen-

1055 1877 1171 1923 tiam,
1204 1874 1270 1926 qui
1298 1875 1371 1914 fuit
1398 1878 1560 1917 Atticus.
1619 1880 1720 1929 Qui·

1055 1931 1145 1969 dam
1163 1930 1213 1969 de
1232 1931 1373 1977 milite,
1407 1942 1445 1971 vt
1474 1946 1545 1985 pel·
1564 1940 1719 1982 εἰρωνείαν

1053 1986 1198 2026 dietum
1224 1984 1291 2034 fit,
1335 1987 1440 2039 quafi
1465 1989 1513 2028 ad
1540 1988 1721 2042 praesen-

1057 2052 1150 2090 tem,
1173 2053 1213 2081 vt
1232 2041 1360 2082 credat
1369 2040 1407 2083 se
1418 2042 1496 2085 effe
1507 2046 1717 2089 laudatum.

1055 2099 1179 2139 Dixin
1206 2110 1285 2152 ego
1313 2100 1417 2153 quod
1436 2102 1550 2141 miles
1577 2102 1720 2144 habeat

1057 2155 1100 2193 in
1123 2151 1162 2193 se
1183 2154 1446 2206 eloquentiam
1467 2159 1685 2200 Atticorum
1699 2161 1719 2201 ’ἓ
1787 2162 1790 2169 “

1056 2209 1382 2262 fiquidemmodo
1403 2213 1571 2264 dixerat,
1607 2216 1719 2256 Nun·

1056 2279 1166 2320 quam
1193 2269 1304 2306 etiam
1317 2267 1391 2319 fiti
1418 2269 1592 2323 ¹usquam,
1626 2277 1719 2326 quin

1056 2337 1112 2362 me
1146 2336 1267 2363 omnes
1303 2339 1470 2365 amarent
1504 2328 1717 2381 plurimum.

1052 2382 1110 2420 Ita
1129 2377 1245 2431 vsque
1265 2379 1312 2419 ad
1333 2393 1550 2423 extremum
1578 2385 1721 2426 melius

1053 2432 1278 2475 seruata-est
1302 2438 1432 2477 militis
1454 2439 1611 2494 gloriosi
1635 2455 1720 2482 ora·

1054 2493 1125 2531 tio.
1184 2494 1229 2531 E.
1604 2524 1607 2527 ,

1112 2549 1251 2590 Faerni
1276 2550 1366 2591 libri
1393 2562 1482 2592 vett.
1505 2553 1632 2603 reste5
1651 2553 1721 2594 *ele-

1058 2607 1239 2662 gantiam,
1270 2605 1308 2647 h.
1332 2621 1367 2648 e.
1388 2611 1564 2663 leporem
1581 2607 1721 2652 sermo-

1061 2661 1122 2702 nis
1141 2662 1269 2704 Attici.
1320 2667 1364 2707 B.
