1815 3168
348 139 455 177 ‚tvr
654 124 967 171 PETlTvs
1001 123 1090 168 DE
1126 122 1405 169 ORDINE

357 261 436 300 que
455 244 624 286 ediscant
642 247 769 298 (quod
791 255 831 285 et
849 246 950 284 reete
971 255 1009 284 et
1028 244 1168 283 ordine
1198 242 1245 281 ab
1263 243 1308 282 iis
1330 243 1411 282 fieri
1437 241 1623 283 fatemur:
1648 257 1715 284 ne·

357 317 438 356 quo
457 305 563 342 enim
581 303 662 342 satis
681 301 942 341 commendari
966 299 1109 352 potest)
1130 310 1171 337 vt
1197 311 1270 337 nec
1291 299 1407 348 plane
1426 309 1466 338 et
1492 299 1635 350 vbique
1654 312 1720 338 ve-

357 360 504 399 teribus
524 356 698 410 probasse
725 355 762 396 se
788 357 1058 396 meminerint:
1090 365 1150 402 et,
1178 354 1282 405 quod
1308 354 1368 393 hic
1389 356 1599 407 praecipue
1636 352 1720 406 spe-

356 417 524 462 ξὶαῐῃυς,
564 415 614 453 de
640 415 800 453 Horatio
839 409 1000 462 eiusque
1027 410 1124 458 crisi,
1162 410 1291 449 minus
1330 410 1454 451 libere
1488 413 1717 462 loquantur:

355 472 535 512 Terentii
574 482 703 509 autem
734 470 888 515 miram,
928 480 970 505 ac
1008 479 1130 518 prope
1162 464 1406 505 ineffabilem
1429 467 1719 515 amoenitatem⁸

354 529 614 581 elegantiam,
646 525 828 564 iudicium
851 535 895 562 ac
915 521 1166 568 venustatem,
1200 520 1426 574 intelligere
1444 524 1624 574 paulatim
1648 519 1719 560 dis-

355 596 452 623 cant.
511 584 629 623 Cuius
652 580 897 619 incredibiles
911 579 1087 629 lepores,
1117 587 1155 614 vt
1172 573 1357 627 Iosephus
1377 579 1545 631 Scaliger
1565 577 1719 617 dicebat

353 642 467 686 olim,
500 640 562 677 vix
595 635 820 675 centesimus
847 634 1080 674 eruditorum
1106 629 1267 683 quisque
1292 631 1408 673 videt.
1465 636 1526 674 Ne
1544 647 1628 673 cum
1647 634 1719 672 illo

353 697 460 736 fimul
489 706 527 732 et
554 692 780 737 Afranium,
815 691 1018 741 antiquum
1039 688 1260 736 Comicum‚
1290 687 1578 737 condemnent,
1608 691 1719 730 cuiue

354 750 585 792 vei-iffimum
606 759 722 799 atque
741 745 955 786 absolutum
975 755 1079 784 extat
1096 744 1303 784 iudiciurm

524 806 697 843 Terentio
718 816 793 841 non
807 800 957 848 similem
975 803 1070 840 dices
1091 802 1306 853 quempiam.

352 862 476 905 Nobis
504 860 649 901 Eruditi
676 857 901 912 ignoscent,
932 857 1037 909 quod
1066 856 1162 896 haec
1191 855 1332 902 fufius,
1361 855 1387 895 fi
1415 857 1590 910 cogitent
1611 867 1719 907 prae-

353 918 504 965 sertim,
544 928 685 955 munus
715 915 795 953 veri
829 914 963 952 Critici
993 910 1070 952 effe
1098 925 1140 950 ac
1171 909 1374 959 Censoris,
1419 926 1498 951 non
1528 911 1720 950 liter-ulam

353 977 499 1015 eiicere
529 972 641 1018 alibi,
675 982 738 1010 aut
770 971 1025 1008 innocentem
1051 965 1235 1021 syllabam
1263 968 1465 1017 damnare,
1499 980 1633 1006 vocem
1652 967 1721 1006 tol·

352 1032 437 1070 lere
455 1028 547 1067 alibi
568 1039 632 1066 aut
653 1025 887 1074 emendare,
917 1025 981 1065 sed
1003 1024 1147 1064 sincere
1167 1023 1217 1062 de
1237 1023 1450 1062 auftoribus
1469 1036 1511 1062 ac
1530 1022 1643 1062 rebus
1663 1024 1721 1062 iu·

354 1087 503 1127 dicare:
534 1083 637 1135 quod
661 1095 700 1122 et
720 1080 863 1120 solidae
882 1093 920 1120 et
939 1079 1132 1121 absolutae
1153 1079 1382 1118 eruditionis
1403 1080 1465 1119 est.
1526 1081 1645 1130 Quo,
1674 1078 1718 1117 ni

352 1142 493 1188 fallor,
524 1152 661 1179 omnes
689 1136 907 1189 aspiramus.
966 1141 1106 1188 Neque
1132 1136 1204 1174 vlla
1233 1136 1273 1174 in
1296 1149 1337 1174 re
1369 1136 1490 1188 magis
1511 1135 1719 1185 antiquitas

353 1199 519 1252 praeiuit
540 1194 665 1234 nobis.
717 1197 780 1234 De
799 1193 1028 1233 Auerni-ibus
1048 1202 1177 1231 autem
1197 1191 1378 1236 Cornicis,
1411 1204 1493 1230 vter
1510 1191 1647 1229 melius
1665 1191 1720 1228 iu-

354 1256 488 1294 dicare
505 1252 693 1303 potuerit3
722 1247 805 1288 isne
824 1251 888 1300 qui
912 1261 1035 1289 aetate
1051 1249 1116 1287 illa
1136 1248 1240 1295 vixit,
1271 1260 1345 1298 qua
1365 1247 1411 1286 ad
1431 1245 1619 1286 summum
1639 1246 1721 1284 cul-

352 1324 450 1350 men
471 1308 593 1349 Poefis
612 1307 810 1358 peruenit,
847 1306 910 1356 qui
929 1308 1047 1344 Poeta
1067 1301 1251 1352 summus,
1277 1300 1443 1341 summus
1463 1302 1637 1348 Criticus,
1665 1299 1720 1339 sa-

354 1366 555 1407 miliariter
576 1376 662 1400 cum
687 1359 847 1403 Caesare
867 1360 1039 1413 Augusto
1058 1371 1102 1398 ae
1121 1363 1354 1399 Maecenate
1373 1358 1475 1406 vixit,
1503 1361 1720 1407 eorumque

354 1433 487 1472 atque,
505 1421 668 1458 aliorum
694 1416 872 1467 quotidie
899 1415 948 1454 de
973 1415 1030 1453 his
1055 1413 1198 1452 iudicia
1225 1413 1394 1459 audiuit3
1425 1427 1475 1452 an
1503 1413 1571 1464 qui
1598 1411 1718 1451 hodie

353 1477 492 1519 harum
509 1480 643 1514 'rerum
661 1473 780 1524 plane
799 1472 971 1524 imperiti
988 1471 1180 1517 iudicant5
1209 1468 1280 1522 ipfi
1301 1468 1481 1517 viderint.

896 1601 1173 1644 PETITVS

545 1704 617 1733 DE
679 1701 943 1731 (3RD11QE
1003 1697 1520 1728 c()M()EDIA11vzae

722 1772 888 1825 PVB.
945 1768 1351 1821 TERENTII.

451 1922 556 1963 mnia
574 1934 657 1963 non
676 1918 764 1962 sunt
781 1919 896 1973 plana
914 1927 1033 1970 atque
1051 1915 1208 1969 liquida.
1226 1926 1229 1928 ·
1265 1916 1432 1957 Primam
1444 1916 1619 1956 omnium
1640 1926 1719 1957 AN·

478 1992 662 2021 DRIAM
693 1975 790 2024 esse,
818 1977 940 2028 liquet
969 1988 1018 2014 ex
1035 1973 1214 2020 Donato,
1240 1972 1482 2013 Praefatione
1508 1973 1550 2012 in
1579 1972 1720 2012 Andri·

351 2053 427 2078 am.
484 2037 589 2076 Haec
603 2036 728 2088 prima
756 2034 835 2072 αὲἶα
853 2031 910 2084 *est
928 2031 1039 2070 Ludis
1060 2027 1356 2084 Megalenfi'hus‚
1383 2040 1457 2068 etc.
1516 2029 1718 2074 Suetonius

351 2092 593 2146 Tranquillus
613 2092 655 2129 in
673 2091 748 2129 vita
764 2088 971 2129 Terentii:
1001 2086 1158 2138 Scripfiit
1183 2085 1400 2126 Comoedias
1412 2086 1495 2139 fix,
1517 2099 1562 2126 ex
1581 2082 1717 2138 quibus

346 2152 513 2205 primam
532 2148 738 2192 Andriam,
769 2145 849 2183 cam
865 2141 1053 2183 Aedilibus
1082 2142 1198 2182 daret.
1253 2141 1374 2192 Quod
1399 2153 1438 2181 et
1464 2141 1648 2182 testantur
1675 2139 1719 2179 hi

350 2203 475 2246 versus
497 2205 537 2244 in
558 2203 725 2243 Andriae
747 2199 939 2255 Prologo:

432 2266 438 2272 “
462 2274 479 2280 ··
520 2260 666 2305 Fouete,
694 2256 809 2308 adeste
825 2268 942 2308 aequo
963 2256 1100 2304 animo,
1119 2267 1154 2293 et
1172 2260 1250 2294 rem¹
1269 2252 1487 2307 cognofiite,

524 2316 575 2358 Vt
586 2313 826 2368 parrzofiatis‚
856 2311 985 2365 ecquid
991 2311 1075 2363 spei
1090 2308 1146 2361 stt
1165 2309 1370 2363 reliquum.-

518 2371 679 2423 Posthac
699 2382 789 2423 quas
802 2368 925 2421 faciet
944 2367 988 2406 de
1008 2369 1156 2421 integro
1178 2366 1405 2414 Comoedias,

518 2427 752 2480 speaandae,
778 2437 826 2464 an
845 2423 1044 2478 exigendae
1052 2421 1136 2473 sint
1154 2422 1258 2461 vobis
1273 2423 1399 2473 prius.

348 2486 501 2531 Editam
517 2483 701 2522 testantur
722 2495 810 2520 cum
829 2477 1091 2524 Didascaliae‚
1120 2489 1202 2518 tum
1222 2477 1449 2525 Suetonius,
1478 2477 1532 2516 M.
1550 2476 1718 2517 Marcel-

289 2553 290 2558 *
349 2547 388 2585 10
407 2573 415 2592 ,
458 2543 534 2582 Cn.
571 2538 742 2591 Sulpitio
777 2533 878 2580 Coff.
920 2534 997 2576 hoc
1034 2534 1113 2586 est,
1159 2537 1282 2578 Anno
1319 2532 1368 2576 ab
1408 2531 1517 2574 Vrbe
1556 2532 1715 2572 condita

352 2607 656 2642 DLXXXVIIL

357 2672 359 2675 .
1631 2654 1714 2684 HE-
