1815 3168
315 89 410 148 652

701 85 855 130 ACT.
890 71 964 130 iv.
998 80 1195 130 SCEN.
1229 85 1302 133 111.

447 216 503 260 Et
514 212 667 259 scilicet
680 213 766 258 iam
777 229 848 259 me
859 213 945 260 hoc
956 213 1074 261 voles
1097 223 1267 277 patrem
1291 209 1482 266 exorare,
1503 222 1550 260 vt
1571 212 1680 260 celet

448 293 608 336 Senem
629 286 836 337 vostrum.
872 286 902 335 S
917 301 961 334 Y.
999 292 1157 342 Immo,
1185 299 1232 337 vt
1250 285 1368 335 resta
1390 290 1458 336 via
1479 305 1573 334 rem
1585 305 1681 334 nar-

546 374 613 410 ret
635 364 789 410 ordine
814 380 1008 410 omnem.
1048 361 1150 411 CL.
1187 359 1314 413 hem!

448 433 582 487 Satin'
604 439 727 485 sanus
749 456 809 492 es,
830 449 904 485 aut
922 435 1124 492 sobrius?
1161 449 1210 486 tu
1233 438 1414 504 quidem
1445 438 1570 485 illum
1591 437 1681 504 pla·
1714 498 1715 503 1

549 532 604 561 ne
632 515 798 578 prodis.

353 609 416 656 30
455 594 576 638 Nam
598 593 673 653 qui
693 590 766 636 ille
787 592 952 655 poterit
972 588 1054 638 effe
1075 593 1122 638 in
1144 589 1272 638 tuto?
1313 590 1381 638 dic
1404 587 1542 636 mihi.'

449 663 539 717 Sv.
576 668 696 712 Huic
728 666 934 729 equidem
962 665 1139 714 consilio
1173 667 1366 733 pal-mam
1392 666 1475 713 do:
1515 666 1588 712 hic
1610 681 1682 712 me

553 740 782 802 magnifice
809 739 963 801 effero,

451 820 543 871 Qui
564 820 653 864 vim
675 828 835 863 tantam
859 819 905 865 in
929 834 1015 871 me,
1040 827 1084 865 et
1104 816 1365 884 potestatem
1387 816 1572 864 habeam
1595 827 1686 864 tan-

551 903 617 939 tae
639 891 826 944 astutiae,

405 951 408 955 Ι
449 973 564 1017 Vera
588 967 772 1014 dicendo
792 979 839 1015 vt
861 984 935 1015 eos
959 967 1112 1018 ambos
1132 967 1300 1017 fallam:
1339 979 1387 1018 vt
1417 985 1557 1035 quum
1590 985 1687 1015 nar-

548 1054 616 1090 ret
635 1042 764 1090 senex
810 1083 813 1086 ,

375 1257 430 1300 27
461 1243 626 1297 Scilicet]
653 1247 761 1284 Haec
785 1242 981 1297 'particula

315 1303 382 1343 hic
399 1302 654 1355 indignanter
674 1302 769 1352 poni
785 1300 924 1353 potest,
942 1312 982 1340 vt

316 1359 344 1398 fi
366 1360 451 1411 quis
471 1359 583 1406 dicat,
598 1356 668 1411 [Et
689 1360 769 1410 quis
789 1358 836 1409 2st
852 1360 917 1410 qui
937 1358 981 1396 de
1033 1382 1036 1383 ν

318 1429 373 1454 me
399 1416 493 1467 *male
512 1414 632 1466 ,loqui
664 1412 797 1466 poffit?
835 1416 983 1455 Scilicet

318 1471 385 1511 hic
408 1472 566 1522 ponitur
586 1470 743 1521 ironice,
764 1470 864 1521 quali
876 1470 982 1522 quod

320 1528 401 1567 dici
421 1525 524 1574 solet7
554 1526 658 1566 Deus
669 1525 781 1579 fii'at.
842 1528 898 1566 Vt
917 1527 983 1565 ali-

319 1584 384 1622 bi:
416 1584 463 1622 Id
481 1582 638 1636 populus
667 1595 794 1628 curat,
826 1580 982 1622 scilicet.

319 1643 369 1681 Et
386 1641 497 1692 Virg.
518 1642 638 1691 (Aen.
660 1651 724 1687 1v‚.
747 1640 862 1692 379.)
906 1640 984 1679 Sci-

326 1697 419 1735 licet
443 1699 474 1734 is
493 1694 641 1754 ficperis
670 1693 776 1735 labor
801 1694 863 1745 est.-
935 1695 987 1734 Vt

323 1752 410 1804 celei
434 1750 560 1803 finem
587 1749 775 1805 vostrum]
809 1751 984 1792 Dicimus

322 1810 444 1857 enim,
471 1809 543 1846 celo
566 1805 640 1861 tibi
654 1807 747 1846 hanc
759 1806 903 1856 rem5et
912 1806 985 1846 celo

324 1879 362 1906 te
386 1865 429 1911 de
456 1863 523 1901 hac
552 1877 602 1901 re.
658 1863 980 1916 Intelligendum,

323 1920 408 1960 celet
424 1916 558 1958 senem
579 1918 629 1961 de
647 1918 851 1958 Bacchide.
871 1920 929 1961 C.

380 1976 422 2017 V
416 1987 434 2015 t
453 1975 540 2016 celet
545 1974 672 2025 finem
694 1974 874 2028 vostrum]
904 1977 985 2015 Ne·
1004 1972 1006 1974 ’

321 2031 448 2073 sciens
477 2028 895 2081 adolescensssexcidit
920 2044 987 2069 cur

322 2092 382 2141 Z.)
415 2087 489 2127 hoc
508 2086 709 2128 confilium
728 2087 880 2126 adiecit.
937 2090 987 2127 Et

325 2138 495 2196 (adiecit,
527 2142 620 2182 dicit
646 2144 709 2194 Z.)
734 2140 892 2183 fortasse
909 2141 987 2181 hoc

326 2202 435 2249 velis,
447 2212 495 2240 ,νε
515 2199 615 2240 celet
634 2208 783 2250 patrem
797 2198 988 2249 Clitipho-

327 2259 389 2297 nis
409 2256 539 2295 noster
568 2253 710 2303 senex,
747 2255 852 2307 quod
875 2254 989 2307 ipsius

327 2313 452 2353 amica
471 2311 515 2352 fit
532 2311 730 2351 meretrix.
787 2314 831 2352 E.
880 2342 885 2364 7

386 2437 440 2478 29
472 2424 627 2477 Prodis]
659 2422 824 2476 Prodere
835 2423 990 2475 proprie

330 2481 378 2522 ad
400 2491 580 2533 parentes
600 2478 782 2519 refertur:
812 2476 989 2533 sed-non-

331 2551 533 2588 nunquam
553 2536 601 2575 ad
621 2548 713 2575 eum
731 2537 790 2575 cui
819 2548 878 2574 res
896 2536 989 2574 alte-

332 2595 413 2636 rius
439 2591 673 2635 demandata
706 2592 778 2642 est,
816 2603 856 2633 et
885 2593 992 2635 cuius

1531 1119 1690 1171 Vester

1030 1244 1191 1284 confilio
1211 1246 1306 1286 alter
1324 1246 1483 1299 regitur.
1536 1245 1616 1286 Alii
1639 1246 1692 1285 le·

1031 1313 1130 1355 gunt
1146 1302 1285 1354 perdis.
1344 1303 1390 1342 C.

1086 1359 1259 1412 Vulgare
1285 1358 1421 1398 Prodis
1451 1357 1591 1397 melius
1623 1356 1691 1405 est,

1033 1428 1147 1466 quam
1177 1413 1358 1455 Bembini
1383 1410 1526 1453 Peidis.
1558 1411 1617 1455 Cf.
1638 1411 1693 1452 su-

1034 1485 1102 1524 pra
1111 1484 1183 1518 111,
1200 1482 1308 1522 1‚70.
1327 1473 1424 1510 Hec.
1437 1483 1494 1518 iv,
1506 1483 1542 1523 4,
1555 1482 1620 1522 50.
1650 1472 1693 1511 B.

1091 1539 1141 1580 31
1171 1528 1268 1566 Huic
1291 1525 1431 1579 confilio
1448 1525 1606 1578 palmam
1625 1525 1695 1580 do]

1033 1580 1161 1623 Trans
1161 1584 1253 1622 latio
1271 1597 1294 1621 a
1310 1583 1530 1633 vie'toribus,
1555 1582 1696 1634 quibus

1035 1639 1195 1679 dabatur
1240 1640 1376 1690 palma.
1440 1639 1696 1680 Contrarium

1038 1696 1091 1736 est
1110 1695 1204 1734 huic
1217 1695 1332 1735 illud:
1353 1695 1418 1735 Do
1429 1708 1571 1736 manus.
1609 1695 1698 1734 Pal-

1036 1767 1133 1792 mam
1161 1751 1224 1799 do]
1256 1754 1304 1791 H.
1331 1766 1363 1791 e.
1387 1750 1550 1804 affintio.
1607 1753 1697 1792 Mo-

1001 1847 1004 1852 ,
1024 1822 1077 1848 <re
1097 1805 1384 1860 paciscentium,
1405 1809 1471 1859 qui
1490 1805 1697 1848 affentien·

1035 1875 1091 1904 tes
1106 1865 1265 1917 palmam
1279 1863 1497 1915 porrigunt.
1556 1864 1603 1904 C.

1092 1920 1250 1973 Consilio
1279 1920 1438 1974 palmam
1466 1920 1535 1973 do]
1567 1919 1608 1959 ld
1629 1919 1695 1970 est,
1718 1935 1722 1938 ’

1034 1977 1242 2015 maximam
1262 1976 1458 2014 viRoriam
1478 1986 1517 2014 et
1529 1976 1695 2028 gloriam

1036 2032 1134 2072 mihi
1151 2031 1325 2070 concedo
1337 2061 1345 2079 ,
1358 2045 1414 2077 *vt
1433 2046 1556 2072 verum
1577 2033 1699 2072 dicen-

1037 2089 1084 2128 do
1112 2087 1239 2128 ambos
1264 2085 1417 2139 fizllam.
1473 2089 1697 2128 Secundum

1036 2144 1111 2184 hoc
1131 2143 1237 2196 quod
1254 2142 1553 2196 supradiximus,
1565 2155 1602 2183 vt
1614 2158 1697 2184 non

1037 2200 1169 2240 credat
1191 2198 1310 2240 senex
1335 2200 1463 2239 noster
1478 2201 1638 2240 amicam
1658 2199 1699 2239 fi-

1036 2258 1080 2297 lii
1099 2255 1157 2296 sui
1175 2255 1253 2296 effe
1272 2258 1527 2304 meretricem,
1551 2255 1698 2304 etiamsi

1038 2312 1219 2353 audierit.
1274 2313 1393 2363 Quod
1427 2311 1469 2351 fit
1503 2326 1574 2365 per
1600 2311 1698 2366 figu-

1038 2383 1121 2409 ram
1138 2367 1334 2416 διασυρμδν,
1372 2382 1469 2419 quae
1495 2369 1550 2408 est
1568 2369 1699 2409 eleua-

1038 2427 1118 2473 tio„
1135 2424 1292 2476 quando
1310 2425 1527 2464 auditorem
1545 2439 1632 2465 vera
1643 2425 1700 2464 cli-

1036 2481 1166 2522 cendo
1186 2481 1229 2519 in.
1251 2479 1422 2520 errorem
1438 2481 1595 2521 inducit.
1625 2485 1670 2522 E.

1093 2548 1147 2590 32
1176 2534 1315 2585 Nescio
1339 2551 1388 2576 an
1409 2551 1480 2589 pro
1494 2550 1621 2578 tantae
1633 2551 1697 2579 au·

1041 2594 1123 2637 &or
1139 2590 1326 2648 scripserit
1345 2607 1504 2637 tamam.
1560 2597 1603 2636 Β.
