1815 3168
600 126 1007 172 EVNVCHVS.

1386 139 1476 190 30¹

253 250 306 300 T
319 267 368 299 Η.
408 248 614 300 Profesto‘
641 270 732 300 non
764 252 865 318 plus
888 251 1090 306 biduum,
1112 261 1200 299 aut.
1237 250 1337 301 ΡΗ.
1375 257 1481 302 aut?

351 330 461 375 nihil
483 345 646 374 moror.

128 421 218 468 ¹05
251 399 357 453 ΤΗ.
382 409 503 451 'Non
534 401 630 449 fiet:

344 479 513 533 scilicet,

683 403 769 450 hoc
798 395 932 451 modo
965 402 1054 450 {ine
1084 413 1127 450 te
1159 419 1351 450 exorem.
1385 401 1484 453 PH.

252 547 572 602 Faciundum’st
595 553 714 618 quod
734 555 812 623 visss
857 551 972 603 TH.
998 552 1156 602 merito
1179 569 1278 602 amo
1298 564 1358 602 te.
1383 553 1482 604 PH.

350 630 463 678 bene
489 631 606 677 facis.

253 708 346 753 Rus
368 705 466 752 ibo:
503 705 565 752 ibi
584 706 670 753 hoc
695 721 766 752 me
792 704 1019 752 macerabo
1043 703 1258 751 biduum:

224 836 227 840 ‚
250 785 316 828 Ita
334 781 472 828 facere
492 776 732 826 certum'st:
777 798 874 827 mos
896 774 1151 840 gerundu'st
1176 780 1357 826 Thaidi.

252 860 346 909 Tu,
366 860 594 909 Parmeno,
616 856 703 903 huc
726 855 791 904 fac
813 855 877 903 illi
899 855 1199 902 adducantur..
1219 852 1255 904 P
1267 868 1301 900 A
1315 869 1365 902 R.
1396 873 1484 902 ma—

350 948 496 977 xume·

125 1021 148 1059 1
167 1022 226 1058 ιο
251 1003 285 1057 Ρ
298 1020 348 1056 Η.
382 1011 437 1053 In
458 1007 544 1055 hoc
564 1005 764 1062 biduum,
784 993 940 1060 Thais,
971 1003 1083 1054 vale.
1116 1002 1230 1054 ΤΗ.
1266 1006 1331 1054 mi
1352 1006 1486 1054 Phae-

355 1079 459 1138 dria,

177 1296 258 1337 104
288 1282 460 1335 Proficio
479 1295 555 1323 non
564 1284 654 1337 plus
673 1284 779 1323 bidu-

123 1354 205 1390 um,
241 1339 331 1393 aut]
380 1338 606 1383 Α’ποσιωπησις
645 1338 780 1379 secun·

124 1397 186 1437 da.
240 1397 290 1436 D.

180 1463 257 1504 105
286 1451 389 1499 Hoc,
421 1449 530 1490 modo
547 1450 627 1502 fine
643 1463 677 1489 te
697 1463 781 1490 exo-

124 1507 220 1562 rem]
247 1510 362 1547 Noue
379 1519 495 1555 nune,
508 1507 642 1546 nonde
655 1519 781 1546 teexo-

123 1578 223 1604 rem:
254 1560 318 1602 sed
340 1575 376 1602 te
395 1558 553 1601 exorem.
607 1562 692 1600 Hoc
716 1561 780 1600 ab-

121 1616 255 1665 solute.
311 1620 362 1660 D.

124 1718 128 1721 ,
181 1677 259 1717 106
285 1674 514 1714 Faciundum
534 1671 778 1726 estquodvis]

122 1733 215 1771 Non
232 1730 334 1782 quod
349 1742 505 1782 oportet,
528 1727 590 1768 sed
606 1729 704 1781 quod
724 1733 781 1768 vis

124 1785 309 1832 dicendo,
327 1786 493 1824 mult-um
511 1785 658 1825 addidit
678 1782 781 1823 obse-

122 1843 219 1895 ¹quio
238 1839 313 1881 suo.
357 1842 508 1881 Merito
530 1854 611 1880 amo
630 1841 683 1895 te]
712 1843 784 1881 Be-

121 1911 177 1939 ne
209 1898 346 1936 amoris
371 1897 615 1936 mentionem
641 1897 689 1936 ad
716 1910 782 1935 au-

113 1953 329 2007 ferendam
340 1950 592 2005 suspicionem
612 1964 782 1993 coutem-

123 2021 184 2050 tus
201 2007 415 2050 Phaedriae
446 2008 551 2048 fecit.
608 2009 780 2060 Bertejh-

123 2065 192 2120 cis]
231 2068 277 2106 In
303 2062 626 2105 consuetudinem
658 2065 783 2104 venit.-

123 2121 346 2173 Bene‘fizcit,
372 2131 412 2161 et
429 2120 516 2160 bene
523 2120 665 2173 fecisti,
696 2134 779 2159 non

123 2177 326 2218 iudicantis
336 2175 423 2227 effe,
435 2175 499 2218 sed
510 2178 649 2232 gratias
661 2189 781 2230 agen·

126 2233 185 2273 tis.
240 2235 290 2274 D.

178 2287 310 2330 Verba
327 2287 415 2329 bene
428 2289 535 2343 fizcis
551 2287 620 2341 ipfi
639 2287 781 2328 Thaidi

127 2340 207 2384 effe
223 2345 435 2394 tribuenda,
457 2356 614 2398 plwaetel
634 2344 719 2384 cod.
732 2347 781 2385 G.

125 2398 299 2449 Fabricii,
326 2400 402 2440 duo
421 2416 444 2443 e
469 2401 606 2443 nostris
625 2401 781 2442 veterri-

126 2456 182 2497 mi
213 2453 447 2497 confirmant.
503 2461 545 2498 B.

187 2522 264 2564 107
294 2513 370 2554 Rus
396 2511 477 2567 ibo]
506 2516 555 2554 Et
580 2510 655 2552 hoc
682 2526 783 2553 ama-

125 2567 271 2608 torium
293 2567 369 2617 est,
409 2567 528 2609 odiffe
546 2568 680 2609 vrbem
700 2568 781 2609 fine

125 2623 261 2665 amica.
325 2627 409 2666 Nec
443 2624 557 2683 dii-rit,
594 2624 656 2666 Ibi
692 2639 780 2666 cro:

1425 1161 1485 1207 Et

828 1280 913 1331 sed,
954 1280 1016 1323 Ibi
1042 1281 1110 1323 hoc
1136 1296 1193 1323 me
1215 1279 1405 1323 macerabo
1431 1280 1488 1320 bi·

828 1339 959 1392 duum]
990 1339 1336 1378 Pronunciandum
1364 1336 1420 1377 est
1435 1335 1488 1376 bi-

828 1395 952 1442 duum,
971 1406 1014 1432 ae
1031 1393 1058 1433 fi
1070 1392 1221 1434 dixisset
1231 1393 1408 1432 biennio
1436 1396 1489 1435 D.

828 1448 830 1450 ¹
888 1456 965 1499 108
1005 1448 1070 1490 Ita
1097 1449 1232 1501 flzcere
1256 1461 1395 1489 certum
1420 1448 1486 1503 est]

829 1508 886 1546 Ex
905 1505 965 1544 his
985 1505 1294 1558 apparetverbis,
1317 1517 1432 1556 quam
1444 1504 1489 1545 11

830 1561 870 1601 bi
900 1572 1047 1601 amator
1070 1561 1146 1601 hoe
1168 1574 1288 1615 aegre
1304 1561 1487 1613 imper-,et

827 1619 921 1658 Mos
928 1619 1118 1672 gerundus
1137 1617 1183 1670 est
1198 1617 1353 1670 Thaidi]
1382 1617 1490 1657 Cum

829 1673 1165 1726 pronunciatione
1206 1682 1246 1712 et
1277 1672 1469 1726 gestu:v

831 1727 1018 1776 ostendat,
1041 1742 1142 1781 quae
1161 1729 1217 1769 vis
1235 1728 1373 1767 amoris
1382 1726 1437 1778 fir,
1448 1737 1488 1769 vt

829 1783 973 1825 Thaidi
993 1797 1079 1824 mos
1105 1789 1270 1839 geratur.
1325 1787 1374 1825 D.

889 1853 968 1895 109
1007 1836 1090 1881 Huc
1106 1843 1179 1895 fac
1215 1840 1272 1881 illi
1301 1840 1488 1880 adducan-

830 1897 914 1952 tur]
944 1896 1156 1939 Eunuchus
1179 1907 1219 1936 et
1235 1897 1376 1936 ancilla
1390 1895 1489 1950 figu-

831 1965 912 1992 rate
938 1953 999 1993 Illi
1007 1970 1022 1991 .·
1051 1952 1116 1994 sed
1140 1954 1339 2006 praeualet
1361 1965 1490 2007 genus

829 2007 1093 2049 masculinum.
1142 2010 1397 2056 Adducamur,
1416 2022 1488 2061 pro

829 2066 1011 2105 adducito
1044 2078 1124 2106 eos.
1182 2069 1233 2106 Et
1260 2065 1367 2104 bene
1384 2065 1491 2104 adie-

830 2122 932 2161 &tum
960 2121 1015 2161 est
1024 2152 1034 2171 ,
1063 2134 1119 2161 ne
1145 2120 1272 2160 dilatis
1290 2120 1339 2160 ob
1358 2131 1489 2161 reten-
1540 2122 1542 2124 ’

829 2177 982 2217 tionem
1003 2176 1231 2216 muneribus
1250 2178 1404 2231 (Legoz
1423 2189 1492 2217 aut

828 2236 979 2273 retentis
994 2231 1228 2282 muneribus),
1254 2246 1338 2272 non
1355 2245 1491 2286 proce·

830 2291 941 2330 deret
968 2290 1071 2330 auus
1103 2288 1271 2329 fabulae.
1311 2300 1349 2329 et
1377 2286 1501 2328 fimus

831 2346 921 2397 quia
947 2343 1123 2386 absentia
1147 2343 1366 2386 Phaedriae
1391 2357 1490 2397 opus

831 2401 894 2451 est,
915 2401 1007 2442 dum
1026 2415 1096 2454 per
1119 2400 1337 2443 Chaeream
1366 2399 1490 2441 ludifi-

830 2468 933 2498 catur
949 2459 1143 2498 meretrix.
1201 2460 1250 2498 D.

889 2525 969 2557 110
1013 2515 1061 2554 In
1094 2514 1162 2554 hoc
1199 2512 1348 2552 biduum
1378 2511 1490 2553 Thais

830 2569 930 2625 vale]
961 2574 1076 2612 Nunc
1106 2571 1186 2610 vale
1215 2565 1421 2610 abscefl'um
1449 2569 1489 2609 {i-

830 2626 1014 2681 gnificat,
1066 2640 1149 2667 non
1201 2622 1488 2693 salutationem:

1397 2695 1486 2724 natu
