1815 3168
307 160 398 206 124

681 142 843 189 ACTg
867 142 918 185 11.
966 138 1161 184 SCEN.
1195 138 1267 181 VI.

435 272 530 322 DA
547 285 596 318 v.
631 272 760 318 Nihil
785 267 954 316 hercle:
992 276 1079 323 aut,
1110 262 1139 309 {i
1164 264 1297 317 adeo,
1326 263 1451 311 bidui
1473 259 1555 317 est,
1592 272 1667 311 aut

533 347 669 395 tridui

348 441 406 477 10
438 428 561 472 Haec
583 421 847 469 sollicitudo:
887 415 1020 464 nosti:
1053 411 1411 461 deinde—«defluet.

368 506 372 508 ’
437 501 610 547 Etenim
633 497 746 560 ipsus
769 496 911 541 secum
937 508 1031 538 eam
1053 506 1147 536 rem
1169 491 1390 554 reputauit
1413 491 1494 536 via.

439 573 517 624 Sl·
551 573 716 620 Laudo.
763 567 808 615 D
828 583 859 615 A
875 581 922 615 v.
971 567 1075 613 dum
1099 565 1268 612 licitum
1294 562 1353 610 est
1374 566 1440 616 ei,
1473 564 1669 627 dumque

535 659 646 696 aetas
677 646 789 698 tulit,

300 981 600 1042 pronominibus
654 981 760 1022 bene
813 978 962 1020 mollita

300 1044 410 1085 sunt:
443 1042 593 1081 etenim
621 1040 761 1078 atrocia
793 1035 900 1086 sunt,
934 1036 960 1075 fi

302 1114 389 1140 curn
417 1097 489 1137 suis
518 1095 742 1136 nominibus
769 1094 873 1133 nuda
894 1106 962 1145 po-

300 1167 461 1198 nantur.
518 1156 567 1194 Et
605 1151 747 1201 huiufi‘e
788 1150 960 1203 hospitae,

300 1227 385 1253 non
406 1208 638 1250 meretricis:
670 1219 707 1247 et
731 1205 962 1255 conficetudi-

300 1283 393 1316 nem,
430 1280 512 1305 non
532 1276 703 1304 amorem
721 1262 826 1301 dixit.
854 1263 908 1300 ita
926 1274 965 1299 ο-

300 1325 411 1365 mnia
430 1330 624 1367 extenuat,
643 1329 681 1357 vt
698 1321 829 1358 Dauus
849 1315 964 1356 aude-

300 1393 341 1421 at
359 1376 548 1419 confiteri.
602 1377 652 1415 D.

354 1434 430 1477 Etfi
449 1439 596 1474 omnes·
610 1426 721 1469 codd.
744 1439 841 1480 quos
867 1426 966 1470 vidit

299 1494 493 1538 Faernus,
520 1487 669 1527 habent
687 1484 866 1524 ordinem
885 1483 965 1523 Do-

301 1550 410 1591 nati:
465 1544 604 1586 melior
639 1552 771 1582 tamen
809 1540 864 1580 est
907 1553 964 1578 or-

302 1605 355 1644 do
378 1619 385 1644 :
426 1602 587 1656 Propter
617 1597 782 1651 hospitae
808 1595 964 1646 huiusce.

300 1662 515 1702 Caeterum
542 1656 739 1706 antiquius
765 1651 965 1705 eststospi-

304 1723 375 1759 zai.
435 1717 478 1756 B.

358 1785 385 1825 9
414 1774 507 1819 Aut,
526 1766 562 1818 fi*
574 1767 680 1816 adeo,
700 1764 805 1806 bidui
821 1777 838 1804 e
895 1775 965 1803 aut

302 1829 442 1877 tridui]
470 1830 597 1873 Bene,
625 1835 693 1862 aut
711 1822 754 1874 si
771 1822 885 1860 adeo.-
914 1832 968 1859 ne

303 1885 332 1926 fi
358 1884 522 1923 omnino
550 1889 731 1932 negaret,
761 1891 827 1917 cur
846 1878 968 1932 igitur

305 1940 422 1992 tristis
441 1938 487 1989 est
504 1936 562 1976 ille
571 1934 593 1979 *ζ
612 1935 771 1974 diceret.
825 1934 876 1972 D.

367 2008 418 2038 10
448 1990 689 2043 Sollicitudo]
717 1992 878 2040 Propter
895 1997 969 2025 tur-

302 2052 516 2092 bationem.
557 2045 757 2099 Nostin'2]
787 2045 833 2084 In
852 2042 968 2097 figni-

302 2108 528 2150 ficationem
572 2101 806 2149 multorum,
867 2103 968 2151 q'uae

304 2161 542 2215 compendio
589 2158 749 2199 facimus
800 2154 963 2208 (malim

304 2216 677 2273 compendtfizcimus)
704 2244 714 2264 ,
809 2209 963 2263 Nostin’

304 2278 480 2317 dicimus.
537 2274 588 2312 D.

363 2330 562 2372 Bentleius
602 2326 685 2380 post
718 2323 814 2377 nosti
840 2320 967 2376 posuit

305 2388 460 2442 {ignum
486 2382 819 2436 interrogationis,
860 2377 967 2431 quod

306 2458 390 2486 non
417 2442 471 2483 est
489 2453 596 2492 opus.
650 2442 690 2480 Z.

365 2512 413 2543 11
446 2498 559 2538 Rem
578 2494 766 2548 reputauit
784 2491 867 2546 via]
900 2488 968 2530 Re-

303 2557 478 2612 putauit,
517 2550 752 2593 retrac‘tauit:
784 2548 875 2601 quia
896 2559 968 2599 pu-

307 2626 409 2663 tare,
440 2621 606 2666 purgare
633 2605 697 2649 est.
731 2604 835 2646 vnde
853 2613 891 2644 et
908 2617 967 2644 ar-

1537 785 1667 827 Ama-

1010 976 1139 1026 bores,
1176 986 1217 1016 et
1234 976 1327 1015 vites
1342 984 1474 1025 putare
1492 972 1667 1011 dicimus.

1012 1035 1101 1088 Via]
1132 1031 1317 1080 Consilio,
1340 1026 1504 1069 ratione.
1561 1031 1610 1068 D.

1066 1094 1158 1131 Eam
1190 1103 1265 1128 rem
1294 1085 1496 1139 reputauit]
1543 1087 1590 1125 V.
1621 1085 1667 1126 C.

1012 1146 1218 1196 eamficum
1245 1143 1317 1196 ipsc}
1341 1155 1417 1182 rem
1443 1141 1539 1180 refba
1566 1151 1667 1192 repu-

1012 1205 1114 1243 tauit
1137 1204 1209 1244 via,
1266 1202 1307 1239 L.

1069 1260 1131 1299 Sic
1154 1251 1299 1294 versum
1318 1252 1413 1306 legit
1430 1253 1473 1290 in
1493 1249 1574 1290 cod.
1594 1254 1670 1291 Va-

1011 1313 1140 1353 ticano
1168 1316 1363 1357 Faernus,
1395 1308 1455 1346 cui
1480 1304 1671 1345 consentit

1012 1382 1109 1408 vnus
1138 1380 1179 1416 >e
1222 1364 1356 1404 nostris
1393 1360 1676 1402 vetustiffimus.'

1014 1425 1092 1465 Sed
1125 1436 1196 1463 nos
1237 1421 1413 1461 delemus
1435 1419 1561 1471 secum
1589 1429 1672 1457 tan-

1015 1494 1131 1533 quam
1149 1480 1330 1526 alienum,
1362 1487 1401 1517 et
1417 1475 1500 1528 post
1519 1489 1595 1515 rem
1616 1487 1671 1514 re·

1015 1537 1196 1589 ponimus
1222 1535 1338 1579 recta,
1371 1531 1476 1584 quod
1504 1534 1672 1572 Faernus

1014 1592 1111 1632 vidit
1128 1593 1168 1632 in
1181 1590 1292 1630 codd.
1304 1599 1342 1629 et
1352 1587 1586 1628 consuetudo
1595 1590 1672 1627 Te-

1014 1649 1131 1689 rentii
1150 1658 1187 1688 et
1206 1646 1328 1686 Plauti
1343 1644 1514 1697 postulat.
1573 1645 1613 1682 B.

1074 1716 1124 1748 12
1152 1702 1302 1757 Laudo]
1351 1703 1483 1742 Senex
1519 1699 1672 1738 induci-

1014 1771 1097 1810 tur,
1135 1771 1176 1800 et
1203 1759 1337 1798 credit.
1401 1757 1502 1795 Dum
1533 1756 1673 1795 licitum

1015 1817 1079 1872 est]
1112 1815 1242 1864 Deest,
1254 1827 1385 1868 perte:
1406 1808 1480 1851 hoc
1492 1810 1555 1859 est,
1576 1812 1671 1850 dum

1015 1885 1055 1913 tu
1075 1871 1282 1926 permisisti.
1339 1872 1387 1910 Et
1404 1869 1502 1906 mire
1519 1865 1581 1905 hic
1601 1867 1672 1905 vti-

1018 1938 1079 1968 tur
1097 1928 1222 1967 verbis
1243 1923 1352 1965 senis.
1380 1921 1465 1975 lpse
1483 1924 1588 1962 enim
1616 1920 1672 1961 su-

1017 1997 1085 2038 pra
1104 1984 1220 2031 dixit,
1245 1982 1349 2021 Dum
1366 1991 1505 2031 tempus
1524 1980 1574 2018 ad
1591 1993 1672 2018 eam

1016 2054 1092 2081 rem
1110 2039 1215 2087 tulit,
1235 2036 1334 2088 fini,
1360 2038 1522 2075 animum
1547 2048 1590 2074 vt
1607 2049 1670 2073 ex-

1009 2096 1128 2149 pleret
1153 2095 1273 2147 ficum.
1326 2092 1433 2131 Dum
1457 2093 1600 2131 licitum
1624 2090 1672 2142 est

1015 2152 1098 2206 illi]
1139 2153 1199 2191 Sic
1236 2159 1384 2188 veteres
1413 2158 1452 2187 et
1474 2145 1666 2200 placitum,

1012 2219 1051 2250 et
1068 2209 1242 2261 puditum
1252 2204 1452 2244 dicebant:
1481 2217 1579 2255 quae
1590 2217 1671 2253 nos,

1011 2264 1159 2318 placuit,
1172 2263 1318 2316 puduit.
1376 2261 1547 2312 Dumque
1569 2273 1669 2299 actas

1017 2320 1120 2375 tulit]
1152 2321 1257 2359 Dum
1286 2314 1381 2356 esset
1411 2327 1512 2354 aetas
1537 2316 1670 2354 imma-

1017 2389 1100 2417 tura
1117 2374 1272 2427 nuptiis.
1299 2373 1412 2421 Tulit,
1436 2372 1514 2410 duo
1532 2369 1673 2424 fignifi-

995 2443 1093 2473 ·cat:
1124 2431 1258 2479 attulit,
1289 2439 1328 2468 et
1347 2427 1516 2475 abstulit3
1545 2424 1671 2479 passus

1018 2488 1081 2538 est,
1108 2498 1147 2527 et
1171 2485 1336 2539 pertulit.
1391 2487 1439 2523 D.

1067 2543 1268 2585 Bentleius
1305 2541 1419 2583 metri
1448 2535 1558 2580 causa
1587 2535 1671 2578 scri-

1013 2599 1088 2656 pfit
1103 2601 1160 2641 eii.
1212 2602 1254 2641 Z.
