1815 3168
433 279 1613 355 βψς-*ἕξ

387 425 859 500 PVBLII
945 367 1666 493 TERENTil

549 541 1297 599 CARTHAGINIENSIS
1340 540 1511 591 AFRI

757 641 814 696 A
859 639 916 696 N
963 637 1019 692 D
1067 636 1118 693 R
1164 635 1187 692 1
1232 635 1303 693 A.

432 805 586 838 ACTA
629 802 801 833 Lvnls
847 799 1249 830 MEGALENSIB.
1285 800 1334 827 M.
1372 797 1575 828 FVLVIO
1613 795 1652 825 et
1685 795 1735 824 M.

498 858 828 890 GLABRIONE
877 857 1134 885 AEDILIB.
1181 856 1434 885 CVRVLIB.
1473 852 1733 881 EGERVNT

495 918 535 945 1„
579 914 848 943 AMBIVIVS
889 913 1113 949 TVRPIO,

854 969 1047 998 MODOS
1085 968 1254 997 FECIT
1294 965 1547 996 FLAccvs
1581 963 1739 992 CLAV-

496 971 798 1002 NESTINVS.

1160 913 1201 940 L.
1256 908 1531 939 ATTlLIVS
1577 899 1736 936 Pius„

493 1019 550 1057 DI
580 1027 796 1063 FlLlVS,
825 1025 1010 1055 Tlsslls
1040 1024 1278 1052 PARIBVS
1307 1021 1554 1051 DEXTRIS
1580 1020 1647 1047 ET
1673 1019 1739 1046 SI·

497 1083 746 1113 NISTRIS.
784 1084 855 1110 ΕΤ
896 1081 1000 1109 EST
1029 1079 1178 1109 TOTA
1216 1078 1454 1108 GRAECA.
1483 1075 1662 1105 EDITA
1689 1073 1738 1103 Μ.

498 1140 815 1174 MARCELLO,
846 1139 926 1167 CN.
955 1132 1396 1166 SVLPI'rlo‘coss.

389 1283 481 1325 Pub.
495 1283 657 1323 Terentii
676 1281 1014 1338 Carthagim'enfis}

331 1339 512 1384 Asserere
534 1340 638 1378 hunc
656 1341 808 1378 titulum
823 1339 1014 1378 Terentio

332 1398 449 1446 volui,
472 1410 590 1448 quem
612 1397 653 1434 in
676 1396 874 1434 nonnullis
887 1407 1016 1433 exem-

332 1453 504 1507 plaribus
532 1454 585 1491 ita
613 1462 846 1503 conceptum
876 1449 1017 1502 reperi.

332 1513 468 1561 Itaque
496 1508 546 1548 fic
565 1518 718 1546 vocatur
736 1522 758 1545 a
775 1511 946 1553 Donato,
979 1514 1019 1543 et

333 1581 358 1606 a
376 1563 667 1618 quibuscunque
685 1564 769 1602 aliis
783 1565 896 1602 vitam
917 1562 1019 1600 illius

334 1619 565 1673 descriptam
582 1619 780 1658 habemus.
815 1619 901 1658 Fuit
921 1618 1018 1656 alius

335 1678 544 1719 Terentius
566 1675 683 1723 Libo,
711 1675 761 1715 de
780 1688 856 1726 quo
879 1675 919 1712 in
929 1677 1017 1712 Pro-

337 1732 580 1787 legomenis:
609 1732 713 1770 cuius
742 1729 891 1770 fortean
920 1727 1019 1780 frag-

338 1801 473 1831 menta
499 1787 604 1835 sunt,
635 1786 736 1839 apud
753 1789 859 1826 Varr.
879 1784 929 1824 de
948 1787 1018 1825 LL.

339 1846 406 1886 lib.
425 1859 458 1883 v.
519 1844 669 1883 Gaudia
676 1843 753 1895 fita
767 1840 811 1893 fi
825 1856 945 1881 omnes
961 1840 1022 1879 ho-

340 1906 455 1942 mines
474 1900 666 1951 conftrant
684 1912 794 1939 vnum
821 1900 862 1937 in
890 1897 1021 1942 Iocum,

341 1971 467 1999 tamen
485 1971 562 1996 mea
573 1956 761 2008 exfitperet
779 1955 936 1994 laetitia.
973 1956 1023 1993 Et

343 2015 515 2055 Gellium
532 2013 641 2052 Noet.
666 2011 779 2052 Attic.
808 2010 873 2050 lib.
891 2020 1023 2048 xvnl.

344 2084 382 2112 c.
396 2083 454 2110 xl.
487 2068 744 2119 Palliumfhce
761 2066 802 2106 vt
815 2065 1023 2121 splendeat.

346 2129 400 2168 At
426 2139 517 2165 vero
536 2124 652 2164 verba
671 2125 735 2162 illa
753 2122 857 2175 apud
876 2121 1026 2160 Festum

347 2184 391 2223 in
425 2180 647 2222 Summum:
682 2180 804 2234 Quod
823 2191 928 2231 pozes
944 2174 1026 2227 sile,

348 2239 441 2283 cela,
477 2238 635 2284 occulta,
668 2250 756 2292 tege,
784 2248 875 2280 tace,
904 2231 1029 2284 muffiz‚

347 2308 454 2335 mane
464 2310 479 2331 ε
506 2294 632 2345 potius
645 2292 816 2340 Caecilii,
832 2304 945 2342 quam
954 2292 1030 2328 Te-

349 2351 468 2391 rentii
489 2347 566 2390 esse
585 2360 690 2400 puto,
745 2353 806 2389 Ex
828 2345 1031 2398 Carthagi-

351 2405 492 2447 niensis
517 2418 610 2444 vero
627 2404 739 2444 huius
760 2402 835 2452 sex,
857 2415 958 2454 quae
977 2413 1033 2440 re-

351 2464 482 2515 liquae
506 2460 611 2509 sunt,
640 2459 800 2508 fabulis,
828 2472 943 2509 quum
962 2458 1033 2508 pri-

353 2532 462 2560 mum
490 2518 532 2556 in
558 2514 708 2556 scenam
735 2514 915 2566 produsta
942 2510 1034 2552 esset

352 2574 513 2621 Andria,
533 2573 786 2625 pronunciata
807 2569 879 2611 fuit
888 2569 1034 2608 Andria

353 2630 533 2672 Terentii,
554 2638 592 2667 vt
610 2639 648 2666 et
665 2627 876 2679 Adelphoe:
901 2638 1034 2677 quem-

354 2685 563 2726 admodum
582 2683 695 2723 docet
708 2686 892 2724 Donatus.
932 2680 1035 2722 Atin

354 2741 515 2795 reliquis
539 2738 719 2780 omnibus
744 2751 890 2780 nomen
911 2736 1038 2776 auno-

1610 1173 1744 1215 PRO·

1061 1283 1111 1321 ris
1130 1278 1402 1333 praepositum:
1423 1276 1529 1329 quod
1548 1273 1642 1315 scire
1658 1285 1742 1321 nos,

1062 1336 1264 1377 suffecerit.
1320 1337 1419 1374 Nam
1439 1335 1490 1371 ita
1518 1344 1623 1370 nunc
1650 1342 1744 1381 quo-

1065 1407 1142 1444 que
1160 1392 1224 1430 edi
1245 1390 1408 1438 debere,
1437 1387 1554 1428 futilis
1573 1386 1668 1425 ratio
1689 1380 1746 1424 es·

1065 1448 1132 1488 set.
1166 1460 1239 1486 nec
1266 1456 1357 1496 puto
1385 1456 1618 1496 quemquam
1645 1440 1744 1480 adeo

1065 1507 1202 1554 inepte
1217 1498 1450 1556 religiosum,
1470 1510 1508 1540 vt
1531 1500 1573 1538 in
1591 1496 1664 1537 hoc
1680 1508 1747 1536 me

1067 1558 1206 1601 errasse
1231 1560 1343 1598 dicat.
1397 1560 1440 1597 L.

1129 1615 1251 1655 Tibiis
1291 1612 1448 1667 paribus
1489 1609 1662 1663 dextris]
1700 1611 1746 1649 In

1069 1668 1294 1724 quibusdam
1305 1680 1395 1708 vett.
1424 1667 1540 1707 Tibiis
1550 1663 1748 1718 parilibus,

1069 1739 1108 1767 vt
1125 1731 1220 1768 Mar.
1238 1726 1372 1766 ViE‘tor
1389 1725 1432 1762 in
1451 1721 1592 1762 Genesi
1612 1734 1692 1771 cap.
1716 1732 1750 1761 1.

1068 1784 1226 1824 Noc'tem
1247 1780 1440 1831 intercisae
1457 1777 1609 1831 parilem
1624 1777 1753 1828 ficere

1069 1837 1249 1881 tenebrae.
1308 1838 1423 1886 Quae
1442 1847 1533 1873 vero
1561 1833 1661 1873 tibiis
1688 1846 1753 1884 pa·

1070 1895 1172 1935 ribus
1191 1895 1251 1933 vel
1269 1891 1477 1944 imparibus
1496 1890 1576 1929 acia
1597 1888 1753 1937 dicatur,

1072 1952 1241 2004 explicat
1255 1947 1465 1989 Diomedes
1484 1945 1550 1985 lib.
1572 1958 1638 1986 111„
1679 1945 1756 1985 Cu-

1072 2010 1130 2046 ius
1152 2009 1206 2047 rei
1223 2006 1361 2045 indicia
1376 2003 1544 2057 produnt
1563 2000 1669 2040 nobis
1688 2013 1754 2039 an-

1074 2067 1200 2117 tiquae
1220 2061 1434 2104 comoediae,
1451 2062 1491 2098 in
1511 2057 1640 2112 quibus
1653 2059 1754 2095 inue-

1075 2124 1222 2166 nimus,
1265 2119 1345 2157 acia
1375 2116 1477 2155 tibiis
1505 2112 1657 2166 paribus
1686 2124 1756 2152 aut

1076 2174 1298 2226 imparibus,
1317 2186 1382 2213 aut
1393 2170 1563 2211 serranis.
1591 2169 1755 2223 Qtando

1079 2235 1175 2272 enim
1204 2229 1337 2270 chorus
1364 2226 1512 2267 canebat
1538 2225 1691 2265 choricis
1711 2226 1760 2263 ti-

1080 2288 1172 2334 biis,
1205 2287 1246 2326 id
1270 2285 1316 2338 est
1335 2284 1573 2330 chananeis,
1613 2280 1757 2330 artifex

1081 2342 1316 2386 concinebaz;
1345 2345 1383 2381 in
1400 2341 1550 2379 canticis
1569 2350 1686 2377 autem
1702 2338 1761 2388 pi-

1082 2401 1253 2442 zhaulicis
1273 2394 1521 2449 rfimnfizbat.
1572 2394 1643 2433 Sed
1661 2391 1759 2445 quod

1079 2455 1235 2511 paribus
1260 2455 1365 2495 tibiis
1394 2449 1685 2502 autJimparihus
1705 2452 1760 2488 in-

1081 2515 1244 2552 venimus
1253 2510 1457 2562 seriptum,
1490 2506 1553 2545 hoc
1562 2502 1761 2560 fignrficat,

1083 2569 1191 2622 quod,
1199 2565 1242 2618 fi
1255 2566 1398 2620 quando
1430 2563 1600 2601 monodio
1615 2559 1757 2615 agebat,

1084 2639 1196 2664 vnam
1213 2623 1343 2664 tibiam
1361 2617 1517 2671 inflabat
1528 2649 1536 2668 ,
1563 2618 1606 2669 fi
1616 2616 1761 2670 quando

1542 2678 1602 2718 Ex
1619 2671 1763 2715 Donati

1073 2681 1250 2736 fflnodio,
1279 2689 1486 2731 vtramque.
1683 2725 1702 2767 s

1698 2740 1765 2766 en·
