1815 3168
364 165 459 213 352

497 275 608 327 Cn.
659 281 835 325 Eamus.
875 275 958 324 PA
979 291 1025 323 R.

743 151 904 197 ACT.
936 151 993 196 11.
1021 150 1216 196 SCEN.
1248 151 1315 195 111.

1080 271 1285 337 Pergin'?
1318 272 1451 324 Cu.
1499 274 1729 326 certum'st.

597 352 675 401 PA
691 369 736 400 R.
773 354 871 401 vide
892 369 947 399 ne
970 354 1156 398 nimium
1186 352 1373 399 calidum
1394 354 1479 400 hoc
1507 351 1558 399 sit
1580 354 1731 401 modo.

502 428 613 480 Cn.
652 435 763 477 Non
795 428 853 475 est
891 425 1117 492 profebio:
1163 427 1267 475 fine.
1304 425 1443 474 PAR.
1482 438 1524 475 at
1556 431 1733 476 enimi·

598 505 704 552 staec
731 508 774 551 in
797 521 866 550 me
889 504 1072 550 cudetur
1093 503 1210 550 faba:
1246 499 1292 549 C
1309 521 1356 550 Η.
1394 503 1474 553 ah!

396 594 462 646 90
499 581 580 630 PA
599 596 645 626 R.
682 582 917 642 Flagitium
936 580 1130 626 facimus.
1167 577 1213 626 C
1230 596 1276 628 Η.
1312 595 1366 625 an
1386 578 1432 625 id
1455 577 1733 640 flagitium’st,

597 656 627 704 fi
650 660 697 704 in
725 657 908 704 domum
927 657 1218 702 meretriciam

364 868 562 911 poterant:
594 867 634 896 vt
657 870 765 895 nunc
796 869 913 897 manu
935 867 1026 909 age-

365 930 407 955 re
426 915 639 954 Chaeream
669 910 895 963 (intersere,
933 914 1022 951 Par-

363 973 565 1022 menonem)
596 973 840 1008 Parmenone
868 965 947 1018 ipso
971 968 1023 1007 di-

365 1038 480 1066 cente
498 1023 775 1077 cognoscimus.
831 1023 918 1076 Qo
943 1036 1024 1061 tru-

364 1084 419 1122 dis
435 1082 476 1134 ἓ]
508 1080 670 1119 Praebet
689 1078 727 1119 se
746 1079 781 1118 vi
802 1079 1023 1132 cogendum

364 1139 540 1185 domino,
562 1149 679 1187 quem
701 1135 1024 1186 compulitdiffls.

364 1194 574 1234 Pera-meris
602 1195 676 1231 iam
704 1205 743 1231 tu
764 1192 835 1246 me]
865 1194 1021 1230 Pei-uer-

364 1251 468 1290 teris.
505 1248 610 1287 vnde
648 1249 906 1298 prouerbium,
958 1247 1024 1285 Be-

363 1321 407 1347 ne
421 1305 625 1359 plaustrum
641 1306 812 1358 perculit
878 1302 966 1343 Tibi
994 1318 1025 1342 e-

363 1363 511 1417 quidem
538 1361 637 1408 dico,
668 1362 789 1414 mane]
819 1360 1026 1412 Sigillatim

364 1419 431 1459 ista
470 1417 770 1470 pronuncianda
811 1413 926 1456 sunt:
974 1429 1025 1454 ex

364 1474 504 1527 quibus
524 1475 781 1527 intelligatur,
813 1485 895 1511 non
915 1470 1024 1512 ceffa-

364 1545 406 1572 re
428 1531 667 1578 Chaeream,
695 1531 791 1582 quin
809 1527 934 1568 adhuc
957 1530 1027 1568 im-

362 1588 481 1642 pellat
500 1597 539 1625 et
557 1585 690 1626 trudat.
746 1588 796 1626 D.

422 1651 471 1693 gg
504 1641 702 1698 Pergin’?]
731 1639 851 1692 Quasi
871 1642 1027 1682 veroio-

362 1713 409 1738 co
426 1699 582 1746 dixerit,
608 1712 689 1737 non
711 1695 820 1737 serio.
875 1699 937 1739 Ne
966 1700 1023 1738 niv

361 1758 476 1795 mium
522 1754 706 1808 calidum]
754 1752 1022 1794 Periculosum.

362 1812 441 1853 Sed
481 1813 619 1850 melius
666 1809 832 1850 callidum
868 1812 1026 1865 legitur.

363 1867 563 1921 Nimium]
617 1866 897 1906 Aduerbiale2—
933 1867 1023 1918 quia

361 1927 513 1964 nimium
532 1923 686 1974 propria
706 1935 780 1960 vox
801 1922 863 1961 est.
915 1923 965 1964 D,

418 1980 596 2020 Callidum
616 1978 793 2030 plerique
822 1976 935 2016 codd.
961 1975 1022 2016 ha·

359 2034 469 2074 bent.
525 2035 602 2075 Sed
641 2034 797 2073 calidum
834 2045 872 2073 et
897 2031 1022 2073 versus

360 2103 401 2132 et
423 2088 549 2130 sensus
568 2089 770 2142 postulant.
833 2093 874 2129 Β.

416 2155 468 2198 89
500 2150 551 2185 At
582 2151 677 2184 enim
706 2145 811 2197 zstaec
829 2148 868 2184 in
890 2158 942 2184 me
963 2156 1020 2183 cu-

360 2202 595 2257 deturfczba]
625 2202 666 2241 Id
694 2202 767 2250 est,
801 2201 842 2240 in
861 2213 926 2240 me
946 2201 1022 2240 hoc

359 2261 504 2299 malum
527 2259 683 2301 recidet,
707 2259 749 2296 in
761 2271 824 2296 me
834 2256 927 2297 haec
939 2258 1022 2297 vin-

359 2315 550 2355 dicabitur
573 2316 702 2366 culpa:
730 2325 769 2353 vt
797 2313 948 2353 laborat
966 2311 1020 2352 so·

363 2373 454 2420 lum,
470 2374 510 2411 in
530 2385 606 2422 quo
628 2369 796 2419 cuditur,
827 2367 867 2408 id
886 2369 940 2409 est
958 2369 1021 2408 ba-

359 2429 479 2468 minu·
509 2427 610 2467 faba.
645 2440 762 2478 quum
787 2425 930 2477 siliquis
959 2438 1023 2465 ex-

361 2485 465 2523 uitur
505 2482 612 2522 tunsa
643 2486 760 2534 (inter
788 2482 915 2533 tunfiz,
945 2480 1019 2524 Ms.

361 2539 536 2592 Boendr)
566 2538 746 2578 fustibus:
780 2550 819 2578 vt
847 2540 887 2577 in
921 2540 1019 2577 areis

361 2609 473 2636 more
493 2595 717 2634 rusticorum
731 2593 784 2636 fit.
826 2595 899 2635 Vel
913 2594 1020 2646 quod

360 2652 521 2705 quidam
551 2652 653 2693 male
679 2651 847 2694 coa&am
880 2649 1019 2703 sabam,

1581 731 1730 777 Dedu-

1074 864 1114 895 et
1134 867 1236 907 quae
1253 867 1335 894 non
1353 853 1557 903 maduerit,
1580 851 1644 893 sed
1666 852 1732 893 du-
1770 889 1771 894 ,

1074 926 1114 951 ra
1135 908 1397 963 permanserit,
1417 908 1526 962 supra
1539 920 1651 962 caput
1669 924 1732 949 co-

1074 969 1148 1019 qui,
1170 968 1277 1006 velut
1296 966 1363 1017 ipfi
1386 966 1501 1006 fabae
1530 967 1614 1005 irati
1644 964 1732 1006 saxo

1074 1024 1367 1071 comminuunt,
1404 1034 1483 1061 tum
1511 1021 1733 1062 vniuersum

1073 1079 1228 1125 malum,
1264 1089 1303 1117 et
1326 1081 1450 1117 omnis
1470 1078 1579 1117 dolor
1601 1079 1648 1118 ad
1668 1092 1734 1118 co-

1075 1147 1194 1185 quum
1213 1136 1405 1184 peruenit.
1464 1134 1602 1175 Simile
1630 1146 1669 1174 et
1696 1150 1732 1174 a·

1073 1189 1142 1228 libi
1161 1203 1181 1227 a
1192 1190 1396 1240 pulmento
1406 1192 1657 1241 prouerbium
1669 1191 1732 1240 est,

1079 1246 1175 1285 Tute
1204 1245 1271 1283 hoc
1300 1246 1462 1296 intristi,
1494 1246 1565 1286 tibi
1591 1247 1659 1286 hoc
1685 1248 1733 1300 est

1074 1302 1319 1344 exedendum
1346 1303 1543 1355 accingere.
1600 1306 1650 1343 D.

1128 1359 1176 1397 In
1191 1371 1244 1396 me
1262 1357 1416 1396 cudetur
1422 1357 1541 1411 silba]
1569 1361 1626 1400 Ex
1645 1373 1733 1411 pro·

1074 1414 1223 1453 uerbio.
1281 1415 1385 1453 Nam
1427 1414 1564 1452 dicunt
1610 1428 1735 1466 quen-

1076 1469 1165 1513 dam
1186 1483 1345 1509 auarum
1363 1469 1552 1518 rusticum,
1575 1482 1662 1510 cum
1681 1472 1735 1513 fa-

1075 1527 1165 1566 bam
1176 1523 1345 1575 coxifl'et,
1366 1535 1501 1565 etcum
1510 1523 1610 1565 socio
1628 1528 1734 1568 inua-

1076 1583 1205 1633 deret,
1235 1592 1384 1636 partem
1409 1581 1475 1621 fibi
1496 1582 1735 1636 depoposcis-

1075 1637 1134 1689 se,
1161 1649 1199 1679 vt
1228 1652 1317 1677 cum
1344 1636 1447 1678 socio
1467 1640 1674 1680 inuaderet
1690 1642 1733 1680 in

1076 1694 1220 1735 eodem
1240 1693 1411 1735 vasculo:
1443 1705 1484 1734 et
1510 1709 1648 1747 aquam
1672 1698 1736 1736 ada

1070 1748 1198 1793 ieciffe
1217 1752 1316 1803 parti
1326 1748 1423 1800 suae,
1444 1749 1544 1803 quae
1557 1763 1736 1806 corrupta

1073 1819 1112 1847 et
1147 1809 1306 1847 alteram
1344 1820 1501 1859 quoque
1538 1811 1734 1861 corrupit:

1073 1864 1177 1903 vnde
1200 1865 1415 1903 communis
1440 1862 1527 1902 faba
1545 1876 1732 1917 con-upra,

1075 1932 1114 1959 et
1135 1921 1176 1958 in
1197 1933 1288 1959 eum
1314 1920 1380 1969 qui
1397 1918 1472 1957 hoc
1490 1917 1636 1959 fecerat
1652 1931 1732 1960 tota

1072 1971 1259 2014 conuersa
1299 1974 1363 2013 est.
1420 1975 1542 2026 Igitur
1576 1990 1734 2028 prouer-

1071 2031 1188 2080 bium,
1212 2042 1251 2070 vt
1270 2030 1337 2082 qui
1356 2030 1560 2078 malefacit,
1579 2035 1622 2072 in
1640 2046 1733 2074 eum
1759 2043 1763 2047 ⁴

1071 2087 1219 2127 recidat
1236 2086 1342 2138 quod
1358 2085 1462 2126 fecit.
1519 2090 1562 2127 E.

1126 2156 1180 2196 90
1210 2143 1415 2198 Flagitium
1434 2142 1618 2199 fizcimus]
1651 2144 1733 2186 Fla-

1070 2201 1207 2256 gitium
1246 2211 1356 2238 more
1393 2200 1547 2239 militari
1582 2196 1730 2252 dicitur,

1070 2269 1130 2294 res
1150 2256 1403 2309 flagitatione,
1423 2254 1499 2294 hoe
1519 2256 1586 2307 est,
1608 2259 1732 2298 incre·
1767 2287 1769 2290 -

1071 2313 1232 2365 patione
1263 2311 1396 2364 digna.
1454 2314 1553 2352 Nam
1577 2311 1732 2369 flagita·

1071 2371 1128 2408 tio
1167 2381 1189 2406 a
1225 2366 1388 2419 strepitu
1426 2366 1585 2408 dicitur:¹
1626 2371 1729 2412 vnde

1061 2422 1216 2476 flamma
1248 2422 1440 2479 (flagella,
1473 2425 1647 2466 additum
1667 2427 1731 2469 ha·

1073 2480 1139 2519 bet
1160 2480 1252 2519 edit.
1275 2479 1468 2520 Westerh.
1498 2484 1580 2532 Zj),
1612 2478 1731 2535 etfla-

1067 2540 1202 2592 gitare,
1226 2535 1266 2574 id
1287 2536 1348 2586 est,
1367 2535 1572 2588 personare
1593 2540 1730 2580 intelli-

1071 2594 1199 2646 gimus
1219 2591 1306 2632 dici,
1356 2595 1456 2634 Nam
1478 2593 1575 2633 haec
1597 2598 1729 2637 omnia

1069 2650 1150 2693 {ine
1160 2646 1288 2690 sonitu
1302 2650 1528 2705 crepituque
1539 2650 1728 2692 nonsunt.

1670 2711 1732 2751 An
