1815 3168
293 155 355 202 14
650 142 955 189 PRoLoG.
993 143 1072 188 IN
1111 143 1325 188 ANDR.

423 259 662 309 Accusant:
703 280 813 325 quos
837 263 908 309 hic
932 261 1075 309 noster
1102 261 1300 309 austores
1327 261 1481 309 habet:

325 354 391 388 20
427 342 634 392 Quorum
656 339 858 384 aemulari
884 349 1058 401 exoptat
1089 339 1399 398 negligentiam

423 416 595 466 Potius,
637 429 767 476 quam
793 411 971 458 istorum
996 411 1219 458 obscuram
1240 412 1521 472 diligentiam.

422 490 599 536 Dehinc
622 499 668 534 vt
687 488 927 550 quiescant,
970 504 1107 550 porro
1133 504 1319 538 moneo,
1356 497 1399 533 et
1424 486 1617 535 desinant

422 564 710 614 Maledicere,
751 559 972 609 malefaRa
995 579 1050 607 ne
1075 562 1250 608 noscant
1278 561 1364 607 sua.

425 643 613 690 Fauete,
651 636 789 683 adeste
817 654 956 700 aequo
979 638 1148 690 animo,
1191 647 1234 682 ct
1259 653 1354 682 rem
1379 637 1635 696 cognoscite,

330 732 391 778 25
429 720 489 764 Vt
508 712 793 779 pernoscatis,
830 723 877 759 et
895 711 1000 778 quid
1024 712 1112 778 spei
1141 710 1191 759 fit
1211 711 1460 775 relliquum,

347 1026 402 1057 22
472 1011 622 1052 Dehinc
663 1024 708 1052 vt
751 1011 969 1067 quiesi-ant]

292 1072 430 1112 ReSte:
462 1083 552 1108 nam
580 1068 761 1123 quiestere
791 1070 857 1109 ille
877 1069 971 1108 dici-

290 1141 370 1175 tur,
402 1126 467 1177 qui
498 1124 551 1164 est
579 1123 746 1166 insolens
766 1137 806 1164 et
821 1126 971 1177 inquie-

292 1194 364 1223 tus.
421 1182 554 1221 Porro.
603 1186 719 1222 Porro
739 1183 781 1220 in
799 1180 971 1220 futurum

291 1239 401 1279 dixit.
458 1239 614 1278 Moneo.
657 1237 970 1278 Terribiliterdi-

290 1297 358 1336 xit.
406 1294 566 1343 Cicero,
592 1295 758 1341 Monet),
784 1294 972 1346 praedico.

290 1366 377 1391 ame
395 1351 585 1389 denuncio.
642 1349 836 1389 Liberatus
861 1349 973 1401 culpa

292 1409 410 1447 etiam
432 1417 566 1454 terret,
604 1405 694 1445 alibi
715 1406 830 1444 etiam
851 1405 972 1444 crimi-

293 1475 448 1504 naturus
467 1459 708 1502 aduersarios.
764 1464 815 1501 D.

353 1556 404 1594 Vt
429 1553 616 1606 quiescant
644 1552 783 1606 porro]
838 1552 975 1593 Hiero-

295 1625 405 1665 nym.
426 1610 477 1648 de
499 1610 576 1649 vita
595 1610 721 1648 cleric.
763 1607 917 1659 Ohstcro
933 1621 975 1647 vt

294 1667 483 1722 quiescant
502 1679 538 1704 et
556 1664 725 1713 defi'nant
741 1665 974 1703 maledicere:

295 1738 373 1765 non
402 1725 493 1761 enim
519 1735 561 1760 ut
589 1721 829 1771 admffizriis,
840 1720 914 1770 fi’d
930 1733 973 1759 vt

294 1778 648 1830 mnicissc1·ipszmus.
670 1780 715 1816 Vt
718 1777 971 1830 pernoscatis]

291 1836 376 1877 MS.
396 1838 489 1887 Reg.
548 1835 597 1874 Vt
610 1833 855 1887 pernoscatis,
884 1833 977 1885 quid

281 1892 347 1945 sp.
363 1895 413 1932 V.
436 1893 486 1932 C.
516 1890 567 1931 Vt
582 1901 620 1931 et
635 1893 666 1931 is
678 1889 975 1943 pernofiatqztid

295 1960 368 1989 etc.
423 1949 467 1987 L.

354 2052 408 2092 24
445 2037 595 2090 Favere]
648 2040 728 2077 Iam
754 2035 804 2075 ad
828 2035 976 2075 audito-

296 2109 358 2137 res
376 2095 629 2141 conuertitur,
666 2108 688 2131 a
713 2093 850 2144 quibus
868 2092 976 2131 fauo-

297 2167 380 2193 rem
400 2162 537 2202 captat.
594 2149 741 2188 Fauen.
785 2149 900 2199 Quali
922 2149 977 2187 di-

298 2219 368 2257 cat,
390 2211 475 2248 Hoc
493 2204 865 2245 aduersariifaciunt.
896 2208 976 2245 Vos

298 2275 446 2312 autern,
473 2262 578 2314 quod
596 2263 639 2301 in
658 2261 763 2300 vobis
784 2261 848 2310 est,
874 2259 978 2300 faue-

299 2334 351 2361 te.
408 2323 488 2359 Vos
520 2331 614 2371 ergo
653 2317 826 2358 fauorem
850 2315 976 2356 facite.

298 2380 347 2419 Et
366 2375 500 2426 Adeste,
518 2388 599 2414 non
620 2384 660 2414 vt
685 2372 902 2413 absentibus
923 2373 978 2412 di·

297 2435 362 2481 cit,
384 2434 530 2483 quippe
551 2432 615 2481 qui
635 2430 855 2481 corporibus
872 2442 978 2479 prae-

298 2489 356 2529 sto
381 2498 511 2529 erantz
553 2485 637 2535 sed,
674 2486 817 2525 intenti
846 2485 976 2533 estote,

300 2544 451 2591 fauete,
480 2542 597 2582 filete.
635 2544 699 2582 Sic
719 2553 757 2580 et
776 2540 977 2581 Pontifices

301 2601 452 2649 dicunt,
493 2599 629 2637 Fauete
656 2599 816 2652 linguis,
846 2595 979 2635 fauete

301 2657 438 2698 verbis.
467 2655 586 2698 Vnde
606 2655 803 2708 Virgilius.
835 2653 910 2692 Ore
912 2653 980 2706 fa-

1580 819 1697 871 1³0st-

1020 1026 1101 1053 uete
1138 1026 1274 1053 omnes.
1352 1009 1488 1063 Adeste.
1542 1011 1697 1052 AnimiS

1021 1068 1163 1109 scilicet
1198 1068 1382 1108 auxilinm
1417 1066 1618 1120 praebete:
1658 1076 1699 1107 vt

1020 1126 1226 1166 aduocatus
1267 1138 1334 1164 reo
1378 1124 1516 1163 dicitur
1557 1120 1699 1164 adesse.

1020 1186 1145 1235 Aequo
1172 1183 1311 1221 animo,
1348 1180 1412 1220 Ab
1432 1179 1605 1220 honesto.
1649 1179 1701 1220 Et

1021 1254 1096 1277 rem
1136 1238 1349 1292 cognoscite.
1403 1241 1438 1277 A
1476 1234 1584 1276 iusto.
1631 1236 1700 1275 Co-

1017 1293 1188 1347 gnoscite.
1223 1290 1448 1333 Pei-noscite.
1495 1293 1556 1331 Sic
1590 1290 1699 1341 dixit,

1023 1346 1241 1404 Cognoscite
1260 1362 1301 1388 vt
1313 1348 1551 1400 pernoscatis,
1572 1360 1701 1398 quem-

1021 1404 1231 1445 admodum
1248 1405 1290 1443 in
1311 1407 1474 1457 Hecyra,
1496 1403 1636 1441 Orator
1652 1401 1705 1442 ad

1021 1476 1087 1501 vos
1108 1463 1214 1501 venio
1237 1473 1377 1500 ornatu
1390 1461 1553 1514 prologi,
1582 1457 1702 1498 Sinite

1022 1531 1203 1557 exorator
1217 1516 1305 1568 fi'm.
1334 1545 1339 1551 -
1370 1517 1420 1558 Vt
1433 1514 1700 1570 pernqscatis]

1023 1574 1086 1614 Ab
1108 1574 1201 1613 vtili.
1257 1575 1306 1614 D.

1079 1678 1132 1718 25
1165 1661 1394 1717 Relliquum]
1435 1663 1534 1702 Sunt
1554 1664 1702 1715 quipro

1024 1723 1261 1773 relliquorum
1279 1720 1486 1771 accipiant:
1518 1726 1557 1757 vt
1567 1718 1608 1758 sit
1620 1716 1701 1757 sen-

1024 1776 1100 1816 sus:
1120 1780 1182 1817 De
1194 1774 1263 1813 hac
1281 1774 1409 1814 fabula
1433 1772 1567 1812 sumite
1586 1772 1705 1827 speci-

1022 1846 1127 1881 men,
1148 1843 1186 1870 vt
1204 1829 1322 1870 sciatis
1344 1845 1392 1869 an
1404 1841 1576 1869 caeterae
1593 1829 1704 1871 vobis

1021 1887 1250 1940 speetandae
1282 1887 1362 1927 fint.
1419 1889 1512 1926 Non
1541 1886 1706 1938 postmo-

1023 1946 1116 1984 dum
1135 1944 1276 1983 dictum
1297 1944 1369 1983 alio
1390 1943 1567 1996 prologo,
1598 1942 1704 1982 Alias

1027 1999 1206 2057 cognostis
1216 2003 1303 2047 eius,
1328 1998 1472 2054 quaest),
1488 1999 1578 2050 hanc
1589 1998 1704 2052 nosci-

1026 2072 1073 2098 te.
1122 2056 1336 2110 Reliquum.
1385 2053 1501 2107 Quafi
1544 2054 1702 2104 dIceret,

1024 2113 1269 2153 Postremum.
1295 2126 1388 2166 ergo
1399 2111 1623 2151 aduerbium
1634 2109 1701 2159 est,

1026 2170 1067 2209 id
1097 2169 1149 2209 est
1176 2168 1220 2206 τδ
1246 2168 1372 2208 λοισι-δν.
1432 2166 1510 2208 Sed
1529 2166 1607 2206 fine
1627 2166 1702 2205 hoc

1027 2225 1216 2279 relliquum
1250 2224 1362 2273 dicit,
1398 2223 1476 2263 fine
1512 2221 1704 2276 relliquum

1026 2295 1098 2335 pro
1130 2280 1395 2335 relliquorum,
1441 2279 1639 2333 geminato
1675 2290 1704 2318 ιι

1026 2337 1209 2379 scribitur.
1263 2339 1315 2378 D.

1078 2428 1140 2469 Est
1156 2426 1256 2467 casca
1275 2425 1451 2478 scriptura
1471 2439 1507 2465 et
1525 2426 1616 2479 quid
1632 2439 1704 2478 pro

1027 2486 1177 2538 ecquid:
1207 2485 1258 2523 ita
1275 2495 1407 2522 tamen
1425 2493 1463 2521 vt
1480 2483 1605 2535 etquid
1632 2495 1703 2534 pro

1027 2554 1106 2580 vno
1134 2539 1251 2579 verbo
1277 2539 1409 2579 veniat
1426 2567 1436 2583 ,
1481 2549 1520 2576 et
1547 2538 1636 2592 quid
1659 2536 1704 2577 fit

1029 2591 1260 2636 encliticam.
1299 2595 1431 2636 Semel
1444 2591 1634 2634 monuisse
1650 2591 1705 2634 sat

1030 2655 1114 2693 etit.
1166 2654 1209 2692 B.
