1815 3168
319 168 410 214 300

720 151 881 197 ACT.
916 149 949 195 1.
999 150 1280 199 SCEN211.

446 272 558 325 ΤΗ.
594 282 692 341 Ego
714 295 805 326 non
828 293 880 324 ex
901 279 1051 326 animo
1074 279 1226 326 misera
1252 277 1384 328 dico?
1424 295 1556 344 quam
1587 282 1689 330 ioco

320 373 412 407 100
444 358 556 402 Rem
581 354 751 402 voluisti
772 372 795 401 a
816 369 888 400 me
912 349 1107 411 tandem,
1131 356 1241 419 quin
1264 354 1533 420 perfeceris?

448 434 545 490 Ego
565 431 798 495 impetrare
816 445 991 492 nequeo
1017 429 1104 477 hoc
1129 430 1205 478 abs
1228 441 1284 483 te,
1307 429 1495 477 biduum

445 506 607 553 Saltem
626 517 672 553 vt
690 503 900 552 concedas
925 505 1079 555 solum.
1117 504 1214 553 PH.
1244 504 1457 570 liquidem
1470 504 1681 554 biduum:

445 586 616 628 Verum
646 598 702 629 ne
721 578 827 629 fiant
846 577 914 626 isti
935 582 1091 643 viginti
1111 579 1219 628 dies.

309 800 374 847 bo,
394 811 434 841 et
453 804 542 841 cito.
593 801 718 840 Vu‘tus
737 814 810 840 vno
829 800 965 856 verbo]

311 859 461 898 Vtinam
487 857 577 909 istuc
602 855 762 896 verbum.
821 860 869 898 Et
891 872 964 897 vno

307 913 440 962 verbo,
474 925 511 952 vt
529 913 712 960 diximus,
739 911 790 951 fic
811 914 966 965 accipe:

307 982 347 1010 st
381 969 541 1008 verbum
583 967 724 1006 dicllum
755 970 964 1021 intelligas,

305 1025 412 1077 quod
435 1024 549 1063 serbo
561 1023 827 1074 compleffinu
846 1023 963 1074 (Edd.

315 1098 336 1120 s
333 1086 463 1120 enett.
504 1080 749 1130 ampleaitur.
822 1076 963 1118 Sensus

306 1136 502 1184 constabit,
521 1135 546 1175 fi
566 1135 721 1174 1unftun
733 1135 851 1187 legas
864 1134 966 1188 quod

306 1192 419 1232 ver-ho
472 1191 722 1242 compleftitur
759 1191 964 1242 completae

305 1252 416 1300 ere),
444 1259 483 1286 et
505 1248 723 1300 completae
750 1245 966 1290 sententiae

303 1304 688 1358 pronunciationem,
710 1303 815 1357 quod
836 1307 966 1349 ἀξίωμα

303 1359 584 1400 nominabatur.
643 1360 696 1404 D.

359 1414 549 1468 Labafiit]
580 1412 759 1455 Diomed.
778 1412 844 1452 lib.
862 1427 890 1453 1.
920 1416 960 1455 L.

360 1472 516 1518 Melius,
545 1471 694 1522 opinor,
725 1468 794 1509 sic:
824 1468 965 1524 Labass

303 1531 373 1576 cit,
402 1526 562 1579 vtffla’st,
592 1540 665 1566 vno
687 1525 826 1576 verbo,
854 1539 962 1581 quam

300 1588 387 1624 cito.
445 1585 487 1623 Β.

355 1707 410 1749 99
440 1697 519 1750 Ego
540 1708 620 1735 non
627 1709 676 1734 ex
697 1696 818 1734 animo
827 1693 961 1746 misera

300 1752 433 1805 dico?]
466 1738 584 1802 Quod
608 1749 960 1790 senlitmultumv-xz

299 1805 428 1856 luisse,
465 1807 541 1846 hoc
557 1807 676 1846 Thais
697 1807 863 1846 inculcat
879 1807 962 1845 ani-

299 1877 366 1903 mo
396 1864 507 1902 amici
543 1861 612 1902 sui.
669 1866 718 1902 Et
751 1876 838 1917 ego,
869 1861 960 1902 vide

300 1930 443 1971 quanta
484 1917 684 1971 significet.
755 1918 961 1958 Conuenit

298 1976 374 2014 hoc
403 1988 628 2026 pronomen
662 1972 805 2012 blande
837 1974 957 2012 multa

298 2030 572 2083 exprobranti:
603 2041 641 2075 yt
665 2029 806 2082 Virgil.
833 2030 954 2080 (Aen.

301 2101 360 2135 ιν,
387 2088 499 2140 314)
519 2087 628 2126 Mene
640 2086 784 2141 fugis?
835 2087 885 2125 D.

356 2211 435 2241 100
509 2210 592 2236 uam
623 2200 703 2236 ioco
730 2209 805 2236 rem
832 2195 955 2235 volui·

288 2254 359 2308 sti]
394 2256 539 2294 Contra
552 2253 645 2292 illud
658 2251 837 2299 refertur,
849 2250 955 2304 quod

294 2311 346 2349 ait
372 2310 574 2357 Phaedria,
607 2310 744 2349 Nonne
771 2307 836 2347 vbi
863 2309 954 2346 mihi

294 2367 397 2406 dixti
414 2378 540 2419 cupere
559 2379 597 2406 te
616 2380 663 2405 ex
683 2363 880 2418 Aethiopia
890 2377 952 2402 an-

293 2422 461 2470 cillulam,
489 2423 625 2467 κείιζῖίἰς
647 2420 750 2461 rebus
770 2419 950 2467 omnibus,

293 2477 480 2532 quaestui?
504 2478 582 2519 Sed
611 2479 686 2516 hoc
712 2475 953 2516 vehementh

291 2549 336 2577 us
354 2545 392 2573 et
411 2533 604 2583 disertius,
632 2535 760 2590 Qum
777 2535 856 2572 ioco
876 2545 951 2571 aem

291 2591 450 2643 voluzsti.
503 2594 596 2639 Non
624 2603 784 2637 munus,
812 2587 950 2639 inquit,

292 2646 358 2689 sod
380 2646 483 2701 quod
501 2647 585 2700 plus
605 2645 671 2696 est,
683 2660 788 2692 νωηῑ
818 2655 953 2697 etnon

1560 651 1678 703 Ta.

1016 796 1124 847 serio,
1147 797 1213 839 sed
1233 802 1324 847 ioco,
1347 798 1560 840 afacilitate
1571 812 1678 852 prae-

1013 856 1155 896 stantis.
1211 859 1260 897 Et
1275 856 1438 907 voluisti,
1457 869 1538 904 non
1560 857 1678 899 etiam

1014 910 1152 952 dixisti.
1197 911 1426 951 Mirandum
1439 910 1676 963 obsequium,

1016 980 1065 1006 ex
1086 977 1177 1006 voto
1199 968 1320 1007 animi
1340 967 1532 1019 pendens.
1581 969 1676 1008 Non

1014 1020 1207 1073 exspeeiat
1231 1024 1460 1075 imperium:
1491 1037 1545 1063 ne
1573 1024 1677 1063 volu·

1013 1078 1110 1129 ptati
1141 1091 1251 1118 mora
1286 1078 1348 1128 fit,
1387 1079 1479 1118 dum
1507 1078 1675 1123 iubetur,

1012 1136 1116 1174 Tum
1133 1132 1243 1184 illud,
1261 1134 1364 1185 quod
1376 1135 1437 1184 ait,
1451 1134 1673 1187 perficeris:

1015 1200 1156 1227 nonne
1173 1189 1328 1240 pondus
1347 1189 1422 1228 hoc
1433 1190 1536 1229 verbi
1553 1201 1593 1231 et
1606 1204 1676 1243 po-

1014 1244 1178 1293 tentiam
1212 1243 1424 1284 Phaedriae
1456 1247 1553 1287 circa
1583 1246 1673 1287 ami·

1013 1313 1113 1349 cam,
1132 1311 1174 1340 et
1193 1299 1295 1340 illius
1313 1297 1540 1353 obsequium
1559 1301 1674 1343 vehe-

1012 1367 1145 1405 mens,
1180 1367 1219 1395 et
1246 1369 1375 1396 rerum
1405 1356 1692 1400 difficultatem

1011 1425 1110 1463 quae
1137 1423 1310 1452 extortae
1344 1412 1439 1460 sint,
1475 1412 1672 1464 monstrat,

1011 1479 1128 1519 atque
1146 1482 1306 1509 omnem
1317 1467 1460 1509 obterit
1470 1470 1672 1522 querelam
1696 1461 1701 1511 f

1009 1523 1252 1565 Phaedriae?
1304 1525 1356 1566 D.

1071 1592 1144 1622 101
1185 1580 1268 1635 Ego
1310 1584 1506 1633 impetrare
1535 1577 1669 1635 nequeo

1010 1636 1078 1676 hoc
1097 1635 1164 1676 abs
1188 1638 1241 1691 te]
1269 1639 1334 1677 Tu
1355 1647 1397 1676 et
1414 1637 1513 1686 ioco,
1534 1648 1576 1677 et
1586 1650 1669 1677 non

1009 1691 1159 1745 petisti,
1188 1705 1277 1732 cum
1298 1690 1504 1744 perfeceris
1522 1704 1669 1735 tamen.

1009 1759 1047 1789 at
1072 1761 1148 1802 ego
1171 1748 1246 1788 hoc
1264 1749 1471 1801 impetrare
1487 1762 1567 1791 non
1582 1746 1668 1802 pos·

1009 1801 1102 1843 sum.
1160 1806 1210 1845 D.

1068 1872 1145 1901 102
1171 1859 1307 1899 Saltem
1335 1872 1378 1899 vt
1407 1860 1579 1900 concedas
1594 1858 1665 1910 so-

1007 1913 1098 1969 lum]
1147 1920 1299 1970 Argute
1333 1914 1506 1954 additum
1524 1915 1664 1967 fizltem

1008 1981 1049 2010 et
1063 1969 1202 2022 solum.
1257 1973 1305 2010 Et
1331 1969 1454 2019 bene,
1483 1972 1652 2011 concedas
1636 1995 1663 2019 ‚

1006 2036 1045 2064 vt
1064 2025 1266 2066 voluntatis
1285 2024 1347 2063 fit:
1379 2026 1425 2065 fic
1445 2027 1551 2067 enim
1567 2027 1665 2067 dixit

1006 2079 1125 2138 supra,
1153 2082 1240 2120 Sine
1260 2080 1361 2119 illum
1376 2084 1521 2135 priores
1535 2095 1663 2136 partes

1006 2133 1109 2202 ΙαρῘὲε
1138 2137 1284 2190 aliquot
1311 2138 1386 2176 dies
1412 2139 1512 2201 opud
1532 2154 1587 2179 me
1603 2138 1663 2181 ob-

1005 2196 1122 2233 tinere
1158 2195 1236 2246 (Ex
1266 2194 1456 2233 memoria
1490 2195 1663 2237 laudauit

1003 2247 1152 2289 versum
1171 2260 1237 2300 71.
1262 2249 1365 2302 lege,
1387 2247 1548 2303 habere)
1576 2256 1631 2294 D.

1061 2317 1139 2358 103
1176 2306 1311 2343 Verum
1334 2319 1378 2344 ne
1396 2304 1497 2357 fiant
1528 2307 1589 2359 isti
1604 2310 1660 2347 vi·

999 2363 1100 2416 giuti
1119 2361 1213 2415 dies]
1241 2363 1378 2400 Facete
1411 2361 1571 2403 biduum
1592 2364 1662 2404 de.

1002 2417 1191 2469 cuplauit:
1224 2427 1263 2455 et
1292 2416 1398 2455 fimul
1425 2419 1515 2469 quia
1532 2433 1581 2459 ex
1599 2434 1659 2460 ea-

1002 2472 1094 2512 dem
1121 2473 1274 2511 ratione
1303 2470 1390 2512 sunt
1415 2474 1578 2527 viginti,
1608 2489 1659 2517 ex

1001 2542 1076 2580 qua
1109 2528 1208 2574 duo;
1243 2538 1282 2568 et
1315 2542 1362 2568 ex
1397 2539 1473 2580 qua
1509 2531 1656 2585 viginti,

1001 2584 1180 2633 ducenti,
1212 2583 1290 2624 duo
1310 2585 1446 2635 millia,
1472 2586 1574 2630 et'fic
1591 2586 1657 2628 de-

997 2641 1144 2698 inceps.
1198 2643 1251 2683 D.
