1815 3168
682 123 977 179 ANDRIAt

1404 144 1504 189 217

269 242 424 297 DAV.
458 249 604 295 Immo
627 263 733 294 vero
753 249 1000 309 indignum,
1036 249 1262 304 Chremes,
1291 254 1378 300 iam
1404 255 1506 303 faci·

356 340 453 381 ¹nus
475 323 572 369 faxo
601 339 650 368 ex
673 339 744 369 me
774 324 934 371 audias.

268 398 429 447 Nescio
463 400 560 461 quis
589 396 714 445 senex
741 398 877 447 modo
896 400 1029 448 venit.
1064 398 1222 454 ellum,
1264 401 1504 461 confidens,

370 484 487 520 catus
501 492 511 519 Ζ

133 682 297 726 propter
325 673 422 724 quid
460 674 570 714 illum
599 672 678 717 effe
707 688 796 714 cen·

135 727 222 769 fes?
261 729 354 769 Cum
386 731 448 770 illa
488 731 637 786 litigat]
674 731 793 772 Chre·

132 786 229 823 meti
251 786 437 832 conuenit
461 785 524 825 hie
555 787 699 827 sermo:
730 786 794 826 hic

135 841 242 878 enim
262 841 417 882 irridet:
450 845 517 893 qui
544 853 583 882 et
610 841 720 893 supra
738 843 792 882 di-

132 897 200 944 xit,
220 898 437 936 Amantium
457 901 548 945 irae,
583 902 720 938 amoris
739 902 793 938 in-

133 956 296 1006 tegratio
330 952 384 1004 est.
440 956 488 994 Et
511 953 561 993 {ic
590 954 663 994 hoc
692 954 792 1004 dicit,

131 1019 173 1047 vt
194 1008 294 1056 alibi,
333 1010 464 1057 Credo,
498 1008 625 1061 vtfi't‚
661 1010 793 1062 mifira

129 1073 221 1118 prae
249 1078 370 1102 umore
388 1066 537 1117 exc'lufi't
559 1067 651 1105 hunc
667 1066 792 1118 fhras.

135 1120 228 1158 Cum
254 1118 316 1158 illa
333 1120 483 1176 litigat]
521 1122 655 1161 tri-ider
672 1123 794 1162 Simo-

130 1188 228 1214 nem
260 1175 466 1226 Clu-emes,
505 1180 597 1229 quia
626 1178 787 1227 dixerat,

122 1231 215 1271 ·1rae
238 1232 335 1280 sunt
367 1235 469 1273 inter
500 1235 712 1284 Gbsoe‘rium
755 1248 791 1275 et

121 1299 300 1342 gnatum.
358 1291 408 1329 D.

193 1410 240 1449 13
301 1398 381 1437 Imo
441 1413 529 1440 vero
586 1401 790 1457 indignum,

131 1453 304 1508 Chreme]
335 1457 444 1494 Bene
470 1455 518 1494 ad
550 1471 641 1497 eum
669 1459 792 1509 loqui·

127 1519 202 1554 tur,
226 1513 291 1560 qni
317 1511 370 1549 est
389 1526 410 1551 a
429 1513 575 1563 nuptiis
596 1514 790 1553 deterren-

131 1565 224 1604 dus:
267 1567 326 1605 vel
358 1568 422 1616 qui
448 1581 530 1605 non
561 1568 795 1607 interturbet

128 1622 344 1660 orationem
364 1620 489 1660 stiam:
520 1625 581 1661 vel
603 1637 720 1674 quem
741 1634 792 1662 et-

127 1677 204 1714 iam
242 1676 309 1714 fibi
335 1689 580 1728 precatorem
611 1679 787 1720 destinet.

128 1735 188 1771 Ita
207 1732 373 1782 loquitur
391 1732 491 1784 quafi
511 1731 606 1773 haec
634 1734 679 1773 fit
699 1748 786 1773 cau-

124 1786 175 1835 sa,
197 1801 260 1824 cnr
281 1788 323 1825 {it
341 1788 558 1840 Pamphilus
576 1788 789 1843 ingreffus:

120 1841 230 1894 ¹quod
259 1844 359 1895 quali
392 1847 427 1883 ei
453 1845 498 1882 lis
528 1847 787 1885 intendatur-a

126 1899 288 1939 Critone
306 1897 454 1951 hospite
472 1900 678 1941 ducendae
698 1915 786 1941 vxo-

124 1955 188 2002 ris>
212 1967 326 2005 quam
351 1958 479 2008 (quum
498 1957 556 2008 Z)
578 1958 783 1998 ciuemAt-

126 2011 241 2049 ticam
261 2011 458 2050 vitiauerit.
490 2014 696 2066 (Argutiae
715 2015 783 2053 mi-

125 2065 167 2105 hi
188 2066 376 2106 ridentur.
433 2070 566 2107 Dauus
587 2068 656 2117 hic,
675 2080 713 2108 vt
730 2071 782 2110 Si-

123 2124 251 2161 monis
269 2124 462 2171 animum,
492 2125 576 2163 ioco
596 2125 782 2167 Chreme·

121 2177 171 2217 tis
190 2178 350 2217 ridentis
367 2190 604 2219 commotum
629 2182 783 2230 leniret,

122 2233 226 2285 quali
251 2234 436 2274 refellere
455 2247 613 2276 conatus
631 2236 684 2275 est
700 2235 784 2277 sen-

123 2290 288 2328 tentiam
317 2290 543 2331 Chremetis.
601 2293 706 2332 Dicit
741 2307 782 2333 e·

124 2346 220 2391 nim,
232 2345 341 2385 Immo
354 2359 454 2392 vera,
475 2346 513 2387 li.
535 2360 569 2387 e.
590 2347 685 2387 illud
698 2362 783 2388 non

122 2399 192 2448 est,
219 2397 282 2439 sed
310 2403 368 2454 Z.)
423 2405 473 2443 D.

179 2459 285 2508 Lege
314 2457 464 2497 Chreme
494 2471 581 2499 cum
627 2473 702 2501 vno
734 2474 782 2501 ex

121 2509 262 2550 nostris
273 2524 282 2556 ;
322 2524 361 2551 et
396 2527 483 2554 cum
520 2525 683 2566 quatuor
721 2530 783 2556 au-

121 2568 211 2606 dies.
252 2566 302 2605 ob
332 2565 432 2608 vsum
460 2571 506 2609 τῦ
531 2571 637 2624 faxo
677 2572 780 2627 apud

121 2624 370 2664 Terentium.
424 2627 464 2665 Β.

805 554 916 615 05

825 2408 955 2459 pretii.

1437 570 1500 619 15

904 687 956 728 14
983 676 1120 728 Nescio
1149 677 1234 730 quis
1251 676 1367 728 stnex
1393 678 1502 720 modo

844 733 967 786 venit]
991 735 1120 782 Bene,
1148 733 1265 783 ncfiio
1297 736 1392 787 quis.
1423 745 1504 774 ete-

843 789 927 834 njrn
953 787 979 827 fi
1006 800 1117 828 notus
1146 787 1259 838 esset,
1303 790 1504 831 videretur

842 842 1055 897 gratificari,
1077 844 1115 884 id
1135 844 1200 894 est,
1221 844 1402 898 gratiosus
1423 844 1503 886 effe

844 899 944 939 testis
973 910 1014 949 let
1034 902 1162 940 minus
1181 914 1305 944 verus,
1360 902 1505 957 Elium]

843 959 1010 996 Veteres
1039 956 1146 1009 quod
1173 970 1244 996 nos
1280 956 1382 997 illum
1410 959 1505 997 dici-

843 1024 938 1062 mus,
960 1013 1021 1053 vel
1041 1012 1158 1063 ellum,
1189 1014 1251 1052 vel
1271 1013 1382 1055 ollum
1402 1015 1502 1054 dice·

842 1068 948 1107 bant.
982 1070 1157 1120 quamuis
1181 1070 1306 1117 ellum,
1343 1071 1500 1122 quidam

842 1138 919 1163 ecce
934 1124 1047 1174 illum,
1074 1126 1193 1165 velint
1212 1127 1400 1180 intelligi:
1421 1138 1501 1167 tan·

841 1194 957 1232 quam
992 1195 1062 1232 pro
1101 1179 1181 1233 ipso
1216 1181 1374 1222 domum
1410 1179 1499 1231 (Ms.

839 1237 962 1277 Hulst.
975 1249 1049 1288 pro
1071 1237 1149 1289 ipsit
1168 1239 1287 1286 domo,
1310 1237 1393 1278 lte.
1407 1249 1502 1278 ante

838 1290 959 1344 ipsam
983 1292 1158 1344 domum)
1177 1295 1350 1347 Glycerii
1376 1294 1502 1334 osten·

841 1347 905 1386 dat
924 1349 1067 1396 Dauus,
1090 1349 1234 1396 dicens,
1253 1349 1385 1396 Ellam,
1398 1348 1502 1402 quali

842 1416 884 1441 en
910 1402 1024 1441 illum.
1053 1403 1106 1442 est
1135 1406 1261 1454 enim,
1287 1416 1326 1444 vt
1352 1407 1413 1444 alii
1435 1418 1501 1444 vo·

840 1459 945 1506 lunt,
977 1472 1228 1510 pronomen:
1271 1472 1310 1499 vt
1337 1470 1398 1512 (at
1433 1463 1501 1512 Z.)

840 1515 917 1562 alii,
943 1514 1167 1554 admei-bium
1179 1515 1496 1556 demonstrantis:

838 1583 929 1608 nam
956 1582 1175 1621 pronomen
1202 1569 1418 1611 huiusmodi
1437 1586 1499 1612 ve·

839 1635 939 1663 teres
957 1625 1004 1663 fic
1025 1623 1288 1675 proferebant,
1310 1626 1379 1675 ille,
1398 1627 1495 1675 ellus,

840 1679 944 1719 ollas.
1003 1679 1090 1728 Sed,
1110 1692 1149 1718 vt
1168 1680 1344 1731 diximus,
1365 1683 1498 1722 aduer-

839 1735 944 1774 bium
963 1735 1213 1785 compofitum
1232 1751 1281 1776 ex
1299 1739 1499 1790 pronomi-

838 1803 891 1830 ne
911 1791 1033 1830 videri
1052 1792 1192 1843 potest:
1218 1805 1258 1832 vt
1274 1793 1328 1843 fit,
1355 1809 1410 1842 en,
1432 1794 1498 1837 vel

837 1861 912 1887 ecce
939 1847 1051 1887 ilium.
1114 1847 1324 1904 confidens]
1375 1851 1499 1905 Confi·

835 1905 980 1942 dentem
1000 1902 1064 1942 hic
1082 1918 1154 1955 pro
1177 1905 1382 1954 constanti,
1412 1920 1496 1946 non

827 1960 935 1999 ,mala
955 1958 1246 2012 fignificatione‚
1269 1961 1398 2012 posuit.
1426 1965 1496 2002 Ca-

833 2015 912 2069 tus]
945 2016 1127 2065 Callidus,
1159 2017 1305 2065 d0&us,
1322 2017 1493 2058 sardens:

833 2069 929 2118 παραὶ
956 2072 998 2109 τᾶ
1023 2078 1145 2122 καίειν,
1187 2072 1293 2112 vnde
1314 2074 1409 2113 Cato
1437 2074 1495 2113 di·

832 2127 911 2167 &us
923 2140 935 2168 t
961 2127 1213 2181 ingeniorum
1225 2129 1371 2168 etenim
1382 2129 1495 2182 igne·

833 2196 877 2222 us
906 2183 1018 2236 vigor
1049 2181 1126 2223 ess'e
1151 2184 1303 2224 videtur
1331 2183 1417 2237 (Ms.
1441 2187 1492 2226 H.

832 2241 1064 2293 ingeniorum
1082 2243 1212 2280 etenim
1230 2244 1407 2294 ingenuus
1436 2244 1494 2280 vi-

831 2309 908 2350 gor
929 2294 994 2346 est.
1048 2298 1097 2336 Et
1128 2296 1245 2336 refert
1272 2296 1364 2336 illud
1386 2299 1493 2336 vide·

832 2362 896 2390 tur
915 2360 953 2388 at
970 2348 1172 2402 sequentia
1185 2381 1194 2397 ,
1222 2352 1285 2404 ‘ffi
1301 2354 1492 2405 quantiuis

1013 2410 1098 2448 Hoc
1127 2410 1250 2458 reste,
1298 2408 1393 2448 illud
1421 2411 1490 2449 mi-

833 2466 935 2510 nus).
989 2463 1040 2502 D.

887 2521 931 2558 ln
959 2519 1119 2571 antiquo
1146 2523 1354 2561 Decurtato
1381 2522 1489 2560 Faer-

830 2574 883 2620 ni,
903 2583 943 2612 et
961 2587 1039 2613 vno
1065 2591 1088 2617 e
1103 2576 1238 2620 nostris
1251 2576 1328 2628 2st,
1351 2577 1486 2628 Nfiio

828 2632 905 2684 qui.
936 2631 1063 2673 Recte.
1124 2636 1168 2676 Β,
1312 2657 1314 2659 -
