<?xml version="1.0" encoding="UTF-8"?>
<!DOCTYPE html PUBLIC "-//W3C//DTD XHTML 1.0 Transitional//EN"
    "http://www.w3.org/TR/xhtml1/DTD/xhtml1-transitional.dtd">
<html xmlns="http://www.w3.org/1999/xhtml" xml:lang="en" lang="en">
 <head>
  <title>
</title>
<meta http-equiv="Content-Type" content="text/html;charset=utf-8" />
  <meta name='ocr-system' content='tesseract 3.04.00' />
  <meta name='ocr-capabilities' content='ocr_page ocr_carea ocr_par ocr_line ocrx_word'/>
</head>
<body>
  <div class='ocr_page' id='page_1' title='image "./comoediaesexexre01tereuoft_0432.png"; bbox 0 0 1815 3168; ppageno 0'>
   <div class='ocr_carea' id='block_1_1' title="bbox 331 131 427 193">
    <p class='ocr_par' dir='ltr' id='par_1_1' title="bbox 331 131 427 193">
     <span class='ocr_line' id='line_1_1' title="bbox 331 131 427 193; baseline -0.01 0"><span class='ocrx_word' id='word_1_1' title='bbox 331 131 427 193; x_wconf 79' lang='lat'>336</span> 
     </span>
    </p>
   </div>
   <div class='ocr_carea' id='block_1_2' title="bbox 709 123 1301 172">
    <p class='ocr_par' dir='ltr' id='par_1_2' title="bbox 709 123 1301 172">
     <span class='ocr_line' id='line_1_2' title="bbox 709 123 1301 172; baseline -0.002 0"><span class='ocrx_word' id='word_1_2' title='bbox 709 125 861 172; x_wconf 87' lang='lat' dir='ltr'><strong>ACT.</strong></span> <span class='ocrx_word' id='word_1_3' title='bbox 894 123 950 172; x_wconf 82' lang='grc' dir='ltr'>ΙΙ.</span> <span class='ocrx_word' id='word_1_4' title='bbox 994 123 1191 169; x_wconf 89' lang='lat' dir='ltr'><strong>SCEN.</strong></span> <span class='ocrx_word' id='word_1_5' title='bbox 1225 124 1301 171; x_wconf 90' lang='lat'>111.</span> 
     </span>
    </p>
   </div>
   <div class='ocr_carea' id='block_1_3' title="bbox 373 246 1702 529">
    <p class='ocr_par' dir='ltr' id='par_1_3' title="bbox 373 246 1702 529">
     <span class='ocr_line' id='line_1_3' title="bbox 373 246 1700 319; baseline -0.002 -18"><span class='ocrx_word' id='word_1_6' title='bbox 373 273 433 319; x_wconf 80' lang='lat'>25</span> <span class='ocrx_word' id='word_1_7' title='bbox 468 257 620 318; x_wconf 88' lang='lat' dir='ltr'>Itaque</span> <span class='ocrx_word' id='word_1_8' title='bbox 642 267 749 313; x_wconf 82' lang='lat' dir='ltr'>ergo</span> <span class='ocrx_word' id='word_1_9' title='bbox 772 262 985 298; x_wconf 81' lang='lat' dir='ltr'>amantur.</span> <span class='ocrx_word' id='word_1_10' title='bbox 1025 247 1059 296; x_wconf 87' lang='lat' dir='ltr'>P</span> <span class='ocrx_word' id='word_1_11' title='bbox 1077 264 1108 294; x_wconf 90' lang='lat' dir='ltr'>A</span> <span class='ocrx_word' id='word_1_12' title='bbox 1127 265 1172 296; x_wconf 86' lang='lat' dir='ltr'>R.</span> <span class='ocrx_word' id='word_1_13' title='bbox 1213 250 1318 314; x_wconf 83' lang='lat' dir='ltr'>quid</span> <span class='ocrx_word' id='word_1_14' title='bbox 1329 250 1567 300; x_wconf 77' lang='lat' dir='ltr'>tuaistaec?</span> <span class='ocrx_word' id='word_1_15' title='bbox 1591 246 1700 300; x_wconf 79' lang='lat' dir='ltr'>CH.</span> 
     </span>
     <span class='ocr_line' id='line_1_4' title="bbox 564 324 1351 390; baseline -0.004 -16"><span class='ocrx_word' id='word_1_16' title='bbox 564 345 682 375; x_wconf 87' lang='lat' dir='ltr'>noua</span> <span class='ocrx_word' id='word_1_17' title='bbox 705 326 846 388; x_wconf 77' lang='lat' dir='ltr'>figura</span> <span class='ocrx_word' id='word_1_18' title='bbox 873 328 976 373; x_wconf 80' lang='lat' dir='ltr'>oris.</span> <span class='ocrx_word' id='word_1_19' title='bbox 1016 324 1154 372; x_wconf 83' lang='lat' dir='ltr'><strong>PAR.</strong></span> <span class='ocrx_word' id='word_1_20' title='bbox 1193 325 1351 390; x_wconf 73' lang='lat' dir='ltr'>papae!</span> 
     </span>
     <span class='ocr_line' id='line_1_5' title="bbox 465 400 1702 468; baseline -0.001 -19"><span class='ocrx_word' id='word_1_21' title='bbox 465 402 513 453; x_wconf 83' lang='lat' dir='ltr'>C</span> <span class='ocrx_word' id='word_1_22' title='bbox 528 417 578 449; x_wconf 82' lang='lat' dir='ltr'>H.</span> <span class='ocrx_word' id='word_1_23' title='bbox 619 403 753 450; x_wconf 81' lang='lat' dir='ltr'>Color</span> <span class='ocrx_word' id='word_1_24' title='bbox 767 419 909 455; x_wconf 84' lang='lat' dir='ltr'>verus,</span> <span class='ocrx_word' id='word_1_25' title='bbox 933 418 1093 464; x_wconf 80' lang='lat' dir='ltr'>corpus</span> <span class='ocrx_word' id='word_1_26' title='bbox 1106 400 1304 452; x_wconf 84' lang='lat' dir='ltr'>solidum,</span> <span class='ocrx_word' id='word_1_27' title='bbox 1328 414 1370 448; x_wconf 86' lang='lat' dir='ltr'>et</span> <span class='ocrx_word' id='word_1_28' title='bbox 1382 402 1702 468; x_wconf 81' lang='lat' dir='ltr'>succiplenum.</span> 
     </span>
     <span class='ocr_line' id='line_1_6' title="bbox 566 472 1446 529; baseline -0.001 -5"><span class='ocrx_word' id='word_1_29' title='bbox 566 479 706 529; x_wconf 83' lang='lat' dir='ltr'>PAR.</span> <span class='ocrx_word' id='word_1_30' title='bbox 750 473 886 529; x_wconf 65' lang='lat' dir='ltr'>anui?</span> <span class='ocrx_word' id='word_1_31' title='bbox 925 472 1030 523; x_wconf 83' lang='lat' dir='ltr'>CH.</span> <span class='ocrx_word' id='word_1_32' title='bbox 1068 474 1204 524; x_wconf 82' lang='lat' dir='ltr'>anni?</span> <span class='ocrx_word' id='word_1_33' title='bbox 1246 475 1446 525; x_wconf 79' lang='lat' dir='ltr'><strong>sedecim.</strong></span> 
     </span>
    </p>
   </div>
   <div class='ocr_carea' id='block_1_4' title="bbox 322 691 1001 2653">
    <p class='ocr_par' dir='ltr' id='par_1_4' title="bbox 322 691 998 1366">
     <span class='ocr_line' id='line_1_7' title="bbox 333 691 993 740; baseline -0.011 0"><span class='ocrx_word' id='word_1_34' title='bbox 333 710 372 740; x_wconf 79' lang='lat' dir='ltr'>et</span> <span class='ocrx_word' id='word_1_35' title='bbox 395 695 613 739; x_wconf 80' lang='lat' dir='ltr'><em>Eiuncidum</em></span> <span class='ocrx_word' id='word_1_36' title='bbox 635 693 857 735; x_wconf 64' lang='grc' dir='ltr'><em>ἐκλεπτωθέν.</em></span> <span class='ocrx_word' id='word_1_37' title='bbox 890 691 993 735; x_wconf 82' lang='lat' dir='ltr'>Glos-</span> 
     </span>
     <span class='ocr_line' id='line_1_8' title="bbox 335 751 991 795; baseline -0.008 0"><span class='ocrx_word' id='word_1_38' title='bbox 335 754 401 795; x_wconf 78' lang='lat' dir='ltr'>sar.</span> <span class='ocrx_word' id='word_1_39' title='bbox 423 766 462 794; x_wconf 88' lang='lat' dir='ltr'>et</span> <span class='ocrx_word' id='word_1_40' title='bbox 481 757 603 795; x_wconf 81' lang='lat' dir='ltr'>Varro</span> <span class='ocrx_word' id='word_1_41' title='bbox 624 752 675 790; x_wconf 89' lang='lat' dir='ltr'>de</span> <span class='ocrx_word' id='word_1_42' title='bbox 700 764 741 790; x_wconf 86' lang='lat' dir='ltr'>re</span> <span class='ocrx_word' id='word_1_43' title='bbox 760 751 843 790; x_wconf 84' lang='lat' dir='ltr'>rust.</span> <span class='ocrx_word' id='word_1_44' title='bbox 865 751 931 791; x_wconf 90' lang='lat' dir='ltr'>lib.</span> <span class='ocrx_word' id='word_1_45' title='bbox 958 763 991 792; x_wconf 85' lang='lat'>1.</span> 
     </span>
     <span class='ocr_line' id='line_1_9' title="bbox 334 808 994 864; baseline -0.008 -14"><span class='ocrx_word' id='word_1_46' title='bbox 334 825 418 863; x_wconf 83' lang='lat' dir='ltr'>cap.</span> <span class='ocrx_word' id='word_1_47' title='bbox 449 822 515 864; x_wconf 78' lang='lat'>31.</span> <span class='ocrx_word' id='word_1_48' title='bbox 542 808 719 848; x_wconf 84' lang='lat' dir='ltr'><strong>Terentii</strong></span> <span class='ocrx_word' id='word_1_49' title='bbox 754 808 882 846; x_wconf 85' lang='lat' dir='ltr'>locum</span> <span class='ocrx_word' id='word_1_50' title='bbox 912 808 994 846; x_wconf 85' lang='lat' dir='ltr'>imi-</span> 
     </span>
     <span class='ocr_line' id='line_1_10' title="bbox 334 862 993 914; baseline -0.008 -8"><span class='ocrx_word' id='word_1_51' title='bbox 334 869 405 907; x_wconf 81' lang='lat' dir='ltr'>tari</span> <span class='ocrx_word' id='word_1_52' title='bbox 436 865 555 904; x_wconf 82' lang='lat' dir='ltr'>voluit</span> <span class='ocrx_word' id='word_1_53' title='bbox 575 863 836 914; x_wconf 80' lang='lat' dir='ltr'>Luitprandus</span> <span class='ocrx_word' id='word_1_54' title='bbox 854 862 993 904; x_wconf 73' lang='lat' dir='ltr'>Hister.</span> 
     </span>
     <span class='ocr_line' id='line_1_11' title="bbox 334 918 996 971; baseline -0.006 -9"><span class='ocrx_word' id='word_1_55' title='bbox 334 923 401 962; x_wconf 85' lang='lat' dir='ltr'>lib.</span> <span class='ocrx_word' id='word_1_56' title='bbox 438 935 494 961; x_wconf 73' lang='lat' dir='ltr'>vn.</span> <span class='ocrx_word' id='word_1_57' title='bbox 533 933 613 971; x_wconf 88' lang='lat' dir='ltr'>cap.</span> <span class='ocrx_word' id='word_1_58' title='bbox 644 923 680 960; x_wconf 93' lang='lat'>6.</span> <span class='ocrx_word' id='word_1_59' title='bbox 744 918 862 969; x_wconf 78' lang='lat' dir='ltr'><em>Testes</em></span> <span class='ocrx_word' id='word_1_60' title='bbox 900 918 996 968; x_wconf 75' lang='lat' dir='ltr'>fient</span> 
     </span>
     <span class='ocr_line' id='line_1_12' title="bbox 334 974 996 1028; baseline -0.009 -10"><span class='ocrx_word' id='word_1_61' title='bbox 334 992 411 1018; x_wconf 82' lang='lat' dir='ltr'>non</span> <span class='ocrx_word' id='word_1_62' title='bbox 420 976 544 1028; x_wconf 86' lang='lat' dir='ltr'>folum</span> <span class='ocrx_word' id='word_1_63' title='bbox 555 979 768 1014; x_wconf 76' lang='lat' dir='ltr'>iuncearum</span> <span class='ocrx_word' id='word_1_64' title='bbox 778 974 996 1026; x_wconf 76' lang='lat' dir='ltr'>firmarum</span> 
     </span>
     <span class='ocr_line' id='line_1_13' title="bbox 334 1031 996 1083; baseline -0.008 -10"><span class='ocrx_word' id='word_1_65' title='bbox 334 1044 526 1079; x_wconf 84' lang='lat' dir='ltr'>curatura,</span> <span class='ocrx_word' id='word_1_66' title='bbox 544 1031 617 1083; x_wconf 78' lang='lat' dir='ltr'>fid</span> <span class='ocrx_word' id='word_1_67' title='bbox 632 1043 670 1069; x_wconf 87' lang='lat' dir='ltr'>et</span> <span class='ocrx_word' id='word_1_68' title='bbox 689 1031 996 1082; x_wconf 81' lang='lat' dir='ltr'>quotidianarum</span> 
     </span>
     <span class='ocr_line' id='line_1_14' title="bbox 322 1087 840 1142; baseline -0.014 -12"><span class='ocrx_word' id='word_1_69' title='bbox 322 1091 544 1142; x_wconf 80' lang='lat' dir='ltr'>formarum</span> <span class='ocrx_word' id='word_1_70' title='bbox 565 1087 745 1125; x_wconf 83' lang='lat' dir='ltr'>mulieres.</span> <span class='ocrx_word' id='word_1_71' title='bbox 800 1089 840 1126; x_wconf 91' lang='lat' dir='ltr'>L.</span> 
     </span>
     <span class='ocr_line' id='line_1_15' title="bbox 388 1139 995 1196; baseline -0.012 -11"><span class='ocrx_word' id='word_1_72' title='bbox 388 1141 682 1196; x_wconf 85' lang='lat' dir='ltr'>Lindenbrogii</span> <span class='ocrx_word' id='word_1_73' title='bbox 703 1139 814 1181; x_wconf 85' lang='lat' dir='ltr'>codd.</span> <span class='ocrx_word' id='word_1_74' title='bbox 843 1152 882 1181; x_wconf 89' lang='lat' dir='ltr'>et</span> <span class='ocrx_word' id='word_1_75' title='bbox 899 1153 995 1180; x_wconf 86' lang='lat' dir='ltr'>vnus</span> 
     </span>
     <span class='ocr_line' id='line_1_16' title="bbox 333 1196 998 1248; baseline -0.012 -7"><span class='ocrx_word' id='word_1_76' title='bbox 333 1215 359 1241; x_wconf 80' lang='lat' dir='ltr'>e</span> <span class='ocrx_word' id='word_1_77' title='bbox 378 1198 515 1241; x_wconf 86' lang='lat' dir='ltr'>nostris</span> <span class='ocrx_word' id='word_1_78' title='bbox 544 1209 635 1239; x_wconf 86' lang='lat' dir='ltr'>vett.</span> <span class='ocrx_word' id='word_1_79' title='bbox 670 1196 884 1248; x_wconf 70' lang='lat' dir='ltr'>Tamenetst.</span> <span class='ocrx_word' id='word_1_80' title='bbox 945 1199 998 1238; x_wconf 93' lang='lat' dir='ltr'>Vt</span> 
     </span>
     <span class='ocr_line' id='line_1_17' title="bbox 334 1252 997 1311; baseline -0.009 -14"><span class='ocrx_word' id='word_1_81' title='bbox 334 1257 455 1311; x_wconf 80' lang='lat' dir='ltr'>igitur</span> <span class='ocrx_word' id='word_1_82' title='bbox 477 1253 571 1296; x_wconf 81' lang='lat' dir='ltr'>bona</span> <span class='ocrx_word' id='word_1_83' title='bbox 594 1252 660 1294; x_wconf 89' lang='lat' dir='ltr'>sub</span> <span class='ocrx_word' id='word_1_84' title='bbox 680 1254 757 1292; x_wconf 64' lang='lat' dir='ltr'>ie&#39;tu</span> <span class='ocrx_word' id='word_1_85' title='bbox 771 1254 997 1301; x_wconf 79' lang='lat' dir='ltr'>collocetur,</span> 
     </span>
     <span class='ocr_line' id='line_1_18' title="bbox 336 1310 930 1366; baseline -0.01 -13"><span class='ocrx_word' id='word_1_86' title='bbox 336 1325 491 1366; x_wconf 75' lang='lat' dir='ltr'>repone</span> <span class='ocrx_word' id='word_1_87' title='bbox 514 1311 562 1366; x_wconf 64' lang='lat' dir='ltr'>cst</span> <span class='ocrx_word' id='word_1_88' title='bbox 582 1310 665 1363; x_wconf 88' lang='lat' dir='ltr'>post</span> <span class='ocrx_word' id='word_1_89' title='bbox 684 1323 833 1349; x_wconf 79' lang='lat' dir='ltr'>natura.</span> <span class='ocrx_word' id='word_1_90' title='bbox 889 1312 930 1349; x_wconf 90' lang='lat' dir='ltr'>B.</span> 
     </span>
    </p>

    <p class='ocr_par' dir='ltr' id='par_1_5' title="bbox 328 1364 1001 2417">
     <span class='ocr_line' id='line_1_19' title="bbox 387 1364 998 1422; baseline -0.016 -10"><span class='ocrx_word' id='word_1_91' title='bbox 387 1380 442 1422; x_wconf 82' lang='lat'>25</span> <span class='ocrx_word' id='word_1_92' title='bbox 491 1368 626 1420; x_wconf 81' lang='lat' dir='ltr'>Itaque</span> <span class='ocrx_word' id='word_1_93' title='bbox 672 1379 761 1421; x_wconf 84' lang='lat' dir='ltr'>ergo</span> <span class='ocrx_word' id='word_1_94' title='bbox 802 1364 998 1418; x_wconf 80' lang='lat' dir='ltr'>amantur]</span> 
     </span>
     <span class='ocr_line' id='line_1_20' title="bbox 332 1421 998 1476; baseline -0.009 -12"><span class='ocrx_word' id='word_1_95' title='bbox 332 1428 482 1476; x_wconf 86' lang='lat' dir='ltr'>Itaque,</span> <span class='ocrx_word' id='word_1_96' title='bbox 502 1423 639 1475; x_wconf 84' lang='lat' dir='ltr'>inquit,</span> <span class='ocrx_word' id='word_1_97' title='bbox 661 1435 779 1462; x_wconf 84' lang='lat' dir='ltr'>nemo</span> <span class='ocrx_word' id='word_1_98' title='bbox 791 1421 873 1460; x_wconf 82' lang='lat' dir='ltr'>illas</span> <span class='ocrx_word' id='word_1_99' title='bbox 884 1431 998 1459; x_wconf 87' lang='lat' dir='ltr'>amat.</span> 
     </span>
     <span class='ocr_line' id='line_1_21' title="bbox 335 1478 1000 1532; baseline -0.008 -12"><span class='ocrx_word' id='word_1_100' title='bbox 335 1487 479 1528; x_wconf 69' lang='grc' dir='ltr'>εἰρωνεία</span> <span class='ocrx_word' id='word_1_101' title='bbox 497 1479 563 1521; x_wconf 86' lang='lat' dir='ltr'>est.</span> <span class='ocrx_word' id='word_1_102' title='bbox 596 1491 662 1518; x_wconf 87' lang='lat' dir='ltr'>aut</span> <span class='ocrx_word' id='word_1_103' title='bbox 678 1478 789 1532; x_wconf 70' lang='lat' dir='ltr'><em>(haut</em></span> <span class='ocrx_word' id='word_1_104' title='bbox 814 1479 880 1529; x_wconf 86' lang='lat' dir='ltr'>Z.)</span> <span class='ocrx_word' id='word_1_105' title='bbox 908 1489 1000 1519; x_wconf 78' lang='lat' dir='ltr'>vere</span> 
     </span>
     <span class='ocr_line' id='line_1_22' title="bbox 335 1532 998 1587; baseline -0.008 -11"><span class='ocrx_word' id='word_1_106' title='bbox 335 1547 535 1576; x_wconf 78' lang='lat' dir='ltr'>amantur:</span> <span class='ocrx_word' id='word_1_107' title='bbox 560 1546 601 1576; x_wconf 91' lang='lat' dir='ltr'>vt</span> <span class='ocrx_word' id='word_1_108' title='bbox 628 1547 678 1574; x_wconf 90' lang='lat' dir='ltr'>eo</span> <span class='ocrx_word' id='word_1_109' title='bbox 697 1534 820 1587; x_wconf 80' lang='lat' dir='ltr'>magis</span> <span class='ocrx_word' id='word_1_110' title='bbox 838 1532 935 1573; x_wconf 85' lang='lat' dir='ltr'>haec</span> <span class='ocrx_word' id='word_1_111' title='bbox 962 1547 998 1572; x_wconf 84' lang='lat' dir='ltr'>a·</span> 
     </span>
     <span class='ocr_line' id='line_1_23' title="bbox 333 1588 998 1643; baseline -0.008 -10"><span class='ocrx_word' id='word_1_112' title='bbox 333 1594 478 1634; x_wconf 79' lang='lat' dir='ltr'>manda</span> <span class='ocrx_word' id='word_1_113' title='bbox 498 1591 553 1642; x_wconf 84' lang='lat' dir='ltr'>fit,</span> <span class='ocrx_word' id='word_1_114' title='bbox 578 1605 680 1643; x_wconf 85' lang='lat' dir='ltr'>quae</span> <span class='ocrx_word' id='word_1_115' title='bbox 697 1602 859 1631; x_wconf 82' lang='lat' dir='ltr'>naturae</span> <span class='ocrx_word' id='word_1_116' title='bbox 877 1588 998 1628; x_wconf 88' lang='lat' dir='ltr'>bene-</span> 
     </span>
     <span class='ocr_line' id='line_1_24' title="bbox 334 1646 999 1698; baseline -0.005 -11"><span class='ocrx_word' id='word_1_117' title='bbox 334 1648 444 1698; x_wconf 82' lang='lat' dir='ltr'>ficio,</span> <span class='ocrx_word' id='word_1_118' title='bbox 476 1661 559 1687; x_wconf 84' lang='lat' dir='ltr'>non</span> <span class='ocrx_word' id='word_1_119' title='bbox 586 1646 693 1687; x_wconf 74' lang='lat' dir='ltr'>faffls</span> <span class='ocrx_word' id='word_1_120' title='bbox 713 1646 913 1693; x_wconf 86' lang='lat' dir='ltr'>comtibus,</span> <span class='ocrx_word' id='word_1_121' title='bbox 933 1654 999 1684; x_wconf 88' lang='lat' dir='ltr'>aut</span> 
     </span>
     <span class='ocr_line' id='line_1_25' title="bbox 335 1703 1000 1756; baseline -0.009 -10"><span class='ocrx_word' id='word_1_122' title='bbox 335 1705 519 1746; x_wconf 77' lang='lat' dir='ltr'>industria</span> <span class='ocrx_word' id='word_1_123' title='bbox 555 1703 609 1745; x_wconf 90' lang='lat' dir='ltr'>est</span> <span class='ocrx_word' id='word_1_124' title='bbox 640 1703 809 1756; x_wconf 82' lang='lat' dir='ltr'>pulchra.</span> <span class='ocrx_word' id='word_1_125' title='bbox 864 1704 1000 1755; x_wconf 84' lang='lat' dir='ltr'>Itaque</span> 
     </span>
     <span class='ocr_line' id='line_1_26' title="bbox 328 1757 1000 1814; baseline -0.003 -16"><span class='ocrx_word' id='word_1_126' title='bbox 328 1775 419 1814; x_wconf 12' lang='lat' dir='ltr'>eergo</span> <span class='ocrx_word' id='word_1_127' title='bbox 439 1759 635 1814; x_wconf 83' lang='lat' dir='ltr'>amantur]</span> <span class='ocrx_word' id='word_1_128' title='bbox 664 1758 866 1811; x_wconf 86' lang='lat' dir='ltr'>Atqueita</span> <span class='ocrx_word' id='word_1_129' title='bbox 886 1757 937 1806; x_wconf 80' lang='lat' dir='ltr'>fit,</span> <span class='ocrx_word' id='word_1_130' title='bbox 961 1768 1000 1797; x_wconf 87' lang='lat' dir='ltr'>vt</span> 
     </span>
     <span class='ocr_line' id='line_1_27' title="bbox 334 1827 998 1856; baseline -0.003 -1"><span class='ocrx_word' id='word_1_131' title='bbox 334 1827 539 1856; x_wconf 72' lang='lat' dir='ltr'>amentur:</span> <span class='ocrx_word' id='word_1_132' title='bbox 579 1830 661 1855; x_wconf 89' lang='lat' dir='ltr'>non</span> <span class='ocrx_word' id='word_1_133' title='bbox 696 1827 857 1855; x_wconf 83' lang='lat' dir='ltr'>naturae</span> <span class='ocrx_word' id='word_1_134' title='bbox 884 1828 998 1854; x_wconf 73' lang='lat' dir='ltr'>merl-</span> 
     </span>
     <span class='ocr_line' id='line_1_28' title="bbox 337 1869 997 1924; baseline -0.006 -12"><span class='ocrx_word' id='word_1_135' title='bbox 337 1883 397 1918; x_wconf 88' lang='lat' dir='ltr'>to,</span> <span class='ocrx_word' id='word_1_136' title='bbox 440 1871 504 1911; x_wconf 72' lang='lat' dir='ltr'>sed</span> <span class='ocrx_word' id='word_1_137' title='bbox 544 1871 738 1910; x_wconf 85' lang='lat' dir='ltr'>industria.</span> <span class='ocrx_word' id='word_1_138' title='bbox 796 1869 900 1924; x_wconf 74' lang='lat' dir='ltr'>Qid</span> <span class='ocrx_word' id='word_1_139' title='bbox 928 1883 997 1909; x_wconf 79' lang='lat' dir='ltr'>tua</span> 
     </span>
     <span class='ocr_line' id='line_1_29' title="bbox 334 1922 997 1982; baseline -0.006 -15"><span class='ocrx_word' id='word_1_140' title='bbox 334 1929 494 1982; x_wconf 58' lang='grc' dir='ltr'>ζβαεεῖ]</span> <span class='ocrx_word' id='word_1_141' title='bbox 530 1927 667 1968; x_wconf 67' lang='grc' dir='ltr'>Βεᾶετ</span> <span class='ocrx_word' id='word_1_142' title='bbox 704 1926 751 1966; x_wconf 82' lang='lat' dir='ltr'>fic</span> <span class='ocrx_word' id='word_1_143' title='bbox 781 1927 888 1964; x_wconf 86' lang='lat' dir='ltr'>enim</span> <span class='ocrx_word' id='word_1_144' title='bbox 916 1922 997 1976; x_wconf 85' lang='lat' dir='ltr'>ipse</span> 
     </span>
     <span class='ocr_line' id='line_1_30' title="bbox 338 1980 990 2033; baseline -0.008 -7"><span class='ocrx_word' id='word_1_145' title='bbox 338 1987 448 2032; x_wconf 68' lang='lat' dir='ltr'>dicet,</span> <span class='ocrx_word' id='word_1_146' title='bbox 469 1987 521 2024; x_wconf 82' lang='lat' dir='ltr'>At</span> <span class='ocrx_word' id='word_1_147' title='bbox 540 1982 638 2022; x_wconf 82' lang='lat' dir='ltr'><em>nihil</em></span> <span class='ocrx_word' id='word_1_148' title='bbox 655 1984 705 2021; x_wconf 88' lang='lat' dir='ltr'>ad</span> <span class='ocrx_word' id='word_1_149' title='bbox 712 1981 872 2033; x_wconf 85' lang='lat' dir='ltr'>nostram</span> <span class='ocrx_word' id='word_1_150' title='bbox 885 1980 990 2021; x_wconf 81' lang='lat' dir='ltr'><em>hanc.</em></span> 
     </span>
     <span class='ocr_line' id='line_1_31' title="bbox 336 2036 998 2099; baseline -0.008 -20"><span class='ocrx_word' id='word_1_151' title='bbox 336 2039 448 2099; x_wconf 55' lang='lat' dir='ltr'>,Quid</span> <span class='ocrx_word' id='word_1_152' title='bbox 466 2053 532 2078; x_wconf 86' lang='lat' dir='ltr'>tua</span> <span class='ocrx_word' id='word_1_153' title='bbox 553 2038 712 2092; x_wconf 78' lang='lat' dir='ltr'>zstaec?]</span> <span class='ocrx_word' id='word_1_154' title='bbox 737 2036 878 2084; x_wconf 88' lang='lat' dir='ltr'>Deest,</span> <span class='ocrx_word' id='word_1_155' title='bbox 908 2050 998 2090; x_wconf 82' lang='lat' dir='ltr'>qua-</span> 
     </span>
     <span class='ocr_line' id='line_1_32' title="bbox 335 2092 995 2147; baseline -0.008 -11"><span class='ocrx_word' id='word_1_156' title='bbox 335 2097 379 2137; x_wconf 77' lang='lat' dir='ltr'>lis</span> <span class='ocrx_word' id='word_1_157' title='bbox 398 2095 545 2147; x_wconf 76' lang='lat' dir='ltr'>est,d1·c.</span> <span class='ocrx_word' id='word_1_158' title='bbox 600 2096 718 2134; x_wconf 85' lang='lat' dir='ltr'>Noua</span> <span class='ocrx_word' id='word_1_159' title='bbox 742 2092 873 2147; x_wconf 83' lang='lat' dir='ltr'><em>figura</em></span> <span class='ocrx_word' id='word_1_160' title='bbox 900 2093 995 2147; x_wconf 86' lang='lat' dir='ltr'><em>oris]</em></span> 
     </span>
     <span class='ocr_line' id='line_1_33' title="bbox 334 2149 996 2204; baseline -0.012 -9"><span class='ocrx_word' id='word_1_161' title='bbox 334 2152 474 2195; x_wconf 83' lang='lat' dir='ltr'>Laudis</span> <span class='ocrx_word' id='word_1_162' title='bbox 503 2163 629 2204; x_wconf 81' lang='lat' dir='ltr'>genus</span> <span class='ocrx_word' id='word_1_163' title='bbox 661 2149 724 2198; x_wconf 86' lang='lat' dir='ltr'>est,</span> <span class='ocrx_word' id='word_1_164' title='bbox 752 2161 872 2188; x_wconf 83' lang='lat' dir='ltr'>noua:</span> <span class='ocrx_word' id='word_1_165' title='bbox 907 2149 996 2200; x_wconf 87' lang='lat' dir='ltr'>quia</span> 
     </span>
     <span class='ocr_line' id='line_1_34' title="bbox 335 2207 998 2259; baseline -0.008 -11"><span class='ocrx_word' id='word_1_166' title='bbox 335 2209 506 2256; x_wconf 79' lang='lat' dir='ltr'>dixerat,</span> <span class='ocrx_word' id='word_1_167' title='bbox 536 2207 671 2247; x_wconf 70' lang='lat' dir='ltr'>Taedet</span> <span class='ocrx_word' id='word_1_168' title='bbox 691 2207 998 2259; x_wconf 71' lang='lat' dir='ltr'>quotidianarum</span> 
     </span>
     <span class='ocr_line' id='line_1_35' title="bbox 339 2261 998 2315; baseline -0.003 -11"><span class='ocrx_word' id='word_1_169' title='bbox 339 2265 472 2304; x_wconf 78' lang='lat' dir='ltr'><em>harum</em></span> <span class='ocrx_word' id='word_1_170' title='bbox 507 2265 739 2315; x_wconf 83' lang='lat' dir='ltr'>formarum.</span> <span class='ocrx_word' id='word_1_171' title='bbox 818 2263 940 2313; x_wconf 81' lang='lat' dir='ltr'><em>Papae</em></span> <span class='ocrx_word' id='word_1_172' title='bbox 955 2261 998 2314; x_wconf 78' lang='lat' dir='ltr'>l]</span> 
     </span>
     <span class='ocr_line' id='line_1_36' title="bbox 335 2315 1001 2368; baseline -0.008 -7"><span class='ocrx_word' id='word_1_173' title='bbox 335 2321 557 2361; x_wconf 70' lang='lat' dir='ltr'>Interiefflo</span> <span class='ocrx_word' id='word_1_174' title='bbox 587 2321 684 2358; x_wconf 76' lang='lat' dir='ltr'>mira</span> <span class='ocrx_word' id='word_1_175' title='bbox 710 2315 834 2357; x_wconf 88' lang='lat' dir='ltr'>subito</span> <span class='ocrx_word' id='word_1_176' title='bbox 869 2318 1001 2368; x_wconf 81' lang='lat' dir='ltr'>accipi-</span> 
     </span>
     <span class='ocr_line' id='line_1_37' title="bbox 337 2378 556 2417; baseline -0.009 0"><span class='ocrx_word' id='word_1_177' title='bbox 337 2378 449 2417; x_wconf 55' lang='lat' dir='ltr'>entis</span> <span class='ocrx_word' id='word_1_178' title='bbox 507 2378 556 2416; x_wconf 95' lang='lat' dir='ltr'>D.</span> 
     </span>
    </p>

    <p class='ocr_par' dir='ltr' id='par_1_6' title="bbox 338 2429 1000 2653">
     <span class='ocr_line' id='line_1_38' title="bbox 371 2429 1000 2487; baseline -0.006 -14"><span class='ocrx_word' id='word_1_179' title='bbox 371 2434 508 2474; x_wconf 79' lang='lat' dir='ltr'>&#39;Noua</span> <span class='ocrx_word' id='word_1_180' title='bbox 526 2429 656 2487; x_wconf 85' lang='lat' dir='ltr'><em>figura</em></span> <span class='ocrx_word' id='word_1_181' title='bbox 680 2430 774 2485; x_wconf 89' lang='lat' dir='ltr'><em>oris]</em></span> <span class='ocrx_word' id='word_1_182' title='bbox 802 2433 850 2471; x_wconf 86' lang='lat' dir='ltr'>Et</span> <span class='ocrx_word' id='word_1_183' title='bbox 868 2431 910 2470; x_wconf 87' lang='lat' dir='ltr'>in</span> <span class='ocrx_word' id='word_1_184' title='bbox 921 2431 1000 2471; x_wconf 83' lang='lat' dir='ltr'>Au·</span> 
     </span>
     <span class='ocr_line' id='line_1_39' title="bbox 338 2484 998 2528; baseline -0.003 0"><span class='ocrx_word' id='word_1_185' title='bbox 338 2488 421 2528; x_wconf 88' lang='lat' dir='ltr'>dria</span> <span class='ocrx_word' id='word_1_186' title='bbox 442 2489 607 2527; x_wconf 79' lang='lat' dir='ltr'><strong>diximus</strong></span> <span class='ocrx_word' id='word_1_187' title='bbox 631 2487 798 2528; x_wconf 83' lang='lat' dir='ltr'>formam</span> <span class='ocrx_word' id='word_1_188' title='bbox 824 2484 902 2527; x_wconf 82' lang='lat' dir='ltr'>effe</span> <span class='ocrx_word' id='word_1_189' title='bbox 919 2487 998 2526; x_wconf 89' lang='lat' dir='ltr'>lau-</span> 
     </span>
     <span class='ocr_line' id='line_1_40' title="bbox 338 2543 998 2597; baseline 0.003 -13"><span class='ocrx_word' id='word_1_190' title='bbox 338 2543 518 2585; x_wconf 78' lang='lat' dir='ltr'>dandam.</span> <span class='ocrx_word' id='word_1_191' title='bbox 567 2544 636 2592; x_wconf 86' lang='lat' dir='ltr'>lbi,</span> <span class='ocrx_word' id='word_1_192' title='bbox 657 2545 775 2583; x_wconf 72' lang='lat' dir='ltr'>Video</span> <span class='ocrx_word' id='word_1_193' title='bbox 798 2544 998 2597; x_wconf 63' lang='lat' dir='ltr'>adolqshcn-</span> 
     </span>
     <span class='ocr_line' id='line_1_41' title="bbox 338 2600 800 2653; baseline 0.004 -13"><span class='ocrx_word' id='word_1_194' title='bbox 338 2602 452 2647; x_wconf 76' lang='lat' dir='ltr'><em>tulum</em></span> <span class='ocrx_word' id='word_1_195' title='bbox 459 2600 607 2653; x_wconf 78' lang='lat' dir='ltr'>forma,</span> <span class='ocrx_word' id='word_1_196' title='bbox 630 2600 703 2646; x_wconf 60' lang='lat' dir='ltr'>life.</span> <span class='ocrx_word' id='word_1_197' title='bbox 756 2602 800 2642; x_wconf 74' lang='lat' dir='ltr'>E.</span> 
     </span>
    </p>
   </div>
   <div class='ocr_carea' id='block_1_5' title="bbox 1503 557 1701 611">
    <p class='ocr_par' dir='ltr' id='par_1_7' title="bbox 1503 557 1701 611">
     <span class='ocr_line' id='line_1_42' title="bbox 1503 557 1701 611; baseline 0.005 -11"><span class='ocrx_word' id='word_1_198' title='bbox 1503 602 1513 611; x_wconf 65' lang='lat'><em>,</em></span> <span class='ocrx_word' id='word_1_199' title='bbox 1560 557 1701 601; x_wconf 73' lang='lat' dir='ltr'>PAR.</span> 
     </span>
    </p>
   </div>
   <div class='ocr_carea' id='block_1_6' title="bbox 1034 693 1715 2697">
    <p class='ocr_par' dir='ltr' id='par_1_8' title="bbox 1034 693 1715 1857">
     <span class='ocr_line' id='line_1_43' title="bbox 1098 693 1701 747; baseline -0.005 -12"><span class='ocrx_word' id='word_1_200' title='bbox 1098 697 1151 738; x_wconf 86' lang='lat'>26</span> <span class='ocrx_word' id='word_1_201' title='bbox 1184 694 1301 734; x_wconf 84' lang='lat' dir='ltr'>Color</span> <span class='ocrx_word' id='word_1_202' title='bbox 1327 693 1453 747; x_wconf 82' lang='lat' dir='ltr'>verus]</span> <span class='ocrx_word' id='word_1_203' title='bbox 1486 694 1590 745; x_wconf 82' lang='lat' dir='ltr'>Quia</span> <span class='ocrx_word' id='word_1_204' title='bbox 1609 706 1701 733; x_wconf 72' lang='lat' dir='ltr'>vnon</span> 
     </span>
     <span class='ocr_line' id='line_1_44' title="bbox 1043 749 1701 800; baseline -0.002 -10"><span class='ocrx_word' id='word_1_205' title='bbox 1043 750 1093 790; x_wconf 87' lang='lat' dir='ltr'>de</span> <span class='ocrx_word' id='word_1_206' title='bbox 1110 765 1196 790; x_wconf 83' lang='lat' dir='ltr'>cura</span> <span class='ocrx_word' id='word_1_207' title='bbox 1217 750 1270 789; x_wconf 88' lang='lat' dir='ltr'>est</span> <span class='ocrx_word' id='word_1_208' title='bbox 1289 763 1331 789; x_wconf 86' lang='lat' dir='ltr'>ac</span> <span class='ocrx_word' id='word_1_209' title='bbox 1362 751 1413 790; x_wconf 91' lang='lat' dir='ltr'>de</span> <span class='ocrx_word' id='word_1_210' title='bbox 1439 749 1546 798; x_wconf 82' lang='lat' dir='ltr'>suco,</span> <span class='ocrx_word' id='word_1_211' title='bbox 1574 749 1613 789; x_wconf 76' lang='lat' dir='ltr'>ld</span> <span class='ocrx_word' id='word_1_212' title='bbox 1635 749 1701 800; x_wconf 74' lang='lat' dir='ltr'>est‚‘</span> 
     </span>
     <span class='ocr_line' id='line_1_45' title="bbox 1045 807 1704 854; baseline 0 -9"><span class='ocrx_word' id='word_1_213' title='bbox 1045 809 1248 854; x_wconf 80' lang='lat' dir='ltr'>naturalis,</span> <span class='ocrx_word' id='word_1_214' title='bbox 1280 820 1361 845; x_wconf 86' lang='lat' dir='ltr'>non</span> <span class='ocrx_word' id='word_1_215' title='bbox 1391 807 1551 846; x_wconf 63' lang='lat' dir='ltr'>fucatus.</span> <span class='ocrx_word' id='word_1_216' title='bbox 1610 807 1704 846; x_wconf 86' lang='lat' dir='ltr'>Cor-</span> 
     </span>
     <span class='ocr_line' id='line_1_46' title="bbox 1037 863 1704 916; baseline 0.001 -15"><span class='ocrx_word' id='word_1_217' title='bbox 1037 876 1110 916; x_wconf 76' lang='lat' dir='ltr'>pm</span> <span class='ocrx_word' id='word_1_218' title='bbox 1131 863 1314 916; x_wconf 81' lang='lat' dir='ltr'>fhlidum]</span> <span class='ocrx_word' id='word_1_219' title='bbox 1350 863 1457 914; x_wconf 83' lang='lat' dir='ltr'><strong>Quia</strong></span> <span class='ocrx_word' id='word_1_220' title='bbox 1482 875 1563 901; x_wconf 86' lang='lat'>11011</span> <span class='ocrx_word' id='word_1_221' title='bbox 1590 863 1704 902; x_wconf 85' lang='lat' dir='ltr'>vitia-</span> 
     </span>
     <span class='ocr_line' id='line_1_47' title="bbox 1044 918 1702 972; baseline -0.002 -14"><span class='ocrx_word' id='word_1_222' title='bbox 1044 931 1138 959; x_wconf 86' lang='lat' dir='ltr'>tum.</span> <span class='ocrx_word' id='word_1_223' title='bbox 1203 920 1346 970; x_wconf 62' lang='lat' dir='ltr'>Corpus</span> <span class='ocrx_word' id='word_1_224' title='bbox 1377 918 1573 972; x_wconf 82' lang='lat' dir='ltr'>solidum]</span> <span class='ocrx_word' id='word_1_225' title='bbox 1619 918 1702 959; x_wconf 88' lang='lat' dir='ltr'>Ple-</span> 
     </span>
     <span class='ocr_line' id='line_1_48' title="bbox 1046 974 1704 1022; baseline 0 -8"><span class='ocrx_word' id='word_1_226' title='bbox 1046 990 1140 1014; x_wconf 86' lang='lat' dir='ltr'>num</span> <span class='ocrx_word' id='word_1_227' title='bbox 1160 986 1198 1014; x_wconf 88' lang='lat' dir='ltr'>et</span> <span class='ocrx_word' id='word_1_228' title='bbox 1222 976 1345 1022; x_wconf 81' lang='lat' dir='ltr'>forte,</span> <span class='ocrx_word' id='word_1_229' title='bbox 1376 975 1415 1013; x_wconf 85' lang='lat' dir='ltr'>id</span> <span class='ocrx_word' id='word_1_230' title='bbox 1440 974 1493 1013; x_wconf 82' lang='lat' dir='ltr'>est</span> <span class='ocrx_word' id='word_1_231' title='bbox 1516 988 1598 1013; x_wconf 86' lang='lat' dir='ltr'>non</span> <span class='ocrx_word' id='word_1_232' title='bbox 1616 975 1704 1014; x_wconf 79' lang='lat' dir='ltr'>flac-</span> 
     </span>
     <span class='ocr_line' id='line_1_49' title="bbox 1046 1030 1702 1084; baseline 0.002 -16"><span class='ocrx_word' id='word_1_233' title='bbox 1046 1031 1186 1070; x_wconf 86' lang='lat' dir='ltr'>cidum.</span> <span class='ocrx_word' id='word_1_234' title='bbox 1245 1030 1350 1069; x_wconf 79' lang='lat' dir='ltr'><em>Succi</em></span> <span class='ocrx_word' id='word_1_235' title='bbox 1372 1030 1542 1084; x_wconf 80' lang='lat' dir='ltr'>plenum]</span> <span class='ocrx_word' id='word_1_236' title='bbox 1594 1031 1702 1081; x_wconf 82' lang='lat' dir='ltr'>Quia</span> 
     </span>
     <span class='ocr_line' id='line_1_50' title="bbox 1046 1084 1706 1127; baseline 0.005 -3"><span class='ocrx_word' id='word_1_237' title='bbox 1046 1099 1162 1125; x_wconf 86' lang='lat' dir='ltr'>nemo</span> <span class='ocrx_word' id='word_1_238' title='bbox 1194 1084 1356 1125; x_wconf 82' lang='lat' dir='ltr'>deduxit</span> <span class='ocrx_word' id='word_1_239' title='bbox 1388 1085 1529 1125; x_wconf 83' lang='lat' dir='ltr'>cibum.</span> <span class='ocrx_word' id='word_1_240' title='bbox 1596 1086 1706 1127; x_wconf 87' lang='lat' dir='ltr'>Nam</span> 
     </span>
     <span class='ocr_line' id='line_1_51' title="bbox 1045 1139 1703 1194; baseline 0.003 -14"><span class='ocrx_word' id='word_1_241' title='bbox 1045 1139 1173 1180; x_wconf 85' lang='lat' dir='ltr'>succus</span> <span class='ocrx_word' id='word_1_242' title='bbox 1211 1141 1264 1180; x_wconf 88' lang='lat' dir='ltr'>est</span> <span class='ocrx_word' id='word_1_243' title='bbox 1293 1142 1429 1180; x_wconf 78' lang='lat' dir='ltr'>humor</span> <span class='ocrx_word' id='word_1_244' title='bbox 1453 1144 1494 1182; x_wconf 84' lang='lat' dir='ltr'>in</span> <span class='ocrx_word' id='word_1_245' title='bbox 1529 1155 1703 1194; x_wconf 84' lang='lat' dir='ltr'>corpore,</span> 
     </span>
     <span class='ocr_line' id='line_1_52' title="bbox 1047 1196 1699 1249; baseline 0.005 -14"><span class='ocrx_word' id='word_1_246' title='bbox 1047 1211 1124 1249; x_wconf 89' lang='lat' dir='ltr'>quo</span> <span class='ocrx_word' id='word_1_247' title='bbox 1152 1196 1351 1236; x_wconf 82' lang='lat' dir='ltr'>abundant</span> <span class='ocrx_word' id='word_1_248' title='bbox 1379 1198 1482 1237; x_wconf 86' lang='lat' dir='ltr'>bene</span> <span class='ocrx_word' id='word_1_249' title='bbox 1513 1200 1699 1239; x_wconf 81' lang='lat' dir='ltr'>valentes.</span> 
     </span>
     <span class='ocr_line' id='line_1_53' title="bbox 1045 1253 1705 1307; baseline 0.006 -16"><span class='ocrx_word' id='word_1_250' title='bbox 1045 1255 1155 1307; x_wconf 69' lang='lat' dir='ltr'>Vix-g.</span> <span class='ocrx_word' id='word_1_251' title='bbox 1186 1253 1273 1305; x_wconf 80' lang='lat' dir='ltr'>(Ecl</span> <span class='ocrx_word' id='word_1_252' title='bbox 1309 1266 1381 1300; x_wconf 77' lang='lat'>111,</span> <span class='ocrx_word' id='word_1_253' title='bbox 1411 1254 1468 1304; x_wconf 84' lang='lat'>6)</span> <span class='ocrx_word' id='word_1_254' title='bbox 1502 1253 1555 1293; x_wconf 87' lang='lat' dir='ltr'>Et</span> <span class='ocrx_word' id='word_1_255' title='bbox 1570 1253 1705 1304; x_wconf 68' lang='lat' dir='ltr'>flaccus</span> 
     </span>
     <span class='ocr_line' id='line_1_54' title="bbox 1042 1307 1702 1364; baseline 0.006 -16"><span class='ocrx_word' id='word_1_256' title='bbox 1042 1311 1181 1363; x_wconf 74' lang='lat' dir='ltr'>pecori,</span> <span class='ocrx_word' id='word_1_257' title='bbox 1206 1322 1243 1347; x_wconf 85' lang='lat' dir='ltr'>et</span> <span class='ocrx_word' id='word_1_258' title='bbox 1261 1307 1559 1359; x_wconf 66' lang='lat' dir='ltr'>lacfitbducitur</span> <span class='ocrx_word' id='word_1_259' title='bbox 1583 1315 1702 1364; x_wconf 70' lang='lat' dir='ltr'><em>c1gnis;</em></span> 
     </span>
     <span class='ocr_line' id='line_1_55' title="bbox 1047 1364 1707 1420; baseline -0.005 -14"><span class='ocrx_word' id='word_1_260' title='bbox 1047 1367 1180 1407; x_wconf 73' lang='lat' dir='ltr'>Saccus</span> <span class='ocrx_word' id='word_1_261' title='bbox 1222 1367 1400 1416; x_wconf 79' lang='lat' dir='ltr'>proprie,</span> <span class='ocrx_word' id='word_1_262' title='bbox 1438 1364 1540 1416; x_wconf 71' lang='lat' dir='ltr'>quast</span> <span class='ocrx_word' id='word_1_263' title='bbox 1568 1368 1707 1420; x_wconf 72' lang='lat' dir='ltr'><em>Jugu5,&#39;</em></span> 
     </span>
     <span class='ocr_line' id='line_1_56' title="bbox 1049 1420 1706 1474; baseline 0.002 -13"><span class='ocrx_word' id='word_1_264' title='bbox 1049 1434 1165 1474; x_wconf 87' lang='lat' dir='ltr'>quem</span> <span class='ocrx_word' id='word_1_265' title='bbox 1193 1420 1261 1460; x_wconf 82' lang='lat' dir='ltr'>fibi</span> <span class='ocrx_word' id='word_1_266' title='bbox 1296 1434 1344 1460; x_wconf 77' lang='lat' dir='ltr'>ex</span> <span class='ocrx_word' id='word_1_267' title='bbox 1363 1421 1559 1460; x_wconf 83' lang='lat' dir='ltr'>alimentis</span> <span class='ocrx_word' id='word_1_268' title='bbox 1585 1435 1706 1462; x_wconf 89' lang='lat' dir='ltr'>mem-</span> 
     </span>
     <span class='ocr_line' id='line_1_57' title="bbox 1046 1475 1707 1531; baseline 0.002 -14"><span class='ocrx_word' id='word_1_269' title='bbox 1046 1477 1117 1517; x_wconf 84' lang='lat' dir='ltr'>bra</span> <span class='ocrx_word' id='word_1_270' title='bbox 1127 1475 1278 1531; x_wconf 84' lang='lat' dir='ltr'>sugunt,</span> <span class='ocrx_word' id='word_1_271' title='bbox 1297 1489 1335 1516; x_wconf 85' lang='lat' dir='ltr'>vt</span> <span class='ocrx_word' id='word_1_272' title='bbox 1345 1475 1383 1516; x_wconf 89' lang='lat' dir='ltr'>se</span> <span class='ocrx_word' id='word_1_273' title='bbox 1393 1478 1581 1528; x_wconf 82' lang='lat' dir='ltr'>repleant.</span> <span class='ocrx_word' id='word_1_274' title='bbox 1619 1478 1707 1518; x_wconf 87' lang='lat' dir='ltr'><em>Suc-</em></span> 
     </span>
     <span class='ocr_line' id='line_1_58' title="bbox 1048 1533 1707 1588; baseline 0.005 -15"><span class='ocrx_word' id='word_1_275' title='bbox 1048 1538 1082 1577; x_wconf 74' lang='grc' dir='ltr'>εἰ</span> <span class='ocrx_word' id='word_1_276' title='bbox 1096 1533 1264 1588; x_wconf 85' lang='lat' dir='ltr'>plenum]</span> <span class='ocrx_word' id='word_1_277' title='bbox 1302 1533 1436 1573; x_wconf 83' lang='lat' dir='ltr'><em>Succus</em></span> <span class='ocrx_word' id='word_1_278' title='bbox 1461 1533 1515 1572; x_wconf 89' lang='lat' dir='ltr'>est</span> <span class='ocrx_word' id='word_1_279' title='bbox 1543 1534 1707 1576; x_wconf 73' lang='lat' dir='ltr'>interior</span> 
     </span>
     <span class='ocr_line' id='line_1_59' title="bbox 1046 1589 1708 1644; baseline 0.003 -15"><span class='ocrx_word' id='word_1_280' title='bbox 1046 1589 1251 1644; x_wconf 83' lang='lat' dir='ltr'>pinguedo</span> <span class='ocrx_word' id='word_1_281' title='bbox 1275 1590 1546 1630; x_wconf 76' lang='lat' dir='ltr'>membrorum.</span> <span class='ocrx_word' id='word_1_282' title='bbox 1605 1594 1708 1631; x_wconf 81' lang='lat' dir='ltr'><em>Anni</em></span> 
     </span>
     <span class='ocr_line' id='line_1_60' title="bbox 1034 1645 1705 1701; baseline 0 -16"><span class='ocrx_word' id='word_1_283' title='bbox 1034 1647 1215 1701; x_wconf 78' lang='lat' dir='ltr'>fidecim]</span> <span class='ocrx_word' id='word_1_284' title='bbox 1247 1645 1351 1686; x_wconf 83' lang='lat' dir='ltr'>Vide</span> <span class='ocrx_word' id='word_1_285' title='bbox 1375 1647 1705 1700; x_wconf 77' lang='lat' dir='ltr'>quemadmodum</span> 
     </span>
     <span class='ocr_line' id='line_1_61' title="bbox 1048 1703 1705 1755; baseline -0.002 -11"><span class='ocrx_word' id='word_1_286' title='bbox 1048 1714 1215 1744; x_wconf 87' lang='lat' dir='ltr'>aetatem</span> <span class='ocrx_word' id='word_1_287' title='bbox 1243 1703 1407 1755; x_wconf 83' lang='lat' dir='ltr'>virginis</span> <span class='ocrx_word' id='word_1_288' title='bbox 1436 1714 1606 1742; x_wconf 84' lang='lat' dir='ltr'>maturae</span> <span class='ocrx_word' id='word_1_289' title='bbox 1636 1706 1705 1743; x_wconf 76' lang='lat' dir='ltr'>Po.</span> 
     </span>
     <span class='ocr_line' id='line_1_62' title="bbox 1048 1758 1715 1800; baseline 0 0"><span class='ocrx_word' id='word_1_290' title='bbox 1048 1771 1110 1800; x_wconf 88' lang='lat' dir='ltr'>eta</span> <span class='ocrx_word' id='word_1_291' title='bbox 1138 1772 1187 1799; x_wconf 88' lang='lat' dir='ltr'>ex</span> <span class='ocrx_word' id='word_1_292' title='bbox 1204 1758 1405 1799; x_wconf 84' lang='lat' dir='ltr'>oceafione</span> <span class='ocrx_word' id='word_1_293' title='bbox 1423 1758 1715 1800; x_wconf 69' lang='lat' dir='ltr'>demum-aue·-</span> 
     </span>
     <span class='ocr_line' id='line_1_63' title="bbox 1045 1818 1216 1857; baseline -0.006 -1"><span class='ocrx_word' id='word_1_294' title='bbox 1045 1819 1106 1857; x_wconf 82' lang='lat' dir='ltr'>rit.</span> <span class='ocrx_word' id='word_1_295' title='bbox 1165 1818 1216 1856; x_wconf 91' lang='lat' dir='ltr'>D.</span> 
     </span>
    </p>

    <p class='ocr_par' dir='ltr' id='par_1_9' title="bbox 1046 1870 1708 2314">
     <span class='ocr_line' id='line_1_64' title="bbox 1099 1870 1705 1924; baseline 0 -12"><span class='ocrx_word' id='word_1_296' title='bbox 1099 1870 1212 1912; x_wconf 85' lang='lat' dir='ltr'>Color</span> <span class='ocrx_word' id='word_1_297' title='bbox 1229 1871 1358 1924; x_wconf 84' lang='lat' dir='ltr'><em>verus]</em></span> <span class='ocrx_word' id='word_1_298' title='bbox 1387 1875 1438 1912; x_wconf 87' lang='lat' dir='ltr'>Et</span> <span class='ocrx_word' id='word_1_299' title='bbox 1456 1870 1530 1909; x_wconf 82' lang='lat' dir='ltr'>hoc</span> <span class='ocrx_word' id='word_1_300' title='bbox 1542 1870 1705 1923; x_wconf 81' lang='lat' dir='ltr'>quoque</span> 
     </span>
     <span class='ocr_line' id='line_1_65' title="bbox 1047 1926 1703 1978; baseline 0 -10"><span class='ocrx_word' id='word_1_301' title='bbox 1047 1927 1096 1968; x_wconf 82' lang='lat' dir='ltr'>ad</span> <span class='ocrx_word' id='word_1_302' title='bbox 1116 1926 1448 1978; x_wconf 84' lang='lat' dir='ltr'>pulchritudinem</span> <span class='ocrx_word' id='word_1_303' title='bbox 1469 1927 1628 1978; x_wconf 65' lang='lat' dir='ltr'>proficit,</span> <span class='ocrx_word' id='word_1_304' title='bbox 1662 1939 1703 1968; x_wconf 89' lang='lat' dir='ltr'>vt</span> 
     </span>
     <span class='ocr_line' id='line_1_66' title="bbox 1046 1981 1708 2037; baseline 0.002 -15"><span class='ocrx_word' id='word_1_305' title='bbox 1046 1981 1149 2035; x_wconf 84' lang='lat' dir='ltr'>apud</span> <span class='ocrx_word' id='word_1_306' title='bbox 1181 1982 1321 2035; x_wconf 79' lang='lat' dir='ltr'>Virgil.</span> <span class='ocrx_word' id='word_1_307' title='bbox 1356 1982 1478 2032; x_wconf 88' lang='lat' dir='ltr'>(Aen.</span> <span class='ocrx_word' id='word_1_308' title='bbox 1519 1996 1558 2030; x_wconf 86' lang='lat'>1,</span> <span class='ocrx_word' id='word_1_309' title='bbox 1592 1986 1708 2037; x_wconf 84' lang='lat'>594.)</span> 
     </span>
     <span class='ocr_line' id='line_1_67' title="bbox 1046 2037 1704 2091; baseline 0.005 -15"><span class='ocrx_word' id='word_1_310' title='bbox 1046 2063 1102 2070; x_wconf 89' lang='lat'>-—</span> <span class='ocrx_word' id='word_1_311' title='bbox 1128 2037 1315 2090; x_wconf 81' lang='lat' dir='ltr'>lumenque</span> <span class='ocrx_word' id='word_1_312' title='bbox 1331 2040 1502 2077; x_wconf 82' lang='lat' dir='ltr'>iuuentae</span> <span class='ocrx_word' id='word_1_313' title='bbox 1520 2039 1704 2091; x_wconf 38' lang='lat' dir='ltr'>Puypure-</span> 
     </span>
     <span class='ocr_line' id='line_1_68' title="bbox 1046 2093 1705 2145; baseline 0.005 -12"><span class='ocrx_word' id='word_1_314' title='bbox 1046 2107 1126 2143; x_wconf 85' lang='lat' dir='ltr'>um,</span> <span class='ocrx_word' id='word_1_315' title='bbox 1153 2095 1194 2132; x_wconf 83' lang='lat' dir='ltr'>in</span> <span class='ocrx_word' id='word_1_316' title='bbox 1228 2107 1306 2145; x_wconf 86' lang='lat' dir='ltr'>quo</span> <span class='ocrx_word' id='word_1_317' title='bbox 1335 2105 1375 2133; x_wconf 90' lang='lat' dir='ltr'>et</span> <span class='ocrx_word' id='word_1_318' title='bbox 1400 2096 1494 2134; x_wconf 83' lang='lat' dir='ltr'>anni</span> <span class='ocrx_word' id='word_1_319' title='bbox 1523 2093 1705 2137; x_wconf 82' lang='lat' dir='ltr'>declarati</span> 
     </span>
     <span class='ocr_line' id='line_1_69' title="bbox 1047 2149 1706 2201; baseline 0.002 -12"><span class='ocrx_word' id='word_1_320' title='bbox 1047 2149 1146 2198; x_wconf 77' lang='lat' dir='ltr'>sunt,</span> <span class='ocrx_word' id='word_1_321' title='bbox 1172 2149 1275 2201; x_wconf 82' lang='lat' dir='ltr'>quod</span> <span class='ocrx_word' id='word_1_322' title='bbox 1293 2151 1463 2189; x_wconf 70' lang='lat' dir='ltr'>iuuentae</span> <span class='ocrx_word' id='word_1_323' title='bbox 1472 2167 1487 2187; x_wconf 90' lang='lat'>.·</span> <span class='ocrx_word' id='word_1_324' title='bbox 1515 2152 1565 2189; x_wconf 89' lang='lat' dir='ltr'>ita</span> <span class='ocrx_word' id='word_1_325' title='bbox 1585 2163 1623 2190; x_wconf 90' lang='lat' dir='ltr'>et</span> <span class='ocrx_word' id='word_1_326' title='bbox 1641 2151 1706 2190; x_wconf 86' lang='lat' dir='ltr'>hie</span> 
     </span>
     <span class='ocr_line' id='line_1_70' title="bbox 1048 2202 1703 2258; baseline 0.003 -13"><span class='ocrx_word' id='word_1_327' title='bbox 1048 2207 1145 2245; x_wconf 85' lang='lat' dir='ltr'>anni</span> <span class='ocrx_word' id='word_1_328' title='bbox 1163 2205 1323 2244; x_wconf 79' lang='lat' dir='ltr'>indicati</span> <span class='ocrx_word' id='word_1_329' title='bbox 1342 2202 1429 2244; x_wconf 87' lang='lat' dir='ltr'>sunt</span> <span class='ocrx_word' id='word_1_330' title='bbox 1456 2207 1633 2258; x_wconf 82' lang='lat' dir='ltr'>plurimi,</span> <span class='ocrx_word' id='word_1_331' title='bbox 1661 2207 1703 2251; x_wconf 78' lang='lat' dir='ltr'>id</span> 
     </span>
     <span class='ocr_line' id='line_1_71' title="bbox 1050 2260 1405 2314; baseline 0 -13"><span class='ocrx_word' id='word_1_332' title='bbox 1050 2260 1198 2313; x_wconf 86' lang='lat' dir='ltr'>est‚flos</span> <span class='ocrx_word' id='word_1_333' title='bbox 1220 2261 1305 2314; x_wconf 72' lang='lat' dir='ltr'><strong><em>ipfi’.</em></strong></span> <span class='ocrx_word' id='word_1_334' title='bbox 1363 2264 1405 2301; x_wconf 91' lang='lat' dir='ltr'>E.</span> 
     </span>
    </p>

    <p class='ocr_par' dir='ltr' id='par_1_10' title="bbox 1035 2317 1713 2655">
     <span class='ocr_line' id='line_1_72' title="bbox 1106 2317 1704 2373; baseline 0.005 -16"><span class='ocrx_word' id='word_1_335' title='bbox 1106 2320 1249 2370; x_wconf 86' lang='lat' dir='ltr'><em>Corpus</em></span> <span class='ocrx_word' id='word_1_336' title='bbox 1263 2317 1428 2368; x_wconf 86' lang='lat' dir='ltr'>solidum</span> <span class='ocrx_word' id='word_1_337' title='bbox 1454 2331 1489 2356; x_wconf 83' lang='lat' dir='ltr'>et</span> <span class='ocrx_word' id='word_1_338' title='bbox 1502 2318 1611 2368; x_wconf 61' lang='lat' dir='ltr'><em>finci</em></span> <span class='ocrx_word' id='word_1_339' title='bbox 1626 2319 1704 2373; x_wconf 84' lang='lat' dir='ltr'>ple·</span> 
     </span>
     <span class='ocr_line' id='line_1_73' title="bbox 1049 2373 1705 2429; baseline 0.006 -16"><span class='ocrx_word' id='word_1_340' title='bbox 1049 2375 1155 2429; x_wconf 82' lang='lat' dir='ltr'><em>num]</em></span> <span class='ocrx_word' id='word_1_341' title='bbox 1186 2373 1350 2413; x_wconf 80' lang='lat' dir='ltr'>Ouidius</span> <span class='ocrx_word' id='word_1_342' title='bbox 1368 2375 1629 2428; x_wconf 79' lang='lat' dir='ltr'>Metamorph.</span> <span class='ocrx_word' id='word_1_343' title='bbox 1640 2389 1705 2426; x_wconf 65' lang='lat'>111,⁴</span> 
     </span>
     <span class='ocr_line' id='line_1_74' title="bbox 1051 2429 1704 2484; baseline 0.003 -14"><span class='ocrx_word' id='word_1_344' title='bbox 1051 2442 1142 2484; x_wconf 87' lang='lat'>397.</span> <span class='ocrx_word' id='word_1_345' title='bbox 1175 2429 1225 2469; x_wconf 91' lang='lat' dir='ltr'>de</span> <span class='ocrx_word' id='word_1_346' title='bbox 1242 2429 1366 2470; x_wconf 89' lang='lat' dir='ltr'>Echo:</span> <span class='ocrx_word' id='word_1_347' title='bbox 1412 2455 1459 2461; x_wconf 86' lang='lat'>—</span> <span class='ocrx_word' id='word_1_348' title='bbox 1491 2433 1540 2471; x_wconf 84' lang='lat' dir='ltr'>Et</span> <span class='ocrx_word' id='word_1_349' title='bbox 1559 2436 1598 2470; x_wconf 81' lang='lat' dir='ltr'>in</span> <span class='ocrx_word' id='word_1_350' title='bbox 1617 2446 1704 2473; x_wconf 84' lang='lat' dir='ltr'>aera</span> 
     </span>
     <span class='ocr_line' id='line_1_75' title="bbox 1035 2486 1702 2539; baseline 0.004 -14"><span class='ocrx_word' id='word_1_351' title='bbox 1035 2486 1169 2537; x_wconf 79' lang='lat' dir='ltr'><strong><em>fitccm·</em></strong></span> <span class='ocrx_word' id='word_1_352' title='bbox 1199 2487 1375 2539; x_wconf 87' lang='lat' dir='ltr'>Corporis</span> <span class='ocrx_word' id='word_1_353' title='bbox 1395 2490 1512 2525; x_wconf 84' lang='lat' dir='ltr'><em>omnis</em></span> <span class='ocrx_word' id='word_1_354' title='bbox 1529 2486 1620 2527; x_wconf 85' lang='lat' dir='ltr'><em>abit.</em></span> <span class='ocrx_word' id='word_1_355' title='bbox 1655 2491 1702 2530; x_wconf 86' lang='lat' dir='ltr'>In</span> 
     </span>
     <span class='ocr_line' id='line_1_76' title="bbox 1044 2537 1698 2597; baseline 0.002 -14"><span class='ocrx_word' id='word_1_356' title='bbox 1044 2543 1236 2594; x_wconf 79' lang='lat' dir='ltr'>Priapaeis</span> <span class='ocrx_word' id='word_1_357' title='bbox 1259 2556 1268 2579; x_wconf 70' lang='grc' dir='ltr'><strong><em>ι</em></strong></span> <span class='ocrx_word' id='word_1_358' title='bbox 1319 2543 1426 2597; x_wconf 72' lang='lat' dir='ltr'>Qae</span> <span class='ocrx_word' id='word_1_359' title='bbox 1447 2537 1560 2594; x_wconf 72' lang='lat' dir='ltr'>ficc&#39;co</span> <span class='ocrx_word' id='word_1_360' title='bbox 1588 2558 1698 2595; x_wconf 88' lang='lat' dir='ltr'>caret,</span> 
     </span>
     <span class='ocr_line' id='line_1_77' title="bbox 1044 2597 1713 2655; baseline -0.001 -14"><span class='ocrx_word' id='word_1_361' title='bbox 1044 2612 1157 2655; x_wconf 55' lang='lat' dir='ltr'>&amp;tque</span> <span class='ocrx_word' id='word_1_362' title='bbox 1167 2601 1293 2653; x_wconf 81' lang='lat' dir='ltr'>patris</span> <span class='ocrx_word' id='word_1_363' title='bbox 1310 2612 1461 2654; x_wconf 80' lang='lat' dir='ltr'><em>pumex.</em></span> <span class='ocrx_word' id='word_1_364' title='bbox 1509 2601 1629 2642; x_wconf 85' lang='lat' dir='ltr'>Hilar.</span> <span class='ocrx_word' id='word_1_365' title='bbox 1656 2597 1713 2640; x_wconf 21' lang='lat' dir='ltr'>inl</span> 
     </span>
    </p>

    <p class='ocr_par' dir='ltr' id='par_1_11' title="bbox 1626 2666 1704 2697">
     <span class='ocr_line' id='line_1_78' title="bbox 1626 2666 1704 2697; baseline 0 -1"><span class='ocrx_word' id='word_1_366' title='bbox 1626 2666 1704 2697; x_wconf 75' lang='lat' dir='ltr'>vna</span> 
     </span>
    </p>
   </div>
  </div>
 </body>
</html>
