1815 3168
494 157 604 230 'DE
639 182 1015 231 THEATRQ
1248 195 1436 227 Lxxxln

88 317 155 348 tur.
211 302 336 356 Ipsam
353 314 481 345 autem
501 301 746 354 personarum
765 298 1153 354 repraesentationem
1177 300 1218 338 in
1230 303 1365 348 Scena,
1387 310 1440 340 at-

87 375 162 414 que
178 360 283 400 adeo‘
296 361 610 413 compositionem
627 359 867 399 Comoediae
880 389 889 405 ,
920 357 1059 397 Graeci
1076 356 1222 395 Drama
1240 367 1435 395 vocarunt.

87 415 162 460 Sed
181 427 220 455 et
231 419 396 458 Scenam
418 427 554 456 vocant
564 416 726 464 Comici,
750 413 931 466 quicquid
951 413 1052 452 duae
1072 422 1137 451 aut
1156 422 1231 451 tres
1250 409 1441 463 personae

85 472 421 526 sermonisintegri
433 484 469 511 et
489 469 647 511 absoluti
665 471 946 522 colloquuntur,
959 469 1116 519 illicque
1134 466 1219 507 finit
1229 469 1362 515 Soena,
1375 467 1441 505 vbi

85 539 150 568 aut
159 529 286 579 aliqua
297 528 458 579 persona
468 527 757 581 introgreditur,
775 537 839 565 aut
849 526 919 564 alia
929 526 976 564 ad
995 523 1133 571 forum,
1150 533 1216 563 aut
1225 522 1317 562 alibi
1328 522 1376 562 ad
1392 523 1444 561 vi-

88 586 212 628 cinam
225 586 351 624 currit.
406 586 519 624 Ac'lus
536 595 662 623 autem
681 583 811 634 plures
824 579 954 620 scenas
966 579 1331 632 comprehendebat.
1363 578 1456 632 Est·-

88 642 215 692 quein
227 641 447 682 Comoedia
463 653 547 692 pars
559 636 843 691 quodammodo
854 633 1021 676 absoluta
1032 647 1071 674 et
1082 637 1243 688 integra,
1261 634 1443 673 nondum

34 716 37 721 ·
87 707 219 735 tamen
233 710 315 735 rem
328 710 484 736 omnem
494 694 654 734 finiens:
674 692 739 733 sed
755 695 805 732 ita
815 692 1054 731 dimidiatam
1074 692 1311 742 relinquens,
1330 701 1368 730 vt
1387 704 1446 729 re·

86 749 234 804 spirent
249 750 489 803 spectatores,
509 762 548 790 et
563 750 709 790 facilius
730 759 996 796 commutetur,
1019 747 1203 799 quicquid
1225 748 1264 785 in
1284 747 1444 798 reliquis

88 808 331 849 Comoediae
339 807 506 860 partibus
517 805 700 859 superest:
713 805 752 844 id
763 816 889 844 autem
899 805 1014 844 Αέῗιις
1025 817 1244 843 commutare
1253 801 1445 842 dicebant.

86 865 240 903 Interea
251 865 366 907 Mimi
377 863 528 903 dicleria
539 874 577 902 et
586 862 759 902 diuerbia
768 859 1001 908 referebant,
1022 858 1356 909 recitabantur-que
1378 870 1449 897 ne-

88 916 165 958 scio
179 919 467 970 quaeiucunda,
479 932 577 970 quae
587 919 774 970 populum
797 917 869 956 alia
882 917 1143 955 oblec‘tatione
1159 915 1370 954 afficerent.
1399 917 1448 954 In

91 976 309 1017 Comoedia
320 989 409 1015 vero
420 976 549 1026 plures
561 985 670 1015 erant
680 971 898 1012 huiusmodi
914 972 1041 1020 Actus,
1059 970 1272 1011 secundum
1289 971 1345 1009 rei
1366 983 1450 1023 gra-

93 1033 263 1080 uitatem,
287 1043 354 1071 aut
372 1033 571 1070 rationem.
612 1029 913 1071 Comoediarum
931 1039 1062 1067 autem
1073 1028 1246 1067 recitatio
1258 1027 1299 1065 in
1310 1028 1449 1073 Scena,

88 1089 197 1128 Aetio
218 1087 429 1127 dicebatur:
456 1086 560 1127 vnde
580 1086 697 1125 etiam
717 1086 784 1137 qui
802 1085 968 1138 agebant
985 1095 1024 1123 et
1039 1085 1067 1123 F
1070 1083 1197 1123 abulas
1215 1083 1453 1134 pronuncia·

91 1144 197 1186 bant,
210 1146 356 1183 Ac'tores
369 1143 468 1183 diffi.
507 1143 620 1182 Affio
640 1155 798 1193 quoque
812 1141 861 1180 ad
880 1140 1061 1180 orationis
1079 1139 1450 1191 pronunciationem

90 1197 314 1240 transfertur
324 1215 337 1248 3
365 1210 404 1238 vt
422 1200 537 1239 etiam
556 1196 635 1251 ipsa
651 1198 772 1238 oratio
791 1196 968 1238 Rhetoris
979 1196 1041 1236 vel
1060 1193 1195 1248 scripta
1207 1196 1267 1234 vel
1278 1207 1449 1246 pronun·

96 1257 195 1295 ciata
212 1257 322 1298 Aelio
339 1255 502 1299 dicatur.

451 1312 682 1352 Scenicorum
693 1311 866 1351 Aaorum
885 1308 1089 1361 diueafitas.

151 1369 196 1406 In
217 1368 379 1408 Scenam
399 1381 482 1406 non
503 1365 626 1407 solum
635 1366 934 1408 Comoediarum
952 1377 1019 1404 aut
1028 1362 1334 1417 Tragoediamm
1343 1361 1453 1401 Αὲἳο·

98 1436 157 1460 res
175 1424 472 1475 (quiTragoedi
487 1422 724 1464 etComoedi
734 1422 980 1471 dicebantur)
993 1420 1250 1471 prodibantin
1262 1416 1453 1468 spectacu-

95 1479 187 1523 lum,
201 1476 263 1517 sed
274 1479 389 1517 etiam
399 1480 526 1528 Mimi,
536 1478 779 1523 Pantomimi,
790 1476 1028 1523 Archimimi‚
1038 1474 1232 1527 Effiologi,
1242 1472 1454 1523 Ethopoei:

100 1547 240 1572 omnes
253 1548 328 1572 vno
341 1535 504 1573 nomine
515 1535 741 1586 Hypocritae
753 1533 809 1582 (id
820 1533 883 1578 est,
905 1532 1056 1571 alienae
1071 1528 1258 1582 personae
1268 1529 1456 1568 simulato·

98 1591 180 1640 res)
202 1590 309 1629 diffl:
333 1601 371 1628 et
383 1603 519 1629 eorum
539 1591 648 1637 actio,
666 1587 891 1640 Hypocrists,
911 1587 950 1626 id
962 1587 1026 1632 est,
1045 1587 1195 1626 alienae
1211 1584 1400 1637 personae
1415 1583 1458 1623 fi·

98 1646 269 1691 mulatio,
279 1646 423 1687 Latinis
433 1645 648 1696 Histriones‚
662 1643 919 1696 Ludiotzesfisue,
931 1654 995 1681 aut
1004 1643 1121 1681 etiam
1134 1643 1250 1680 Ludii
1260 1641 1454 1680 dicuntur.

99 1703 218 1741 Mimi
230 1702 440 1739 imitatores
454 1699 537 1739 sunt
546 1700 735 1753 gestuum,
747 1713 895 1744 vocum,
915 1709 982 1736 aut
992 1695 1187 1750 greffuum
1200 1697 1353 1735 alicuius
1364 1708 1457 1745 per-

99 1754 218 1795 sonae
229 1758 331 1795 inter
341 1757 450 1795 alias:
471 1758 576 1795 cuius
589 1755 750 1795 ridicula
759 1755 897 1802 sitvox‚
912 1764 978 1792 aut
988 1753 1092 1792 aliud
1105 1752 1315 1804 quidpiam.
1360 1752 1456 1790 Pan·

99 1815 246 1852 tomimi
263 1813 434 1850 omnium
446 1810 694 1861 personarum
713 1812 922 1850 imitatores
941 1807 1026 1848 sunt
1047 1806 1330 1860 efficloresque:
1360 1816 1400 1846 vt
1416 1815 1459 1846 et

99 1868 297 1916 mulieres,
319 1879 358 1906 et
374 1865 499 1914 se.-es,
517 1879 556 1908 et
574 1868 750 1913 iuuenes,
776 1880 817 1906 ac
837 1863 1110 1916 cuiuscumque
1127 1865 1258 1904 aetatis
1275 1860 1458 1915 personas

100 1922 327 1976 confingant
334 1937 344 1971 ς
366 1924 541 1962 etiamita
551 1938 599 1966 ,ex
611 1922 781 1976 gestibus
794 1921 1022 1967 describunt,
1045 1931 1082 1960 vt
1098 1920 1139 1959 id
1151 1920 1258 1972 quod
1277 1921 1386 1959 aiunt
1406 1918 1460 1958 vi·

99 1979 198 2023 dere
209 1979 373 2020 videare.
419 1977 649 2019 Huiusmodi
667 1977 754 2018 sunt
772 1992 867 2030 quos
886 1978 969 2018 Itali
981 1976 1150 2029 Buffines
1168 1978 1284 2029 vulgo
1304 1984 1466 2014 vocant.-

99 2036 325 2074 Archimimi
334 2036 528 2086 principes
546 2033 632 2074 sunt
641 2035 879 2082 histrionum,
901 2033 975 2072 hoc
986 2033 1051 2082 est,
1069 2032 1387 2071 inter-histriones
1406 2028 1461 2069 so-

97 2092 287 2132 lertiffimi
298 2103 338 2130 et
348 2091 662 2131 excellentiffimi.
714 2091 850 2131 Etholo
853 2094 895 2145 gi
903 2090 1020 2138 mimi,
1032 2099 1096 2127 aut
1105 2087 1294 2141 Ethopoei,
1307 2099 1461 2127 morum

101 2143 190 2187 sunt
203 2147 405 2197 effi&ores‚
425 2145 713 2199 affectuumque
726 2145 1002 2197 cuiuscumque
1020 2142 1209 2197 personae
1231 2157 1343 2195 quam
1361 2140 1467 2181 susti·

100 2214 283 2254 nent,aut
295 2219 408 2256 quam
418 2215 539 2258 agunt
551 2215 590 2246 et
599 2203 777 2245 referunt
787 2201 1072 2250 inScena,vnde
1082 2199 1461 2252 Ethopoeia,m0rum

104 2260 322 2301 alienorum
339 2261 521 2301 imitatio:
543 2271 583 2301 et
599 2259 727 2301 Ethici
744 2261 910 2312 piciores
932 2272 974 2298 ac
992 2257 1156 2296 statuarii
1176 2256 1276 2302 diui,
1295 2255 1362 2306 qui
1379 2252 1462 2293 suas

105 2316 299 2369 imagines
318 2317 372 2356 ita
389 2317 621 2371 depingunt,
639 2328 704 2356 aut
725 2317 883 2364 caelant,
903 2326 941 2354 vt
960 2312 1126 2354 senfibus
1135 2311 1313 2363 expreffis
1324 2322 1464 2362 prope-

107 2374 269 2413 modum
280 2371 435 2424 spirent.
489 2372 688 2424 Thymelici
705 2373 812 2412 inter
829 2370 994 2410 scenicos
1013 2370 1156 2409 actores
1175 2367 1274 2415 sunt,
1296 2366 1371 2406 hoc
1389 2365 1459 2414 est,

108 2428 347 2479 citharoedi,
359 2426 1014 2482 Citharistae,Lyristae,Tibicines.
1048 2424 1277 2469 citharoedi,
1297 2423 1414 2474 quiet
1424 2420 1465 2460 fi-

111 2482 260 2524 dicines
271 2485 466 2537 dicuntur,
486 2484 655 2526 citharae
671 2483 904 2533 accinebant.
947 2481 1175 2533 citharistae,
1187 2479 1369 2519 citharam
1384 2488 1467 2517 tan·

111 2548 194 2579 tum
202 2538 410 2593 pulsabant,
420 2555 502 2581 non
514 2551 644 2581 autem
655 2539 895 2580 accinebant.
923 2535 1151 2580 Huiusmodi
1160 2536 1383 2589 Thyinelici
1395 2547 1467 2585 per

114 2595 340 2637 orchestram
359 2597 599 2648 praestabant
616 2598 786 2637 actiones
807 2592 903 2635 suas.
961 2594 1078 2633 Ludii
1105 2592 1183 2632 siue
1204 2593 1383 2631 Ludiones
1407 2593 1468 2641 (vt

114 2651 192 2690 iam
204 2652 344 2694 dicium
356 2652 431 2707 est)
446 2655 474 2693 ii
491 2663 600 2693 erant
617 2655 684 2705 qui
697 2652 948 2693 comoediam
964 2649 1186 2690 recitabant.
1226 2650 1273 2686 In
1292 2660 1340 2687 ea
1358 2646 1469 2687 enim

113 2708 308 2750 recitanda
318 2710 461 2751 mirum
469 2708 541 2752 suit
552 2708 767 2751 artificium.
790 2711 891 2748 Nam
906 2709 1052 2748 cantica
1067 2704 1469 2758 temperabantur-mo-

780 2761 803 2804 ἰ
825 2776 848 2817 3
1397 2758 1469 2809 dis,
