1815 3168
598 157 886 208 ANDRIA.

190 291 364 334 Tamen
389 302 483 332 eam
504 279 727 334 adducam.

287 362 477 407 aniculae
490 378 501 418 3

127 455 150 501 ς
192 440 307 492 Quia
340 439 584 500 compotrix
616 438 708 483 eius
749 433 820 484 est.
889 437 972 487 Di,

286 508 476 564 obsecro,

1347 164 1410 222 67

801 286 1185 351 Importunitatem
1223 286 1408 351 specil-ate

1028 434 1123 480 date
1150 435 1409 491 facultatem,

189 589 309 635 Huic
343 586 568 651 pmiundi,
606 596 733 650 atque
766 584 863 632 illi
853 602 898 633 m
921 584 1011 631 aliis
1034 587 1182 650 potius
1203 586 1413 650 peccandi

288 662 450 708 locum.

189 737 275 785 Sed
296 738 505 800 quidnam
523 736 802 801 Pamphilum
825 737 1116 782 exanimatum
1145 733 1309 789 video?
1345 754 1414 786 ve-

289 829 388 860 reor
410 812 514 877 quid
537 811 566 857 si
570 823 626 858 et.

188 890 412 955 Opperiar
422 924 435 958 ξ
471 899 518 934 vt
550 887 690 941 sciam,
708 903 817 934 num
829 884 1039 952 quidnam
1059 886 1164 934 haec
1179 885 1316 936 'turba
1339 888 1420 936 tri-

291 962 424 1010 stitiae
455 961 618 1011 afferat.

691 1098 730 1141 E

117 1270 144 1309 4
169 1255 305 1295 Tamen
322 1267 400 1294 eam
419 1253 609 1306 adducam]
647 1259 717 1296 Re·
764 1267 828 1301 xx,
861 1256 950 1308 30.)

780 1112 805 1143 2
1178 1095 1419 1142 ACTVS

1009 1252 1155 1305 Corpus
1193 1250 1257 1292 vbi
1288 1254 1420 1294 exani.

65 1312 122 1351 dit
144 1311 192 1350 ad
211 1310 316 1359 illud,
345 1311 447 1361 quod
468 1312 594 1350 coakia
625 1309 714 1362 (Ms.
765 1323 861 1349 mum
878 1306 1035 1362 pqfftum
1072 1309 1255 1348 Pallantis
1285 1308 1423 1360 Acestes

63 1367 214 1408 Boend.
264 1366 401 1406 Reddit
421 1366 470 1404 ad
492 1366 602 1413 illud,
630 1368 717 1419 quia
766 1367 858 1417 (pro
886 1364 957 1404 hoc
987 1362 1091 1410 versu
1120 1364 1174 1404 est
1201 1365 1241 1404 in
1261 1362 1332 1404 Ms.
1352 1369 1424 1406 Bo-

65 1427 102 1461 vi
122 1423 245 1461 coac‘ta
261 1422 337 1473 est).
375 1422 715 1475 Importumtatem]
766 1419 855 1460 end.
886 1420 953 1460 ille
984 1421 1092 1473 Virg.
1120 1425 1220 1460 Aen.
1252 1432 1288 1468 1,
1328 1428 1420 1472 438.

65 1478 338 1530 Importunitas
367 1489 501 1527 neque
526 1478 623 1523 loci,
655 1489 721 1516 ne-

69 1546 146 1586 que
171 1533 355 1583 temporis
372 1531 490 1571 habet
510 1532 720 1572 commodi·

769 1475 1063 1528 Exanimumque
1086 1488 1174 1514 auro
1195 1486 1325 1527 corpus
1338 1490 1422 1516 ven·

770 1530 880 1572 debat
916 1530 1105 1583 Achilles).
1165 1536 1302 1571 Vereor
1335 1532 1426 1584 quid

68 1600 196 1629 tatem.
231 1589 426 1642 Aniculae]
457 1588 637 1628 Archillis
656 1586 721 1627 sci·
760 1586 852 1640 fiet]
908 1588 1035 1640 Quid,
1063 1586 1235 1637 obquid,
1264 1598 1425 1640 propter

67 1646 165 1686 licet.
221 1644 269 1684 D.

120 1702 336 1741 Contextus
363 1698 473 1737 iubet
494 1698 588 1737 illud
608 1698 722 1738 addu-

68 1771 145 1796 cam
178 1754 314 1793 mutari
351 1754 391 1792 in
417 1755 577 1793 adduci?
615 1765 653 1793 vt
680 1753 705 1792 s
709 1765 723 1793 t

65 1812 243 1864 repetitio
264 1809 531 1849 antecedentis
551 1809 722 1861 Lesbiam

67 1870 202 1907 adduci
224 1864 343 1915 iubes,
375 1879 465 1906 cum
484 1865 721 1920 indignatio-

69 1936 131 1962 ne
192 1926 231 1962 B.

122 1993 144 2033 5
176 1979 280 2034 Qia
299 1977 527 2032 compotrix]
557 1981 601 2017 In
612 1977 719 2016 vultu

68 2043 262 2079 remanat
276 2034 407 2072 oratio.
464 2033 586 2076 Deest
612 2035 721 2073 enirn

70 2103 139 2144 pei·
155 2089 318 2143 figuram
338 2085 460 2132 ’ἔλλειῲ
452 2107 489 2137 ν,
508 2090 600 2129 ideo
616 2090 720 2129 illam

70 2148 150 2188 vult
170 2145 342 2185 ar·ceffi1i
395 2147 444 2186 D.

125 2204 150 2243 6
179 2203 226 2242 In
258 2200 359 2249 aliis]
408 2203 545 2241 Vnum
570 2202 614 2240 in
641 2202 724 2240 aliis

70 2257 311 2308 mulieribus,
358 2271 407 2298 an
454 2259 497 2297 in
540 2258 624 2297 aliis
666 2271 725 2298 re·

72 2314 167 2359 bus?
219 2316 267 2354 D.

126 2383 154 2423 7
172 2414 175 2417 ,
196 2371 474 2423 Exanimatum]
522 2372 722 2410 Exanima-

76 2439 142 2472 ms,
155 2424 207 2465 est
217 2425 468 2478 perturbatus.
482 2429 587 2480 Vix-g.
601 2430 617 2477 ζ
619 2431 721 2467 Aen.

77 2484 135 2529 V,
166 2483 282 2535 805.)
321 2481 545 2522 Exanimata
563 2482 722 2536 siequens

77 2539 287 2590 impingeret
311 2540 457 2593 agmina
475 2543 598 2578 muris.
649 2542 722 2577 Ex-

77 2596 216 2632 animus
236 2604 413 2634 mortuus.
455 2593 584 2644 Idem,
604 2598 725 2645 (Aen.

769 1642 863 1695 quid
890 1642 934 1681 fit
954 1643 1201 1682 exanimatus.
1259 1647 1339 1683 Aut
1358 1644 1425 1682 ali<-

771 1708 848 1737 ter:
878 1698 968 1749 quid
988 1696 1082 1748 stet,
1109 1697 1149 1736 id
1170 1695 1243 1747 est,
1272 1699 1366 1749 quid
1384 1698 1426 1739 fit

771 1753 936 1806 negotii.
992 1752 1071 1793 Sed
1106 1751 1261 1805 quidam
1287 1765 1426 1806 putant

770 1810 863 1862 quid
889 1822 960 1861 pro
988 1822 1128 1860 quare:
1161 1818 1222 1857 v,t
1254 1811 1375 1861 (Aen.
1396 1824 1423 1860 1,

770 1867 884 1919 522.)
937 1865 1049 1921 Qid
1062 1865 1227 1903 veniant.
1267 1870 1345 1906 Aut
1361 1866 1428 1905 de-

770 1920 834 1970 est,
850 1920 986 1973 potest:
1017 1919 1096 1961 its
1098 1930 1121 1967 t
1144 1919 1237 1973 quid
1257 1919 1427 1976 essepot-

769 1976 833 2018 est.
889 1980 940 2019 D

823 2038 845 2080 8
881 2032 986 2071 Num
1000 1994 1190 2084 quidnam]
1221 2031 1427 2074 Comieum

770 2089 824 2129 est
852 2100 891 2128 et
900 2090 1183 2128 Terentianum
1203 2090 1427 2142 Numquid..

773 2158 877 2185 nam:
915 2158 1046 2196 quum,
1076 2145 1238 2182 exemtis
1274 2159 1361 2183 num
1386 2156 1426 2186 et

772 2215 869 2248 nam,
893 2198 1067 2239 sufficere
1090 2199 1137 2238 ad
1157 2201 1326 2239 inter-100
1306 2202 1429 2255 vatio-

770 2270 863 2298 nem
880 2253 1058 2308 potuifl'et
1078 2256 1175 2309 quid
1230 2260 1279 2297 D

825 2316 896 2354 Pro
914 2325 1026 2361 nunc,
1055 2312 1225 2364 quidnwm
1250 2314 1426 2353 Donatus

771 2379 810 2408 et
829 2382 926 2408 vnus
937 2368 1020 2407 cod.
1039 2368 1138 2420 legit
1147 2381 1232 2406 num
1241 2370 1426 2420 quidnam,

771 2426 884 2464 refie.
945 2423 1103 2465 Deinde
1130 2437 1216 2462 cum
1250 2425 1426 2466 nondum

771 2481 920 2520 turbam
957 2478 1072 2531 Mysis
1111 2477 1259 2519 vidisset
1292 2481 1403 2520 vllam
1416 2496 1427 2529 ;

773 2548 925 2576 caetera
946 2534 1098 2574 restitue
1114 2536 1177 2585 ita»,
1196 2535 1282 2575 haec
1293 2536 1427 2577 turbae

773 2593 937 2646 tristitia.
993 2594 1034 2631 B.
