1815 3168
698 175 991 221 ANDRIA.

1434 197 1521 244 129

288 300 486 350 Fidelem
506 300 624 346 haud
645 300 784 354 ferme
806 300 980 347 mulieri
1001 303 1199 348 inuenias
1223 307 1380 354 virum.

288 377 319 426 S
336 392 368 425 1.
407 376 476 423 Ab
499 368 716 423 Andria’st
735 376 887 423 ancilla
907 376 1024 424 haec.
1047 378 1154 441 quid
1174 381 1354 430 narras?
1375 381 1513 431 DAV.

385 445 502 498 ita’st.

288 526 395 576 MY.
443 525 526 574 Sed
555 527 626 573 hic
660 526 928 591 Pamphilus.
973 524 1052 573 Sl.
1093 528 1199 590 quid
1232 529 1365 577 dicit?
1399 530 1512 580 MV.

384 600 576 648 firmauit
594 600 742 649 fidem.
778 599 855 647 SI.
891 602 1018 649 hem!

220 695 247 740 5
286 676 384 727 DA
402 690 451 722 v.
485 679 664 725 Vtinam
694 686 768 724 aut
788 676 860 725 hic
880 676 1058 732 surduS,
1094 688 1167 726 aut
1184 679 1290 728 haec
1311 693 1431 729 muta
1456 684 1514 731 fa-

383 750 451 800 sta
479 751 543 804 fit.

147 934 386 973 ‘comicorum
406 942 607 985 poetarum
626 933 678 972 ita
696 929 806 972 seha-

150 990 227 1038 bet,
252 1002 291 1030 vt
310 987 392 1028 casu
411 1000 522 1041 putet
539 987 725 1041 speftator
744 1002 805 1028 ve-

151 1043 257 1095 niffe,
285 1045 390 1097 quod
410 1045 566 1085 confilio
583 1044 805 1097 scriptorum

149 1101 288 1143 sanum
308 1101 360 1140 fit.
418 1101 476 1141 Ita
497 1101 568 1154 pol
585 1103 729 1155 quidem
749 1115 806 1140 res

149 1156 208 1209 est,
235 1172 276 1196 vt
300 1158 419 1205 dixti,
454 1158 614 1213 Lesbia]
644 1161 703 1198 Ex
729 1156 805 1196 hoc

147 1212 342 1262 sermone,
374 1226 493 1264 quem
511 1213 656 1254 habent
677 1215 806 1267 ingre-

149 1269 322 1318 dientes,
354 1267 490 1309 scenae
518 1281 678 1322 apparet
703 1270 805 1322 prin-

150 1326 308 1377 cipium.
362 1325 480 1375 Quod
507 1327 614 1365 enim
640 1326 803 1374 auditur,

149 1394 232 1420 non
269 1379 372 1431 quod
405 1381 606 1432 incipitur,
650 1382 805 1419 initium

149 1435 294 1475 dicunt.
350 1435 409 1475 Ita
419 1437 490 1488 pol
516 1437 677 1491 quidem]
718 1438 806 1475 Pro-

149 1492 276 1531 duftio
296 1490 351 1531 est
366 1493 565 1540 narratiua‚
584 1493 632 1532 ad
643 1492 805 1544 explen—

147 1547 241 1587 dum
259 1547 376 1587 modo
386 1548 511 1600 potius
528 1547 803 1588 iusiurandum.

149 1604 202 1644 Vt
228 1604 349 1658 dixti]
394 1607 442 1644 Et
467 1604 589 1653 dixti,
615 1616 656 1643 et
675 1603 804 1657 clixzsti

147 1660 302 1713 legitur.
357 1658 410 1698 D.

202 1717 292 1755 Duo
329 1724 477 1753 tantum
508 1714 622 1754 codd.
651 1713 803 1753 habent

145 1770 283 1822 dixisti.
341 1772 454 1821 Quae
483 1784 572 1810 vera
591 1769 644 1811 est
670 1770 800 1812 lectio.

144 1829 245 1867 Nam
265 1827 492 1865 concinnius
510 1841 567 1866 res
586 1827 627 1866 in
639 1825 721 1866 Arfi
737 1826 802 1865 hic
837 1868 838 1871 ,

143 1883 314 1935 ponitur,
336 1884 536 1933 quamillic
550 1881 728 1924 inThefi.
758 1886 799 1923 B.

198 1951 222 1979 2
254 1938 410 1977 Fidelem
426 1939 667 1993 hautfirme]
695 1937 802 1978 Fide-

143 1994 211 2034 lem
229 1995 371 2043 maluit,
390 1994 635 2046 quamfidum
654 1994 797 2035 dicere.

137 2049 261 2102 fidum
288 2051 397 2089 enim
420 2050 613 2091 honestius
634 2048 797 2091 dixisset.

144 2105 271 2146 Ferme
304 2120 374 2158 pro
403 2105 518 2147 facile
554 2106 710 2159 posuit:
757 2117 798 2146 et

134 2162 277 2215 ferme,
325 2161 551 2209 facilitatem
595 2162 796 2217 fignificat,

144 2219 235 2268 quia
251 2217 335 2258 sunt
357 2218 541 2258 aduerbia
557 2221 799 2260 extenuatio-

143 2276 217 2314 nis.
272 2275 464 2330 Inuenias]
490 2275 711 2316 Secundam
727 2289 795 2326 pro

144 2329 253 2370 ¹tertia
280 2329 440 2381 persona
459 2329 591 2383 posuit,
613 2346 683 2384 pro
700 2334 797 2371 inue-

143 2389 224 2425 niat
252 2391 353 2439 quis,
384 2388 446 2427 vel
473 2388 654 2428 inuenire
674 2389 796 2439 poffit.

143 2454 181 2481 vt
200 2442 336 2496 Virgil.
359 2446 478 2495 (Aen.
499 2457 553 2492 iv,
570 2448 697 2497 401),
716 2444 798 2483 Mi-

141 2512 289 2551 grantes
308 2513 430 2539 cernas
441 2530 450 2548 ,
480 2512 633 2553 totaque
650 2515 695 2542 ex
711 2499 798 2540 vrbe

143 2566 296 2593 ruentes.
357 2557 404 2594 D-

155 2626 161 2629 ⁸
198 2623 221 2663 3
251 2609 309 2664 Ab
327 2611 472 2652 Andria
489 2610 535 2666 1ss
546 2610 676 2653 ancilla
689 2612 792 2667 haec]

1396 831 1451 881 M
1467 849 1513 880 Y.

851 932 1085 985 Simpliciter
1112 932 1209 973 dixit
1227 933 1272 974 ab
1289 936 1435 976 Andria
1455 938 1513 988 cst,

853 1003 923 1042 pro
949 989 1127 1028 Andriae
1153 990 1225 1030 est:
1258 1005 1350 1031 nam
1384 1005 1423 1031 et
1449 992 1511 1033 vsu

853 1045 903 1084 fic
942 1045 1072 1084 dicere
1099 1043 1274 1085 solemus.
1331 1052 1434 1102 Ergo
1463 1049 1509 1089 ab

853 1101 1001 1141 Andria
1020 1101 1078 1152 est,
1097 1100 1169 1140 hoc
1180 1103 1244 1149 est,
1265 1104 1442 1145 Andriae
1459 1106 1511 1145 sa-

853 1168 930 1206 net,
951 1158 1127 1198 Andriae
1146 1157 1211 1197 est.
1244 1171 1282 1197 vt
1309 1173 1394 1199 cum
1414 1162 1511 1201 dici-

853 1227 951 1263 mus,
971 1212 1029 1253 Ab
1051 1214 1116 1253 illo
1138 1213 1206 1264 est,
1235 1213 1309 1253 hoc
1326 1216 1511 1269 fignifica-

853 1283 948 1318 mus,
972 1270 1027 1308 illi
1046 1269 1159 1317 fauet,
1180 1270 1235 1309 illi
1247 1274 1512 1314 accommodat

854 1323 1087 1379 suffragium.
1143 1328 1192 1364 D.

905 1379 963 1420 Ab
983 1382 1127 1419 Andria
1143 1380 1242 1435 est?]
1269 1384 1325 1422 Ex
1336 1386 1511 1436 proprie-

850 1446 929 1476 tate
945 1436 1105 1488 linguae
1120 1439 1285 1489 agnouit
1302 1439 1413 1479 illam.
1446 1443 1513 1482 Se-

852 1505 940 1531 cum
966 1493 1085 1545 igitur
1112 1493 1433 1534 coniecturalibus
1456 1511 1512 1535 ar-

852 1549 1048 1602 gumentis
1091 1549 1235 1601 cogitat
1255 1581 1266 1599 ‚
1310 1551 1511 1591 verifimile

850 1617 934 1643 non
954 1602 1031 1642 efl'e
1046 1602 1229 1654 suscipere
1248 1607 1351 1645 vene
1365 1607 1510 1646 liberos

851 1673 902 1698 ex
917 1660 1137 1711 peregrina.
1182 1660 1297 1699 Vnde
1309 1662 1510 1703 confirmat

849 1716 1056 1754 mulierum
1091 1715 1300 1754 calliditate
1330 1717 1412 1756 fieri
1424 1750 1433 1767 ,
1471 1731 1509 1759 vt

850 1771 1009 1822 nuptiae
1025 1771 1297 1821 impediantur.
1350 1777 1394 1813 Ε.

904 1826 1035 1867 Verba
1059 1827 1112 1864 ita
1140 1825 1404 1875 distribuenda
1429 1828 1508 1870 esse

849 1880 1000 1931 censen,
1020 1893 1066 1929 vt,
1086 1882 1177 1935 quid
1186 1897 1328 1933 narras,
1348 1884 1423 1924 sint
1433 1889 1508 1926 Da-

849 1940 889 1977 ui
908 1952 992 1977 non
1013 1939 1296 1992 interrogantis,
1314 1938 1380 1980 sed
1389 1942 1508 1981 admi-

848 1996 967 2034 rantis
998 2005 1040 2033 et
1070 1994 1402 2048 quaiineganris‚
1444 2000 1507 2037 vel

847 2060 1007 2105 grauate
1023 2050 1286 2099 concedentis,
1306 2053 1505 2095 vtPhorm.

847 2121 886 2154 v,
903 2118 1017 2159 7‚42.
1045 2104 1109 2146 sed
1127 2105 1222 2157 itast
1239 2107 1310 2146 {int
1325 2110 1505 2157 Simonis,

846 2175 929 2202 rem
952 2161 1226 2202 confirmantis
1284 2167 1322 2203 B.

903 2232 931 2271 4
959 2218 1028 2257 Sed
1047 2217 1123 2272 hic]
1151 2220 1316 2270 Semper
1334 2219 1405 2259 Sed
1418 2234 1508 2260 con-

847 2275 984 2313 trariae
1031 2271 1244 2314 sententiae
1281 2275 1507 2327 fignificatio

847 2329 914 2369 est.
970 2332 1018 2369 Et
1040 2328 1146 2368 bene
1163 2329 1242 2379 hic,
1272 2341 1309 2369 vt
1330 2332 1507 2373 ostendat

846 2385 898 2425 de
917 2385 982 2423 ino
1003 2382 1115 2425 fuisse
1130 2382 1357 2426 sermonem.
1387 2389 1504 2445 Hem]

845 2442 1064 2483 interiefflo
1082 2440 1136 2480 est
1145 2443 1366 2492 accipientis
1378 2445 1503 2495 verba,

849 2509 888 2537 et
907 2496 1139 2544 admirantis.
1201 2499 1250 2537 1).

905 2566 928 2606 ς
964 2554 1111 2592 Vtinam
1123 2566 1189 2592 aut
1200 2553 1416 2604 hicfiaerdus,
1436 2570 1502 2596 aut

845 2610 931 2651 haec
950 2609 1167 2662 mutafhc‘la
1179 2608 1251 2664 fit]
1284 2612 1448 2652 Comice
1466 2624 1506 2654 et

954 2666 971 2704 Ι
1364 2666 1499 2708 facete,
