1815 3168
353 161 522 192 Lxxtv
761 149 850 198 DE
896 151 1267 203 THEATRO-

350 280 444 319 qne:
477 266 644 307 calcibus
663 268 779 316 enim,
800 269 946 318 cubitis,
971 272 1187 325 vngfflbus,
1220 287 1302 314 non
1329 273 1446 314 modo
1464 274 1608 329 pugnis
1626 284 1706 316 vte-

348 323 508 372 bantur,
541 325 729 376 omnique
755 326 974 377 impetendi
1005 329 1362 383 prehendendique
1382 331 1517 371 modo:
1548 331 1709 371 Pancra-

348 379 475 432 tiastae
502 380 642 427 vocati,
675 392 713 419 et
734 382 959 421 Paret-ration
987 382 1448 428 huiusmodiwcertamims
1478 400 1623 440 genus,
1655 400 1706 427 ex

347 449 397 475 eo
420 436 525 486 quod
542 436 738 475 aduocatis
756 437 935 476 omnibus
955 442 1124 490 corporis
1142 440 1284 485 viribus
1296 471 1306 491 ,
1342 443 1597 496 omniumque
1616 452 1706 486 ner-e·

346 505 487 532 uorum
510 493 767 533 contentione
790 493 1071 549 transigeretur.
1700 509 1702 511 ·

455 549 533 598 Qui
553 545 665 590 Disco
685 546 722 587 se
740 549 974 590 exercebant
992 551 1184 600 Athletae,
1203 550 1395 602 Difi·oboli
1404 555 1556 596 Graecis
1574 555 1706 607 appel-

344 604 539 652 labantur,
570 603 641 642 hoc
663 603 728 653 est,
755 603 910 646 Discum
927 607 967 646 in
987 604 1148 647 sublime
1165 608 1387 651 iaculantes.
1438 613 1558 650 Erant
1572 621 1704 655 autem

343 659 477 702 Discus
499 661 591 710 lapis
610 660 798 701 rotundus
815 673 858 702 ac
880 659 1067 712 pertusus,
1086 664 1217 715 inquit
1235 666 1481 707 Ammonius.

457 716 654 770 Pugilatus
673 729 791 766 quem
810 718 948 759 Graeci
965 718 1126 773 Pygmen
1143 720 1401 773 appellabant,
1426 720 1612 764 caestibus
1637 735 1703 762 ex-

342 771 556 819 ercebatur,
579 772 711 823 quales
733 786 755 812 a
773 773 939 825 Virgilio
957 774 1022 813 lib.
1042 788 1083 816 v.
1102 773 1385 819 describuntur:
1416 777 1456 815 in
1475 790 1523 816 eo
1545 778 1614 830 qui
1635 791 1702 818 ex·

341 827 592 875 ercebantur,
625 827 769 885 Pugile:
794 829 961 877 Latinis,
989 831 1144 871 Graecis
1175 831 1310 883 Pyt‘lae
1339 832 1430 876 dicti
1459 829 1564 877 sunt:
1594 834 1724 891 quod,

341 896 487 924 nomen
508 883 554 922 ad
578 884 810 936 gallinaceos
829 898 1027 939 pugnaces
1047 884 1271 928 translatum
1292 888 1359 929 est.

451 940 700 979 saltationum
712 941 755 978 in
774 941 871 979 ludis
884 943 1088 996 Gymnicis
1098 944 1214 985 multa
1224 957 1371 997 genera
1380 942 1545 993 fuerunt,
1561 957 1700 997 quem-

338 994 549 1035 admodum
577 995 695 1035 docet
724 997 925 1036 Lucianus.
981 1001 1069 1043 Erat
1097 1001 1206 1042 enim
1236 998 1381 1040 saltatio
1409 1000 1638 1051 Pyrrhicha‚
1677 1015 1700 1045 a.

337 1050 486 1104 Pyrrho
502 1052 678 1097 inuenta,
697 1066 717 1090 a
736 1065 812 1103 qua
833 1053 1093 1103 Pyrrhicharii
1112 1067 1151 1097 et
1169 1055 1441 1108 Pyrrhichistae
1461 1056 1571 1096 dicti:
1600 1069 1701 1108 quae

338 1107 477 1146 eadem
497 1104 638 1149 saltatio
663 1107 842 1159 Enoplia,
869 1108 909 1147 id
930 1109 995 1159 est,
1023 1122 1167 1153 armata
1187 1111 1407 1155 dicebatur:
1440 1112 1545 1163 quod
1563 1110 1700 1156 armati

336 1161 524 1202 saltarent.
582 1168 674 1205 Erat
701 1162 845 1204 saltatio
876 1165 1029 1208 Cordax
1055 1165 1264 1220 obscoena,
1297 1178 1334 1207 et
1362 1170 1528 1211 comica:
1561 1179 1601 1207 et
1626 1169 1700 1207 alia

335 1217 479 1258 saltatio
502 1217 677 1270 satyrica,
715 1233 813 1271 quae
836 1219 997 1262 Sicinnis
1026 1222 1236 1266 dicebatur.
1294 1225 1380 1263 Fuit
1407 1225 1498 1264 item
1519 1224 1700 1267 Emmelia

335 1274 493 1319 saltatio,
514 1288 648 1326 pacata
667 1286 705 1315 et
724 1275 894 1316 honesta.
952 1280 1032 1329 Qui
1053 1292 1144 1318 vero
1164 1277 1274 1320 saltus
1286 1280 1516 1331 pernicitate
1537 1290 1700 1323 conten·

335 1330 483 1369 debant
499 1332 540 1370 in
561 1331 783 1383 Gymnasiis,
814 1332 957 1374 Haltici
973 1348 994 1372 a
1017 1335 1170 1375 Graecis
1191 1334 1437 1382 dicebantur,
1476 1336 1540 1386 qui
1568 1345 1700 1378 autem

335 1387 532 1435 Halmate,
559 1386 598 1424 id
619 1387 673 1427 est
693 1385 784 1425 saltu
804 1387 1022 1436 certabant,
1055 1385 1158 1440 apud
1177 1390 1359 1441 antiquos
1379 1389 1710 1436 vtebantur,Ha1-‘

332 1442 490 1484 teribus-1
521 1441 568 1479 fic
590 1443 697 1480 enim
716 1442 909 1483 vocabant
935 1444 1137 1496 plumbeas
1165 1446 1273 1501 pilas,
1301 1444 1534 1496 mafl'ulasue,
1554 1446 1696 1499 quibus
1732 1468 1734 1472 >

332 1510 495 1549 vti-aque
516 1511 632 1537 manu
666 1495 703 1535 se
720 1498 935 1547 librabant,
970 1511 1010 1539 vt
1037 1502 1177 1543 certius
1202 1502 1393 1545 affilioeut.
1450 1503 1697 1546 Chironomia

333 1566 492 1606 quoque
514 1564 594 1592 erat
611 1551 754 1592 saltatio
774 1555 1046 1607 gesticulatrix,
1067 1558 1187 1609 qualis
1199 1557 1263 1606 est,
1282 1571 1394 1609 quam
1405 1560 1620 1603 Maur-icam
1631 1573 1696 1599 vo·

333 1623 483 1653 camus:
515 1609 617 1649 vnde
639 1610 858 1650 Chironomi
875 1610 1094 1656 huiusmodi
1115 1612 1399 1666 gesticulatores
1416 1615 1518 1657 dic‘ti.

446 1665 627 1716 Circenses
645 1665 740 1705 Ludi
765 1668 976 1708 certamina
1004 1680 1113 1710 erant
1128 1669 1292 1721 curulia,
1326 1683 1425 1722 quae
1444 1669 1486 1713 iu
1506 1671 1609 1714 circo
1627 1669 1694 1711 fie-

333 1723 446 1761 bant:
480 1723 542 1772 qui
564 1722 667 1761 locus
688 1732 769 1762 erat
787 1732 898 1761 onata
917 1720 1045 1775 specie
1063 1724 1307 1774 constructus,
1325 1725 1586 1778 vndecunque
1608 1724 1693 1779 spe·

330 1778 484 1818 &aculis
505 1788 681 1817 ornatus:
713 1791 737 1816 e
754 1779 892 1829 quibus
913 1779 1074 1823 innoxie
1094 1783 1239 1830 Patres,
1265 1779 1501 1837 Equitesque
1527 1783 1694 1823 Romani

331 1831 574 1890 prospectare
599 1832 794 1877 solebant:
835 1832 1045 1878 cuiusmodi
1074 1836 1291 1889 quemdam,
1310 1838 1517 1880 Flaminius
1547 1841 1694 1879 Romae

330 1889 562 1930 construxit:
590 1889 699 1928 vnde
717 1890 858 1931 circum
875 1892 1106 1935 Flaminium
1126 1893 1312 1945 legimus,
1346 1904 1386 1932 et
1405 1894 1547 1937 circum
1566 1895 1692 1935 Maxi·

330 1960 437 1986 mum
450 1977 458 1993 ,
490 1960 511 1985 a
530 1942 692 1986 Caesare
712 1946 894 1987 dictatore
914 1947 1153 1996 exsti-ustum,
1178 1948 1283 1990 cuius
1301 1948 1459 2002 vestigia
1479 1949 1604 1990 adhuc
1623 1950 1691 1990 lio-

331 2003 397 2043 die
416 1999 589 2040 visuntur
608 2004 772 2049 Romae,
801 2003 906 2042 iuxta
924 2004 1063 2044 aedem
1080 2006 1128 2047 D.
1146 2003 1368 2047 Sebastiano
1396 2003 1546 2049 sacram.
1602 2007 1690 2049 Fuit

330 2069 460 2098 autem
479 2057 950 2111 longitudine‘stadiorum
972 2061 1107 2109 trium,
1136 2060 1347 2100 latitudine
1367 2063 1489 2111 vnius,
1518 2065 1605 2101 cuin
1625 2076 1689 2102 ae-

328 2113 466 2156 dificiis
498 2114 678 2166 iugerum
704 2124 934 2166 quaternum
970 2116 1017 2155 ad
1048 2114 1178 2156 sedern
1207 2115 1462 2157 ducentorum
1489 2116 1689 2171 sexaginta

327 2172 493 2210 millium
507 2169 720 2211 hominum.
778 2175 901 2212 Erant
918 2173 959 2210 in
978 2185 1026 2211 eo
1044 2174 1172 2212 Metae
1192 2172 1409 2222 depositae,
1439 2174 1601 2212 duarum
1622 2183 1688 2213 aut

326 2228 441 2269 trium
459 2225 704 2278 pyramidum
723 2224 889 2269 formam
912 2227 1139 2268 referentes.
1192 2231 1237 2268 In
1263 2229 1344 2268 eius
1371 2227 1583 2270 summitate
1612 2243 1689 2269 car·

328 2295 435 2323 ceres
453 2292 581 2331 erant,
611 2282 907 2335 equibus2equi
929 2283 1252 2334 curribusiunffi‚
1282 2284 1330 2323 ad
1360 2283 1504 2324 cursum
1537 2287 1688 2326 emitte·

327 2339 485 2388 bantur,
520 2348 562 2377 et
579 2351 699 2390 quum
717 2338 765 2378 ad
786 2338 977 2381 summum
995 2337 1252 2389 deueuifl'ent,
1278 2340 1594 2390 reuoluebantur,
1616 2342 1685 2381 do-

327 2408 402 2437 nec
421 2393 470 2433 ad
491 2396 662 2444 priorem
679 2405 824 2434 metam
842 2398 1106 2446 peruenirent.
1164 2399 1200 2436 A
1222 2397 1414 2444 curribus,
1442 2396 1518 2436 hoc
1537 2396 1602 2445 est,
1630 2398 1686 2438 bi·

327 2453 397 2505 εἰς,
421 2451 540 2503 trigis,
560 2460 601 2489 et
621 2450 828 2504 quadrigiS,
847 2452 1011 2493 Curules
1030 2451 1112 2491 ludi
1131 2451 1231 2492 dieti.
1287 2454 1406 2494 Vnde
1429 2454 1544 2492 etiam
1565 2454 1703 2495 dictos

327 2517 420 2562 puto
440 2506 582 2546 Aediles
604 2507 776 2555 Carales,
808 2508 911 2559 quod
930 2509 977 2547 iis
996 2507 1304 2547 administrandis
1332 2507 1457 2548 efl'ent
1474 2509 1682 2560 praefeffl:

325 2573 434 2604 erant
465 2563 572 2601 enim
600 2565 773 2602 omnium
800 2563 1105 2615 praestantiffimi
1134 2563 1228 2604 ludi.
1285 2567 1385 2604 Nam
1405 2566 1444 2603 in
1464 2566 1507 2604 iis
1524 2564 1562 2606 se
1579 2579 1687 2606 exer-

327 2620 456 2669 cebat,
496 2629 537 2658 et
573 2620 727 2674 magnis
751 2622 931 2673 praemiis
958 2619 1221 2662 contendebat
1247 2620 1477 2661 nobiliffima
1496 2615 1707 2663 Romano-¹

1599 2692 1683 2718 rum
