1815 3168
621 102 1031 150 EVNVCHVS.

1398 110 1492 158 325

261 231 431 297 Ecquid
451 230 536 278 beo
558 228 634 279 te?
666 227 748 277 PA
764 236 806 277 R'.
842 227 980 276 men?
1000 218 1165 291 papae!
1201 218 1318 271 GN.
1351 220 1407 270 fic
1430 222 1491 270 so·

355 309 426 354 leo
446 309 623 354 amicos.
659 301 694 352 P
708 318 742 351 A
759 319 805 354 R.
845 303 991 350 laudo.

258 381 312 432 G
324 397 375 430 N.
411 384 602 430 Detineo
625 391 690 428 te:
722 378 893 427 fortasse
916 390 964 426 tu
986 373 1212 443 profeE'cus
1235 373 1319 420 alio
1331 373 1492 421 fueraS.

163 477 224 524 50
255 457 336 506 ΡΑ
354 472 401 504 R.
439 458 686 521 Nusquam.
723 452 841 501 GN.
880 465 975 501 tum
1016 462 1065 499 tu
1095 453 1231 512 igitur
1258 448 1493 514 paululum

357 533 410 579 da
436 533 548 579 mihi
568 547 750 597 operae3
785 531 850 576 fac
870 540 916 576 vt
937 528 1136 575 admittar

257 610 330 657 Ad
352 609 484 654 illam.
521 606 554 654 P
575 623 604 651 A
622 621 667 652 R.
706 622 786 666 age
820 605 980 656 modo,
1012 619 1131 649 nunc
1150 600 1233 648 tibi
1254 609 1407 666 patent
1427 598 1491 646 fo·

354 701 423 731 res
445 684 541 736 hae,
560 684 661 746 quia
684 680 805 727 istam
829 680 965 726 ducis-

259 756 370 807 (ΞΝ.
412 763 537 805 Num
571 773 702 823 quem
732 757 903 801 euocari
938 754 1042 799 hinc
1062 752 1127 801 vis
1158 746 1311 803 foras?
1346 747 1495 796 PAR.

352 833 441 883 fine
465 833 650 881 biduum
669 832 755 879 hoe
775 839 1031 896 praetereat.

784 944 895 1005 X}-

173 1101 226 1149 48
253 1094 312 1136 Sic
332 1093 438 1145 sbleo
458 1092 612 1148 amicos]
641 1090 726 1131 Hoc
743 1095 780 1128 2²-

123 1155 271 1201 ςωνικῶς.
328 1155 381 1192 D.

179 1207 326 1261 Ecquid
342 1205 405 1244 beo
423 1205 510 1259 te?]
543 1206 630 1243 Hoc
640 1202 703 1252 est,
715 1202 782 1242 be·

127 1275 233 1304 atum
256 1275 295 1303 te
325 1261 460 1300 reddo.
514 1262 559 1300 Ε.

178 1332 232 1372 49
249 1319 406 1357 Detineo
423 1315 477 1369 te]
504 1314 630 1354 Valde
648 1325 783 1352 teneo.

126 1373 291 1425 Fortaffi
320 1386 362 1413 tu
386 1371 572 1424 profec‘tus
601 1369 674 1409 alio
692 1370 783 1420 fue-

125 1433 202 1480 ras]
232 1430 329 1471 Vult
346 1428 567 1480 exprimere
587 1423 785 1464 confeffio-

127 1501 233 1532 nem,
252 1484 358 1537 quod
378 1483 427 1523 ad
444 1481 639 1523 Thaidem
667 1492 785 1520 vene-

127 1546 185 1591 rit,
205 1541 269 1581 sed
287 1543 429 1579 intrare
447 1551 533 1577 non
545 1537 670 1590 poffit.
697 1538 747 1576 D.

177 1598 370 1650 Proseft'us
379 1595 451 1633 alio
459 1592 613 1646 fieeras]
632 1595 680 1631 In
689 1591 787 1630 mul-

126 1656 172 1695 tis
200 1653 344 1706 scriptis
373 1651 478 1690 libris
505 1649 668 1696 additur,
686 1644 730 1696 st
749 1659 787 1686 te

127 1724 202 1750 non
219 1707 450 1760 detinurffem.
499 1704 575 1746 Sed
595 1703 693 1743 illud
708 1716 787 1743 em·

128 1767 260 1806 blema
279 1765 332 1804 est
351 1775 484 1802 manus
501 1759 680 1801 finistrae.
714 1760 755 1799 L.

179 1835 233 1876 50
262 1820 418 1860 Paulum
443 1818 491 1857 da
518 1816 608 1856 mihi
630 1813 783 1870 operae]

124 1882 213 1920 Hoc
231 1875 333 1929 quast
352 1872 601 1927 supplicantis
620 1871 726 1910 νῶϊ-ιι
737 1870 786 1910 ad

126 1934 340 1975 irrisionem
361 1931 510 1970 dicitur.
560 1928 718 1968 Paulum
738 1927 784 1966 da

127 1990 218 2031 mihi
239 1987 378 2042 operae]
403 1987 564 2038 Proprie
573 1984 621 2024 sic
632 1983 784 2031 dicitur,

129 2047 266 2087 adim-m
286 2049 361 2084 'me.
416 2044 479 2084 Sic
506 2043 548 2081 in
576 2038 782 2092 Adelphis,

130 2105 230 2144 Haec
250 2114 357 2154 opera
374 2113 417 2139 vt
435 2096 599 2149 duta-fit.
658 2099 706 2137 D.

183 2159 271 2197 Tum
283 2170 324 2196 tu
335 2159 454 2218 igitur
464 2153 673 2207 paululum]
703 2151 787 2191 Pul-

132 2214 225 2254 chra
242 2213 390 2265 paranti
403 2209 537 2258 issufio,
559 2219 597 2248 vt
606 2221 692 2247 cum
707 2205 788 2259 ipse

132 2270 291 2310 adducat
301 2281 452 2315 munus,
475 2264 651 2306 nunciati
663 2263 709 2303 ab
722 2263 785 2303 ad-

131 2322 298 2364 uersario
319 2322 424 2363 semo
443 2323 547 2362 velit.
583 2322 685 2362 Cum
697 2320 788 2372 (Le-

72 2377 86 2387 ’
133 2395 206 2436 go:
240 2379 379 2434 Qum)
405 2379 512 2419 enim
535 2376 692 2416 stultum
719 2375 786 2422 est,

135 2451 225 2476 cum
268 2432 497 2474 aduersarius
533 2430 790 2473 aduersarium

134 2493 295 2534 nunciat
315 2491 417 2530 dona
426 2487 503 2530 esse
515 2486 719 2529 miss'urum.
747 2490 789 2527 E.

193 2561 241 2602 51
287 2547 403 2586 Nunc
435 2544 503 2585 tibi
531 2556 660 2598 patent
678 2544 791 2596 fhres

139 2605 224 2662 kae]
253 2607 311 2647 Ex
338 2615 386 2643 eo
409 2612 596 2656 quantum
612 2602 734 2644 ficere
753 2614 793 2641 o-

1400 936 1496 990 Qui

828 1089 976 1143 portuit
994 1084 1175 1135 ostendit,
1201 1084 1221 1104 ³
1251 1095 1367 1136 quam
1383 1076 1499 1119 mise-

830 1161 872 1187 re
902 1144 999 1184 nihil
1025 1144 1083 1182 illi
1108 1145 1221 1182 liceat
1251 1135 1496 1181 Parmenoni

831 1205 896 1254 (ln
925 1199 1013 1241 edd.
1044 1210 1134 1238 vett.
1163 1198 1244 1237 fine
1269 1197 1433 1234 lacunae
1451 1190 1497 1230 fi.-

833 1271 938 1312 gno,
975 1255 1073 1295 nihil
1105 1249 1308 1294 ille'liceat.
1370 1252 1497 1302 Lege-

832 1317 926 1354 rim:
956 1314 1019 1351 Ex
1037 1325 1097 1358 eo,
1132 1321 1310 1363 quantum
1330 1307 1436 1344 licere
1454 1316 1496 1341 o-

830 1381 991 1422 porteat,
1012 1379 1053 1406 at
1073 1380 1182 1418 quam
1200 1362 1329 1416 misero
1343 1358 1419 1411 sthi
1437 1361 1495 1398 ηἰ-

833 1425 889 1465 hil
924 1424 1050 1471 liceat,
1093 1421 1248 1472 ostendit
1278 1416 1494 1466 Parmeno).

832 1481 935 1536 QJ'a
954 1478 1055 1531 istam
1073 1477 1187 1529 ducis]
1217 1477 1304 1514 Hoc
1324 1470 1424 1524 quafi
1443 1469 1495 1509 ad

834 1535 1105 1578 Gnathonem:
1139 1530 1204 1571 sed
1222 1532 1339 1576 lente,
1361 1540 1405 1566 ac
1422 1523 1496 1565 sub

834 1594 972 1645 lingua
992 1598 1217 1629 murmurat.
1271 1588 1322 1625 D.

889 1650 1022 1687 Metro
1046 1656 1084 1685 vt
1101 1640 1284 1690 consulas,
1302 1642 1405 1692 lege,
1422 1648 1495 1692 pa-

833 1702 1005 1755 tetfhris
1024 1701 1122 1741 haec.
1179 1701 1220 1740 B.

891 1773 943 1814 52
975 1758 1082 1797 Num
1107 1768 1211 1809 quem
1235 1754 1380 1792 euocari
1405 1749 1495 1790 hine

832 1819 890 1856 vis
901 1813 1077 1868 foras‘3]
1107 1812 1210 1863 Quia
1240 1807 1320 1861 ipse
1345 1809 1496 1847 intrare

835 1886 920 1913 non
938 1869 1076 1924 potest.
1138 1867 1239 1914 Sine,
1259 1864 1412 1905 biduum
1424 1863 1494 1901 hoe

831 1925 1069 1981 praetereat]
1118 1927 1167 1965 Et
1211 1922 1289 1961 hoc
1335 1921 1494 1960 lentius.

831 1989 933 2026 Nam
968 1983 996 2023 fi
1021 1983 1131 2022 aliter
1158 1975 1498 2031 pronunciaueris,

835 2041 980 2082 secreta
1004 2037 1234 2091 produntur.
1287 2038 1340 2075 D.

886 2097 1002 2136 Nunc
1022 2107 1128 2148 quem
1148 2092 1307 2142 euocari]
1335 2092 1384 2129 Et
1395 2087 1495 2126 haec

833 2164 912 2192 arte
938 2151 1093 2191 traffiata
1121 2145 1220 2190 sunt.
1275 2149 1376 2186 Nam
1405 2154 1496 2182 cum

835 2207 1016 2261 parasitus
1029 2205 1186 2243 domum
1205 2198 1331 2241 fuiffet
1349 2196 1497 2253 ingres·

835 2262 909 2310 sus,
948 2258 1184 2304 P'armenoni
1209 2258 1320 2306 dicit,
1348 2271 1398 2296 an
1428 2256 1495 2295 ali-

837 2333 955 2373 quem
987 2317 1056 2356 fibi
1091 2316 1184 2355 velit
1212 2316 1376 2364 eumari',
1415 2324 1496 2352 tan—

836 2390 955 2428 quam
970 2370 1311 2426 ipseingrediendi
1325 2370 1400 2408 iam
1411 2381 1498 2411 non

836 2432 977 2471 habeat
1004 2428 1244 2482 potestatem.
1301 2426 1407 2469 Sine,
1443 2422 1498 2463 ‘bi-

839 2490 949 2529 duum
967 2485 1050 2532 hoc]
1079 2485 1156 2524 Scit
1176 2485 1281 2526 enim
1293 2482 1498 2533 dominum

839 2543 1073 2589 affuturum3
1098 2551 1138 2579 et
1158 2541 1209 2579 ita
1228 2553 1315 2579 eum
1326 2538 1498 2577 meretri-

839 2602 873 2641 ci
899 2596 1109 2641 absentiam
1129 2592 1350 2650 promjfiffe.
1398 2598 1443 2636 E.
