1815 3168
285 1723 288 1728 '
338 1722 427 1760 stris.

313 127 409 168 600

701 117 933 164 ACT.11.
967 116 1155 161 SCEN.
1184 116 1259 162 IV.

451 243 596 293 Cuius
621 261 714 291 mos
737 238 984 290 maxume'st
1007 239 1238 288 consmilis
1259 238 1463 293 vostrum,
1495 239 1539 286 hi
1563 238 1601 285 se
1624 238 1677 286 ad

553 338 629 366 vos
653 321 890 384 applicant:

455 400 558 443 Hoc
571 394 782 442 beneficio
797 398 965 456 vtrique
976 391 1027 438 ab
1042 390 1224 453 Vtrisque
1236 407 1340 437 vero
1353 389 1480 435 deuin
1488 391 1649 443 cimini,

362 488 381 521 1
398 487 421 534 5
458 478 517 520 Vt
552 488 780 533 nunquam
810 470 892 517 vlla
925 469 1062 514 amori
1091 465 1231 514 vestro'
1261 465 1450 528 incidere
1472 462 1599 529 poffit
1618 482 1683 511 ca-

557 547 736 593 lamitas.

463 637 495 670 A
515 636 546 668 N
567 635 616 668 T.
657 619 817 667 Nescio
850 619 972 666 alias:
1010 634 1082 665 me
1103 615 1280 681 quidem
1312 615 1481 680 semper
1511 613 1595 663 scio
1624 613 1686 661 fe·

560 693 656 744 ciffe
681 696 842 748 sedulo,

459 779 521 822 Vt
543 791 592 819 ex
614 772 727 818 illius
748 769 982 818 commodo
1003 785 1152 818 meum
1171 782 1471 833 compararem
1495 779 1688 813 commo-

560 847 682 895 dum.
723 843 822 893 CL.
859 845 940 897 ah!

329 1060 536 1101 terpunge.
592 1047 692 1085 Nam
723 1043 788 1092 hic
818 1043 874 1083 est
905 1040 989 1084 sen.-

330 1104 411 1151 sus3
449 1104 512 1145 vbi
543 1098 766 1141 derreuistis
794 1100 835 1139 in
861 1100 990 1139 matri-

331 1162 465 1200 monio
501 1172 565 1197 vos
602 1159 781 1204 vic'mras,
834 1169 916 1195 non
947 1157 990 1194 in

332 1216 491 1269 quaestu
509 1214 742 1259 meretricio,
760 1211 800 1250 hi
813 1209 850 1251 se
866 1212 913 1250 ad
925 1224 991 1251 vos

332 1274 544 1324 applicant,
567 1271 672 1309 cuius
692 1269 790 1320 (flue
802 1269 990 1320 quorum)

333 1342 419 1368 mos
458 1327 511 1366 est
548 1325 767 1365 consimilis.
806 1323 990 1364 -Mt'iratio

335 1385 389 1423 est
422 1384 598 1429 numeri3
630 1392 667 1421 vt
694 1384 794 1422 Eun.
821 1381 921 1419 Prol.
953 1379 994 1418 St

335 1440 526 1494 quasquam
562 1438 609 1489 est
644 1460 700 1468 —-
737 1461 793 1468 —
841 1437 882 1475 in
913 1435 994 1474 his.-

337 1508 499 1536 notante
510 1505 549 1534 et
561 1495 616 1533 ibi
634 1493 711 1532 hoc
723 1491 907 1532 laudante
917 1493 995 1531 Do-

338 1564 444 1592 nat0.
500 1555 541 1591 B.
654 1598 658 1602 ,

397 1621 444 1660 13
481 1604 689 1658 Conffinilis
707 1603 885 1658 vostrum]
898 1618 900 1621 ·
915 1605 997 1643 Mo-

339 1664 443 1704 ribus
466 1663 735 1713 vestrum,pr0,
754 1659 927 1698 moribus
938 1671 1000 1697 ve-

486 1721 547 1759 Sic
577 1720 683 1757 enim
700 1717 868 1767 antiquis
888 1715 999 1766 loqui

340 1776 505 1828 placuit,
543 1786 668 1814 mores
696 1771 876 1819 vestrum,
913 1784 995 1822 pro,

339 1844 469 1872 mores
499 1830 629 1878 vestri,
657 1839 697 1868 vt
717 1826 1000 1867 recentioribus

342 1889 481 1941 placet.
535 1886 581 1926 C.
865 1930 869 1932 Y

402 1944 515 1983 Cuius
556 1953 634 1980 mos
664 1937 882 1992 maxime’st]
921 1938 1003 1976 Ve-

344 2014 431 2040 rum
449 1998 504 2037 his
522 1995 693 2036 moribus
713 1992 751 2034 se
771 1992 917 2033 sociant
934 2006 1004 2032 vo-

333 2056 427 2103 bis,
457 2054 523 2105 qui
550 2052 697 2092 habent
720 2050 827 2089 hune
854 2059 1004 2089 morem

346 2124 386 2153 et
410 2110 571 2150 similem
591 2109 844 2147 voluntatem.
901 2108 945 2145 E.

406 2180 458 2219 14
483 2167 569 2206 Hoc
593 2161 765 2215 beneficio
787 2163 937 2214 utrique
958 2158 1004 2199 ab

347 2224 518 2275 vn-ifque
538 2234 624 2260 vero
637 2218 893 2272 deuincimini]
905 2219 1008 2268 Qua-

349 2281 376 2321 fi
406 2281 572 2326 diceret,
617 2275 666 2314 fic
694 2274 808 2314 ambo
827 2273 1008 2327 obligatis

349 2351 414 2376 vos
437 2347 572 2375 mutuo
589 2329 784 2371 beneficio
808 2330 1008 2369 intemera-

350 2403 412 2432 tae
448 2390 538 2431 fidei
574 2386 798 2428 seruandae.
852 2390 901 2427 Et
937 2385 1009 2424 hoc

351 2449 496 2487 distum
525 2446 580 2484 est
599 2445 655 2483 illi
674 2443 815 2483 ssmile:
848 2443 1011 2496 Vterque

352 2507 500 2556 vtrt'que
514 2502 610 2553 stant
633 2499 751 2539 cordi.
809 2499 888 2540 Vbi
915 2502 1009 2539 Lau-

353 2561 498 2600 rentius
525 2557 687 2596 affirmat
712 2554 760 2595 ab
795 2554 1008 2595 oratoribus

352 2617 490 2667 potius,
510 2610 584 2651 effe
602 2611 830 2661 dicendum,
860 2623 1011 2666 vterque

350 2674 462 2712 alteri
482 2669 527 2720 est
550 2669 657 2709 cordi.
715 2668 762 2708 C.

1553 919 1689 977 Ergo,

1076 1080 1080 1084 .
1097 1054 1147 1097 15
1179 1042 1344 1082 Incidere
1358 1039 1464 1095 poffit
1484 1040 1692 1095 calamitas]

1036 1101 1079 1139 In
1100 1098 1305 1145 Eunucho,
1327 1100 1459 1149 Nostri
1469 1097 1586 1149 fundi
1601 1098 1695 1135 cala-

1038 1157 1161 1194 mitas.
1239 1155 1401 1205 Proprie
1448 1155 1695 1192 calamitatem

1039 1211 1162 1250 rustici
1185 1211 1416 1263 grandinem
1428 1208 1573 1257 dicunt,
1587 1209 1695 1259 quod

1041 1268 1277 1306 comminuat
1305 1266 1510 1312 calamum,
1540 1263 1615 1303 hoc
1645 1265 1698 1304 est

1043 1324 1213 1361 culmum
1237 1335 1279 1360 ac
1298 1319 1479 1374 segetem.
1536 1322 1582 1362 C.

1099 1379 1148 1417 Vt
1176 1390 1363 1430 nunquam
1393 1376 1465 1415 vlla
1494 1377 1616 1414 amori
1638 1389 1700 1415 ve-

1035 1433 1116 1487 stro
1152 1434 1310 1472 incidere
1338 1431 1445 1486 poffit
1488 1432 1699 1486 calamitas]

1049 1494 1099 1529 Vt
1125 1488 1277 1542 semper
1296 1491 1400 1528 inter
1418 1501 1484 1527 vos
1509 1502 1618 1528 amor
1639 1502 1702 1526 va—

1047 1547 1142 1594 leat,
1168 1558 1302 1595 neque
1320 1543 1517 1584 seneemte
1535 1548 1601 1583 aut
1625 1545 1701 1582 vllo

1048 1601 1186 1641 morbo
1212 1599 1410 1641 discidium
1441 1600 1549 1653 poffit
1566 1599 1704 1639 existe-

1047 1671 1101 1698 re.
1155 1660 1199 1699 E.
1734 1698 1739 1704 ,

1097 1717 1153 1757 16
1189 1712 1324 1764 Nqfitio
1349 1712 1456 1759 alias]
1486 1711 1706 1752 Ver-bamu-

1050 1771 1156 1810 lieris
1184 1769 1488 1809 commendantis
1514 1766 1553 1807 se
1579 1767 1705 1808 a-.fide

1051 1827 1250 1866 invirum.
1306 1826 1355 1866 C.

1105 1881 1240 1930 Nefiio
1279 1881 1397 1919 alias:
1443 1892 1498 1916 me
1541 1879 1705 1934 quidem]

1053 1936 1163 1987 Quid
1183 1937 1294 1988 agam
1317 1934 1573 1974 vehementer
1592 1936 1707 1989 igno-

1052 2007 1119 2032 ro:
1149 1992 1245 2031 illud
1264 2001 1410 2029 certum
1429 1990 1492 2034 est,
1506 2005 1709 2042 nunquam

1052 2061 1182 2088 meum
1203 2060 1267 2087 me
1290 2046 1533 2085 commodum
1559 2047 1640 2087 fine
1664 2047 1711 2086 il-

1053 2106 1128 2144 lius
1151 2102 1356 2143 commodo
1377 2100 1622 2155 comparaffe.
1661 2106 1707 2144 E.

1116 2226 1168 2269 17
1197 2213 1478 2267 compararem]
1517 2214 1711 2254 Constitu-

1058 2285 1176 2312 erem.
1232 2273 1286 2311 Vt
1302 2269 1413 2309 alibi:
1439 2269 1562 2324 Quam
1585 2273 1710 2322 inique

1059 2338 1302 2381 comparatum
1334 2325 1392 2377 est.
1457 2324 1574 2380 AM]
1622 2328 1712 2367 Cla-

1058 2381 1162 2424 mosa
1179 2382 1392 2422 interieffio
1413 2381 1486 2421 hoc
1505 2382 1547 2420 in
1560 2383 1643 2422 loco
1664 2381 1714 2421 ad

1060 2439 1243 2494 gaudium
1269 2435 1420 2488 speS'tat.
1474 2440 1554 2477 Nec
1585 2439 1715 2490 potuit

1060 2510 1137 2536 vox
1155 2493 1480 2535 accommodatior
1500 2493 1592 2542 dati,
1614 2507 1714 2533 ama-

1056 2553 1132 2592 tori
1153 2563 1245 2602 prae
1264 2550 1387 2589 nimio
1406 2563 1536 2589 amore
1554 2549 1639 2588 fere
1657 2551 1711 2588 in-

1062 2606 1226 2648 sanienti
1247 2606 1293 2644 ad
1313 2607 1480 2658 primum
1499 2619 1583 2647 cum
1593 2607 1712 2645 amica

1062 2660 1314 2719 congressum.
1380 2664 1425 2705 C.
