1815 3168
571 162 979 210 EVNVCHVS.

1357 177 1454 222 459

226 297 303 341 Ne
326 295 414 340 vim
436 291 560 338 facias
584 290 714 336 vllam
739 292 786 336 in
807 289 939 335 illam.
1015 287 1178 340 Thais,
1213 305 1296 348 ego
1328 307 1379 335 eo
1401 290 1455 337 ad

327 367 604 431 Sophronam

227 445 474 494 Nutricem,
496 451 542 488 vt
561 456 653 487 eam
668 440 892 491 adducam,
914 447 956 484 et
972 435 1089 498 figna
1102 436 1322 484 ostendam
1334 438 1453 488 haec.

325 514 482 574 THR.
520 511 614 562 tun'
635 533 704 561 me
726 514 974 579 prohibeas,

225 595 378 640 Meam
395 609 451 637 ne
470 588 681 651 tangam?
717 586 815 637 Cn.
852 582 1299 653 prohibeossinquam.
1337 584 1387 634 G
1400 602 1453 635 N.

328 659 473 713 audin'
494 675 544 712 tu
563 665 582 710 Ρ
621 666 691 713 hic
712 666 816 712 furti
838 664 878 710 se
902 663 1060 723 alligat.

129 756 197 804 40
230 744 335 790 Satis
359 743 444 789 hoc
467 741 548 789 tibi
570 739 641 787 est.
678 738 775 787 TH
790 754 835 786 R.
871 739 989 785 idem
1009 739 1093 784 hoc
1113 747 1161 783 tu
1181 739 1256 792 ais,
1280 738 1456 786 Thais?

322 813 421 864 ΤΗ
435 829 486 863 A.
523 831 680 880 quaere
704 818 780 880 qui
799 813 1070 880 respondeat.

147 1049 201 1091 37
229 1039 391 1085 Nevvim
416 1033 546 1090 fizcias
573 1034 692 1076 vllam·
711 1037 750 1076 in

95 1093 212 1139 illam]
243 1093 421 1135 Seruauit
444 1101 652 1145 'praecepta
670 1105 750 1131 me-

92 1151 262 1190 retricis:
302 1149 399 1189 adeo
441 1160 480 1189 vt
505 1150 745 1197 meminerit,

91 1209 134 1246 Si
153 1209 226 1245 vim
233 1207 375 1258 faciet,
402 1208 440 1244 in
463 1207 522 1244 ius
543 1206 665 1243 ducito
686 1204 749 1242 ho-

95 1265 237 1301 minem.
300 1261 381 1316 Ego
425 1275 465 1299 eo
503 1262 553 1299 ad
582 1259 751 1312 Sophro-

95 1329 199 1367 nam]
242 1321 327 1357 Hoc
365 1318 504 1355 lentius
548 1330 570 1354 a
598 1315 754 1355 Thaide

95 1373 296 1414 Chremeti
315 1373 477 1423 (Melius
496 1372 538 1408 in
557 1368 627 1410 Ms.
648 1373 688 1410 Β.
714 1380 754 1408 et

96 1428 187 1467 edd.
215 1432 351 1468 Vener.
372 1427 421 1466 ad
445 1426 621 1467 Thaidem
643 1425 753 1465 Chre-

98 1486 208 1535 mes).
265 1487 314 1524 D.

153 1552 206 1592 39
235 1537 439 1586 Prohibeo,
471 1534 636 1589 inquam]
663 1538 754 1575 Non

97 1594 182 1635 satis
210 1596 417 1634 exercitate
446 1590 670 1632 adolescens
697 1601 753 1628 to-

97 1652 220 1690 tidem
239 1652 363 1689 verbis
381 1649 522 1688 dietum
536 1646 755 1699 repetitmi-

96 1707 187 1746 litis.
245 1706 381 1746 Audin’
410 1705 476 1744 tu?
505 1704 561 1742 hic
580 1703 691 1754 furti
719 1714 754 1740 te

96 1762 245 1816 alligat]
277 1760 430 1802 Gnatho
459 1758 695 1798 occasionem
712 1756 755 1795 fi-

96 1818 235 1859 niendi
256 1818 369 1870 litigii
396 1815 621 1854 iamdudum
642 1825 755 1865 quae-

97 1875 165 1922 rit,
195 1873 243 1911 ob
272 1872 502 1912 defiderium
532 1867 690 1909 mensae
713 1878 755 1906 et

98 1931 196 1969 cibi:
229 1939 267 1968 et
284 1929 375 1968 ideo
395 1925 496 1978 quasi
515 1926 655 1964 deiure
665 1937 755 1978 con·

95 1985 223 2025 filium
243 1983 423 2037 suggerit,
441 1982 545 2021 hunc
563 1994 672 2020 reum
690 1980 755 2018 mi-

96 2042 173 2081 litis
193 2038 268 2080 esse
285 2037 411 2092 pofl'e,
440 2039 505 2090 qui
528 2047 678 2089 paratus
701 2035 756 2074 est

97 2098 267 2136 alienam
286 2109 367 2135 rem
385 2093 488 2134 suam
506 2093 645 2142 dicere,
664 2103 701 2132 et
715 2090 755 2130 id

98 2153 144 2192 in
163 2154 245 2191 iure
262 2151 442 2205 profiteri,
470 2150 546 2189 hoc
565 2149 627 2198 est,
653 2146 755 2199 apud

98 2211 329 2248 Praetorem.
382 2211 485 2261 Ergo
502 2208 611 2257 furti
643 2217 678 2244 te
707 2203 758 2242 al-

99 2264 205 2317 ligat,
226 2266 248 2302 i.
269 2278 303 2303 e.
325 2277 434 2303 reum
455 2274 493 2302 te
521 2261 639 2300 efficit
658 2259 754 2299 frau-

103 2320 171 2358 dis.
227 2323 323 2360 Nam
335 2321 581 2366 μεταληπτικῶς
598 2319 755 2369 furtum

103 2388 176 2427 pro
205 2377 308 2415 omni
331 2375 468 2415 fraude
496 2385 534 2413 et
553 2372 642 2412 dolo
661 2372 756 2411 acci-

104 2432 231 2482 pimus
252 2442 290 2470 et
309 2433 459 2475 iniuria,
514 2427 675 2485 Alligat]
707 2434 756 2469 A·

103 2486 265 2539 stringit,
283 2488 472 2538 illaqueat,
486 2497 526 2526 et
542 2485 756 2524 obnoxium

104 2540 207 2580 facit.
263 2545 388 2582 Omne
407 2544 518 2595 igitur
539 2540 641 2593 quod
661 2539 756 2579 frau-

105 2597 156 2636 de
183 2596 237 2645 fit,
267 2597 406 2636 furtum
432 2598 494 2638 est.
551 2599 611 2638 Sic
628 2596 756 2649 Virgi-

105 2653 175 2693 lius
198 2655 314 2705 (Aen.
333 2656 541 2710 317515.),
570 2654 758 2707 Furtapag

1301 884 1455 937 THR.

798 1049 841 1076 ro
859 1035 952 1082 belli,
978 1033 1018 1073 id
1041 1033 1103 1080 est,
1127 1032 1290 1072 infidias.
1310 1044 1351 1072 et
1362 1034 1459 1086 (Ge-

800 1105 882 1145 org.
915 1105 985 1139 lv,
1020 1091 1133 1143 346.)
1162 1089 1301 1128 Dulcia
1320 1092 1453 1141 ficrta,

798 1148 840 1186 id
868 1146 944 1196 est,
976 1146 1171 1185 adulteria.
1227 1148 1358 1184 Omne
1379 1159 1458 1184 ma-

799 1204 878 1242 lum
904 1201 1043 1242 faCtum
1072 1204 1199 1253 (Aen.
1230 1215 1299 1250 v1,
1331 1203 1456 1253 568.),

802 1262 909 1314 Quae
937 1261 1018 1310 quis
1043 1259 1142 1309 apud
1159 1256 1317 1308 superos
1333 1260 1454 1308 furto

803 1317 960 1354 laetatus
985 1315 1106 1360 inani,
1144 1312 1301 1363 Distulit
1330 1314 1369 1352 in
1394 1312 1458 1364 fi-

806 1383 887 1408 ram
916 1369 1089 1419 commissa
1115 1369 1260 1420 piacula
1289 1382 1457 1409 mortem.

802 1425 959 1464 Furtum
983 1423 1128 1462 duobus
1159 1423 1283 1462 modis
1301 1423 1458 1463 dicitur:

803 1493 893 1527 vno,
913 1493 1000 1518 cum
1017 1492 1133 1517 omne
1151 1477 1459 1532 maleficiumge-

803 1536 986 1574 nei-aliter
1020 1533 1271 1587 fignificatur:
1318 1534 1456 1582 altero,

804 1605 891 1630 cum
930 1603 989 1629 res
1020 1588 1189 1639 surrepta
1225 1589 1459 1629 demonstra-

804 1658 875 1685 tur.
933 1649 1048 1686 Nunc
1071 1659 1165 1698 ergo
1181 1646 1349 1696 fitrtum,
1379 1659 1462 1686 ma-

804 1701 971 1742 leficium
993 1700 1059 1742 est.
1113 1704 1163 1741 D.

856 1758 994 1797 Audin’
1020 1757 1087 1796 tu?
1118 1755 1174 1795 hic
1190 1755 1300 1807 ficrti
1314 1756 1360 1807 se}
1380 1756 1460 1796 alli-

801 1813 883 1868 gat]
914 1816 1017 1852 Dum
1038 1812 1110 1850 hoc
1121 1813 1367 1864 proponitur,
1381 1811 1463 1865 surg

805 1871 834 1909 ti
854 1868 923 1907 tibi
944 1870 1086 1907 crimen
1105 1867 1330 1907 intenditur.
1361 1872 1404 1909 Ε.

859 1927 1008 1964 Omnes
1026 1925 1162 1964 Faerni
1186 1923 1273 1961 libri
1290 1925 1464 1975 antiqui,'

805 1990 845 2019 et
861 1991 936 2020 tres
965 1993 1015 2019 ex
1043 1980 1178 2019 nostris
1200 1990 1290 2018 vett.
1313 1979 1461 2020 habent

804 2037 847 2075 in
881 2035 1027 2083 futuro,
1054 2034 1273 2087 prohibebo:
1316 2037 1461 2075 caeteri

799 2091 991 2146 prohibeo.
1022 2092 1216 2132 Vtrumuis
1227 2090 1358 2143 probe.
1389 2095 1430 2131 B.

857 2162 912 2202 40
941 2149 1039 2189 Satis
1069 2147 1137 2187 hoc
1163 2146 1209 2198 est
1238 2145 1365 2201 tibi?]
1395 2147 1461 2188 Ad

807 2204 1065 2256 repetendam
1086 2201 1229 2241 scilieet
1247 2203 1459 2256 virginem,

806 2258 1108 2310 sumendamque
1139 2258 1304 2297 iniuriae
1335 2259 1463 2299 vindi-

802 2317 912 2356 etam.
971 2315 1071 2354 Idem
1090 2314 1157 2352 hoc
1181 2327 1220 2353 tu
1234 2313 1306 2360 ais]
1336 2314 1379 2354 Id
1390 2314 1460 2364 est,

807 2372 880 2411 hoc
891 2371 995 2423 quod
1007 2369 1207 2418 Chremes,
1226 2380 1267 2408 et
1278 2380 1462 2422 tanquam

806 2427 1004 2469 Chremes.
1059 2429 1107 2465 Et
1143 2424 1262 2476 ipsam
1300 2426 1464 2466 circum-

807 2495 991 2523 uenturus
1007 2484 1240 2534 interrogat,
1271 2481 1373 2534 quod
1392 2483 1460 2522 illa

805 2541 1034 2593 intelligens
1054 2535 1241 2577 malitiose
1260 2539 1320 2586 ait,
1341 2538 1462 2592 Que-

805 2610 845 2636 re
872 2599 935 2649 qui
960 2595 1186 2647 respondeat.
1215 2592 1300 2633 satis
1328 2605 1463 2633 contu-

805 2650 983 2698 meliose;
1013 2650 1111 2693 illud
1129 2651 1232 2692 enim
1254 2652 1461 2706 quaeritur„

1351 2706 1457 2759 quod
