1815 3168
300 164 369 211 40
674 148 837 197 ACT.
860 148 908 195 -1.
957 147 1150 195 SCEN.
1176 148 1215 194 1.

437 275 741 341 Mansuetique
762 278 896 324 animi
919 273 1074 323 officia.
1111 275 1219 341 quid
1244 266 1393 322 multis
1416 290 1568 325 moror
1582 271 1607 323 ⁴?

441 356 634 414 Egomet
657 369 834 416 quoque
860 353 951 397 eius
973 350 1092 398 causa
1114 353 1160 397 in
1181 351 1315 398 funus
1336 350 1521 415 prodeo,

444 428 576 476 Nihil
596 427 808 492 suspicans
835 428 965 473 etiam
987 425 1107 473 mali.
1157 422 1249 475 So.
1284 426 1414 481 hem,
1452 426 1561 493 quid
1580 424 1671 476 est?

679 501 709 550 S
722 515 753 549 Ι.
793 500 912 548 scies.

347 593 415 641 90
444 575 663 626 Effertur:
702 578 831 625 imus,
868 579 1040 623 Interea
1060 578 1174 623 inter
1194 574 1414 629 mulieres,

445 657 572 709 Quae
604 652 666 700 ibi
697 652 898 706 aderant,
935 652 1049 700 forte
1069 668 1200 701 vnam
1227 650 1414 719 adspicio
1438 651 1680 702 adolescen-

681 727 832 780 tulam,

373 970 427 1017 87
455 960 665 1014 Manfiaetz']
718 963 834 1005 Circa
882 961 974 1002 ami·

317 1031 393 1059 cos
451 1018 607 1075 Egomet
639 1023 806 1072 quoque]
851 1021 903 1059 Vt
937 1029 976 1057 et

317 1074 399 1126 ipse
420 1075 652 1126 Pamphilus,
672 1086 735 1114 aut
756 1076 874 1114 etiam
886 1087 974 1128 ego,

318 1144 436 1184 quem
454 1133 583 1172 minus
606 1132 797 1171 crederes.
853 1135 903 1173 D.

376 1195 425 1237 gg
447 1188 532 1227 Eius
545 1188 665 1241 causa]
684 1185 866 1229 Eiusdem
875 1201 980 1228 man-

319 1239 535 1283 suetudinis
561 1255 600 1283 et
629 1243 902 1292 humanitatis,
940 1256 980 1284 et

318 1300 402 1338 eius
422 1299 623 1351 Pamphili.
679 1301 727 1339 In
743 1299 870 1351 funus
889 1311 979 1352 pro-

319 1354 400 1401 deo]
439 1355 485 1393 In
493 1356 629 1404 fimus,
653 1355 696 1394 in
713 1368 898 1406 pompam
914 1368 977 1394 ex-

291 1410 537 1462 .equiarum:
581 1410 686 1461 quod
720 1425 743 1448 a
781 1409 979 1450 funalibus

318 1466 463 1506 dietum
486 1465 549 1514 est,
573 1465 615 1505 id
634 1465 686 1506 est
706 1467 812 1505 vncis
832 1467 895 1506 vel
913 1480 979 1506 cu-

318 1523 403 1561 neis
415 1522 743 1571 candelabromm,
764 1523 904 1574 quibus
915 1523 981 1563 de·

318 1578 430 1620 libuti
447 1577 584 1626 funes,
622 1589 661 1617 et
686 1579 706 1598 '⁶
731 1580 773 1617 in
793 1592 899 1632 genu
919 1592 980 1618 ce-

321 1635 378 1674 rei
405 1633 563 1673 fomites
594 1632 821 1687 infigulmu·.
851 1637 978 1688 (lege,

319 1690 442 1747 Qod
457 1703 481 1728 a
486 1688 693 1742 funalibus
706 1689 842 1730 dic‘lum
861 1690 980 1742 estad-

318 1748 433 1794 uncis‚
461 1746 521 1785 vel
536 1748 655 1786 cuneis
666 1745 978 1794 candelabrorum,

319 1801 453 1857 quibus
473 1802 629 1842 delibuti
643 1803 774 1853 funes,
799 1816 835 1841 et
852 1805 978 1858 ingen·

320 1872 375 1913 tes
428 1861 522 1901 cenez·
547 1860 709 1912 fomites
758 1857 980 1915 infiguntur.

371 1970 533 2028 Egomet
568 1983 709 2024 quoque
737 1972 814 2010 eius
856 1967 977 2021 confit]

319 2030 384 2077 Vt,
404 2027 589 2079 quoniam
627 2026 748 2066 filium
776 2024 981 2079 perspexe-

320 2097 401 2124 ram
411 2082 599 2136 praebere
609 2084 645 2122 ei
655 2084 854 2136 lacrymas,
865 2095 981 2135 quam

318 2153 403 2179 non
425 2138 623 2192 diligebat,
644 2152 719 2193 ego
739 2152 899 2191 quoque
924 2137 982 2178 of-

317 2194 451 2236 ficium
479 2192 786 2247 obsequiumque
820 2194 982 2248 praesta-

319 2264 415 2292 rem.
472 2250 520 2291 In
533 2250 657 2301 fimus
678 2250 846 2304 prodeo]
891 2254 980 2293 Hoc

320 2308 386 2357 est,
408 2309 450 2348 in
473 2304 701 2359 obsequium
712 2306 874 2347 funeris.
906 2311 952 2349 E.

375 2370 427 2416 89
482 2362 601 2403 Nihil
627 2362 825 2415 fitspicans
866 2366 978 2403 etiam

317 2418 424 2467 mali]
471 2423 580 2460 Bene
608 2417 805 2470 suspendit
832 2418 980 2459 audito-

319 2489 415 2516 rem.
472 2475 612 2524 Etiam]
643 2476 733 2516 Alia
751 2474 805 2514 est
825 2473 980 2528 suspeu-

1572 823 1682 868 For·

1078 961 1197 1005 Nihil
1212 961 1408 1018 fitspicans
1434 965 1546 1004 etiam
1574 963 1681 1007 mali]

1023 1019 1098 1060 Hic
1124 1019 1338 1061 auditorem
1363 1021 1455 1059 mali
1480 1018 1685 1074 interposi-J

1025 1077 1135 1115 tione
1170 1073 1365 1129 suspendit
1382 1107 1391 1125 ‚
1434 1076 1502 1128 qui
1535 1077 1684 1115 mitior!

1027 1132 1248 1172 narratione
1269 1131 1485 1174 tenebatur.
1538 1135 1583 1173 E.

1082 1192 1179 1229 Tres
1216 1187 1327 1228 codd.
1365 1189 1504 1241 legunt
1522 1219 1531 1237 ‚
1577 1185 1684 1234 Hem,

1027 1244 1122 1297 quid
1141 1244 1182 1282 id
1204 1244 1262 1296 est.
1319 1245 1458 1293 Reiie,
1488 1254 1528 1282 vt
1545 1244 1686 1284 vitetur

1026 1299 1265 1348 Trochaeus,
1295 1300 1363 1352 qui
1381 1299 1443 1338 hic
1460 1301 1587 1339 minus
1605 1299 1687 1352 pla·

1028 1364 1101 1395 cet.
1155 1358 1196 1395 B.
1673 1359 1676 1362 '

1083 1422 1138 1464 90
1161 1409 1342 1463 Effirtur]
1371 1415 1554 1460 ἐκφέρεται.
1569 1411 1689 1451 Grae·

1029 1478 1117 1506 cum
1137 1467 1202 1507 est.
1222 1466 1330 1519 quod
1347 1468 1468 1506 vitans
1486 1467 1687 1520 Virgilius,

1028 1536 1082 1563 ne
1091 1522 1410 1574 diceret⁵effertur,
1431 1523 1568 1574 inquit,
1590 1525 1688 1576 (Ge-

1029 1592 1112 1633 org.
1135 1581 1321 1633 11‚255.)
1351 1589 1430 1620 tum
1451 1591 1604 1632 corpora
1633 1579 1690 1619 Iu·

1029 1648 1065 1673 ce
1090 1648 1277 1674 carentum
1316 1634 1534 1688 Exportant
1566 1636 1684 1684 tec‘tis,

1028 1700 1067 1731 et
1078 1689 1200 1742 tristia
1207 1691 1355 1742 funera
1364 1691 1513 1730 ducunt.
1552 1690 1689 1742 Effirri

1028 1748 1186 1799 proprie
1196 1746 1374 1785 dicuntur
1384 1745 1572 1785 cadauera
1588 1760 1691 1785 mor-

1026 1812 1239 1842 tu01·um:et
1249 1805 1304 1841 ire
1312 1801 1467 1854 proprie
1475 1801 1524 1841 ad
1535 1803 1691 1854 exequi-

1031 1871 1081 1898 as.
1119 1859 1231 1911 Virg.
1261 1860 1383 1910 (Aen.
1410 1871 1473 1908 x1,
1501 1861 1587 1912 24.)
1617 1859 1688 1908 Ite,

1030 1917 1099 1963 ait,
1117 1916 1290 1971 egregias
1307 1915 1464 1963 animas,
1483 1927 1575 1968 quae
1589 1914 1689 1966 fim-

1029 1974 1141 2027 guine
1181 1969 1285 2010 nobis
1304 1972 1416 2011 Hanc
1439 1973 1604 2025 patriam
1629 1982 1690 2026 pe-

1028 2038 1162 2080 perere.
1195 2051 1250 2058 --
1303 2031 1354 2070 D.

1085 2095 1137 2137 91
1171 2084 1292 2123 Vnam
1316 2080 1492 2136 adspicio]
1518 2085 1578 2124 Ex
1598 2095 1691 2123 con-

1029 2136 1234 2180 suetudine
1263 2139 1355 2179 dicit
1371 2152 1501 2187 vnam,
1535 2149 1576 2179 vt
1595 2139 1690 2179 dici-

1030 2209 1128 2245 mus,
1160 2196 1260 2236 Vnus
1280 2195 1329 2246 est
1348 2194 1565 2246 adolescens.
1593 2197 1688 2236 tolle

1028 2266 1149 2303 vnum,
1170 2262 1210 2291 et
1229 2253 1283 2291 ita
1298 2250 1376 2301 fiet,
1394 2262 1433 2290 vt
1454 2248 1577 2290 sensui
1589 2251 1690 2292 nihil

1028 2307 1141 2349 defit:
1166 2306 1232 2348 sed
1255 2304 1491 2347 consuetudo
1513 2308 1691 2350 mirantis

1029 2378 1112 2405 non
1131 2366 1205 2404 erit
1223 2360 1407 2416 exprefl'a.
1443 2364 1564 2404 Vnam
1590 2376 1688 2418 ergo

1027 2423 1076 2467 τῷ
1120 2423 1282 2466 ἲὸιοτισμῷ
1312 2420 1429 2459 dixit:
1467 2419 1530 2458 vel
1563 2433 1687 2467 vnum,

1029 2490 1100 2530 pro
1137 2476 1316 2529 quadam.
1373 2475 1687 2527 Adolefientulam

317 2531 371 2575 fio
390 2530 599 2576 audientis,
627 2541 665 2570 et
683 2528 876 2572 excusatio
895 2532 979 2573 alia.
1019 2534 1157 2587 forma
1182 2546 1223 2572 et
1248 2531 1380 2578 vultu]
1437 2534 1485 2572 Et
1511 2531 1576 2572 hic
1607 2533 1687 2573 duo

318 2586 464 2636 Etiam]
507 2585 659 2630 Adhuc.
717 2590 766 2630 D.

1029 2587 1128 2643 sunt,
1147 2599 1187 2630 et
1204 2599 1306 2632 aetas
1325 2598 1364 2630 et
1386 2585 1522 2640 forma,
1550 2588 1689 2686 qugadus

1579 2660 1602 2686 a
1658 2660 1688 2686 ι-
