1815 3168
587 103 1002 151 EVNVCHVS.

1380 106 1472 165 365

247 232 509 282 Metuebant
530 247 684 278 omnes
705 232 791 277 iam
812 247 898 276 me.
940 224 992 275 G
1006 243 1057 275 N.
1088 246 1180 276 non
1201 232 1374 277 iniuria.

246 308 349 357 Tu.
374 308 457 355 Sed
479 307 587 352 heus
606 316 669 358 tu,
701 301 893 369 purgon⁷
919 318 1002 366 ego
1017 321 1088 350 me
1102 306 1153 350 de
1173 302 1275 350 istac
1294 306 1472 360 Thaidi,

152 398 219 448 45
252 383 386 438 Quod
399 399 494 428 eam
506 398 576 428 me
588 398 728 427 amare
739 378 1020 444 suspicata²stP
1052 375 1159 425 GN.
1178 380 1290 424 nihil
1312 383 1474 425 minus.

246 464 345 506 Imo
359 474 469 518 auge
481 459 618 516 magis
633 456 929 519 suspicionem.
956 450 1055 503 ΤΗ.
1070 456 1177 499 cur?
1192 450 1299 502 GN.
1311 470 1438 515 rogas
1450 457 1472 499 ’ἓ

247 537 362 587 Scin,
384 532 414 578 fi
438 531 613 596 quando
635 531 706 576 illa
727 532 1001 576 mentionem
1027 529 1262 575 Phaedriae

247 610 381 662 Facit,
403 619 476 655 aut
499 605 529 654 fi
554 605 709 660 laudat,
731 616 774 654 te
796 617 844 654 vt
862 604 974 654 male
994 606 1119 652 vrat'?
1144 602 1249 651 Tu.
1272 603 1423 658 sentio.

113 870 170 907 Vt
185 865 336 906 Plautus
355 862 460 918 (Mil.
486 876 520 913 Ι,
536 880 565 912 1,
581 864 679 918 74),
698 862 767 903 La-

111 920 281 962 mnibus
297 932 369 975 'ego
395 922 615 960 denumerem
633 921 767 972 stipen-

111 979 222 1026 dium,
242 976 366 1028 inquit
387 988 435 1015 ex
452 975 612 1028 persona
621 977 764 1016 militis.

110 1037 248 1085 ltaque
274 1031 335 1071 hic
359 1033 525 1074 Emorire‘
552 1033 658 1072 dixit.
712 1037 767 1073 At

112 1102 206 1130 vero
225 1090 372 1129 Atticus
390 1086 611 1128 adolescens
630 1090 670 1127 in
686 1091 766 1128 He-

112 1156 256 1186 autont.
295 1145 421 1184 Emori
445 1146 562 1197 cupio.
618 1144 720 1185 Vide
738 1146 767 1182 i-

112 1203 228 1255 gitur,
252 1212 417 1250 poetam,
440 1214 510 1253 pro
520 1201 605 1239 loco
624 1199 768 1240 adtem-

112 1270 212 1310 pore
227 1255 319 1294 scire
337 1255 431 1307 quid
452 1256 563 1296 dicat.
615 1259 664 1296 D.

166 1314 345 1364 Emoriri]
356 1311 516 1351 comice
525 1322 672 1350 tantum
684 1310 773 1349 dici-

113 1378 195 1416 tur-3
215 1380 304 1406 nam
315 1369 406 1419 (non
415 1370 473 1414 Z.)
485 1370 598 1406 emori
608 1366 706 1405 facit.
726 1366 769 1406 E.

171 1436 222 1476 43
243 1421 467 1462 Metuebant
484 1435 601 1461 omnes
612 1424 685 1461 iam
699 1422 770 1475 me]

112 1480 177 1521 Ne
197 1480 256 1517 cui
276 1478 462 1526 dicerem,
491 1480 605 1531 Lepus
625 1491 705 1518 tute
727 1491 771 1525 es,

113 1548 150 1573 et
166 1535 440 1587 pulpamentum
462 1537 622 1586 quaeris.
678 1537 770 1581 Aut,

113 1590 217 1629 Eone
237 1603 271 1628 es
284 1590 430 1641 ferox,
461 1593 550 1641 quia
579 1587 687 1628 habes
707 1592 770 1626 im-

107 1650 258 1700 perium
291 1647 330 1683 iu
359 1644 516 1688 belluas?
551 1643 644 1684 Non
673 1647 770 1682 iniu-

111 1703 188 1756 ria]
220 1705 304 1742 Hoc
323 1700 369 1739 fic
388 1702 612 1752 pronuncia,
642 1714 771 1751 quem·

111 1757 322 1797 admodum
340 1757 435 1795 illud
457 1754 585 1808 supra,
615 1756 770 1813 ‚Quidni

111 1813 205 1866 esset.
263 1814 310 1852 D.

167 1867 306 1914 Verba,
326 1880 399 1905 non
417 1869 566 1914 iniuria,
587 1864 770 1919 ambigua

110 1936 220 1978 putat
243 1923 430 1965 Daceria:
460 1924 626 1962 militem
662 1924 770 1961 enim

112 1982 179 2021 illa
196 1976 384 2031 accepifl'e
404 1978 454 2017 de
471 1978 596 2026 laude,
619 1991 705 2018 cum
721 1990 770 2017 ta·

112 2050 208 2076 men
230 2033 387 2076 Gnatho
414 2035 554 2074 dixerit
580 2034 630 2073 de
649 2034 770 2073 stultis

112 2091 358 2139 hominibus,
387 2092 453 2142 qui
471 2089 674 2129 metuendi
698 2090 771 2130 fint

115 2147 307 2197 omnibus.
361 2147 400 2187 Z.

172 2216 227 2255 44
257 2203 416 2257 Purgon'
442 2216 508 2256 ego
537 2215 593 2241 me
617 2202 660 2240 de
684 2200 772 2254 istac

122 2257 307 2312 Thaidi?]
337 2265 507 2303 Οἷκονομίαε
525 2258 573 2297 ad
590 2258 696 2297 litem
715 2255 773 2296 fu-

116 2323 243 2352 turam
269 2315 368 2354 inter
393 2316 556 2355 militem
589 2324 629 2353 et
652 2312 771 2355 Thai·

116 2369 222 2409 dem,
278 2372 325 2409 D.

173 2425 276 2464 Heus
296 2438 350 2474 tu,
363 2426 544 2480 purgon']
573 2426 649 2466 Hic
667 2425 771 2478 quasi

117 2480 316 2519 confilium
335 2483 485 2532 petitur,
505 2496 553 2521 an
572 2493 711 2536 purget
721 2480 772 2520 se-

118 2533 157 2574 se
182 2537 290 2575 miles
309 2537 631 2587 apudThaidern,
665 2538 771 2589 quod

116 2589 239 2633 Thais
267 2591 397 2641 credit,
415 2594 580 2651 militem
605 2595 682 2639 iam
701 2595 772 2653 vir,

1359 698 1473 762 (ΞΝ.

815 860 949 916 ginem
977 872 1131 911 amare.
1193 859 1314 901 Sicuti
1355 859 1474 906 etiam

814 916 894 972 ipsa
914 916 1027 970 supra
1047 918 1161 958 dixit:
1191 916 1263 956 Sed
1282 929 1348 972 ego
1362 929 1476 969 quan·

815 973 1091 1026 tumfitspicor,
1124 972 1175 1012 od
1192 975 1377 1027 virginem
1399 971 1478 1011 ani·

814 1045 912 1071 mum
927 1031 1072 1070 adiecit.
1125 1031 1205 1068 Dat
1233 1039 1363 1067 autem
1383 1041 1477 1066 con-

813 1087 935 1127 filium
955 1085 1144 1138 parasitus,
1164 1096 1203 1124 vt
1220 1085 1341 1137 magis
1354 1097 1477 1137 auge-

813 1153 851 1182 at
869 1140 1148 1194 suspicionem:
1179 1151 1220 1180 et
1239 1140 1351 1180 huius
1363 1153 1476 1193 argu·

814 1209 993 1239 mentum
1011 1195 1179 1249 profert,
1216 1196 1320 1248 quod
1340 1196 1477 1248 proiit:

817 1268 863 1294 vt
893 1252 932 1304 st*
965 1255 1113 1306 quando
1148 1252 1211 1291 illa
1252 1255 1476 1292 mentionem

822 1310 1028 1349 Phaedriae
1040 1310 1192 1360 jecerit,
1223 1310 1325 1349 miles
1345 1321 1477 1348 contra

818 1364 1047 1418 Pamphilam
1065 1367 1241 1402 nominet.
1296 1367 1345 1403 Et
1354 1362 1403 1402 fic
1419 1365 1479 1403 in-

819 1421 943 1459 uicem
973 1417 1320 1474 inigriaeffThaidis
1343 1432 1478 1470 parem

821 1476 982 1529 gratiam
1008 1475 1160 1513 referat.
1197 1474 1271 1513 hoc
1292 1475 1398 1515 enim
1420 1475 1479 1514 di-

819 1532 885 1580 xit,
906 1531 985 1570 Par
1000 1543 1070 1583 pro
1085 1532 1172 1583 pari
1189 1529 1344 1580 referto,
1377 1531 1480 1585 quod

820 1601 897 1626 eam
915 1588 1093 1625 mordeat.
1149 1589 1193 1626 E.

870 1655 923 1696 45
953 1641 1068 1696 Qcoa'
1095 1655 1173 1680 eam
1197 1655 1252 1680 me
1271 1654 1394 1683 amare
1411 1640 1480 1691 βι-

813 1699 1000 1751 spicatur]
1035 1699 1138 1748 Quia
1168 1699 1287 1738 (Hinc
1315 1699 1383 1749 Z.)
1413 1711 1478 1749 ap-

821 1764 936 1805 paret,
956 1752 1061 1792 illam
1078 1753 1192 1791 militi
1206 1766 1365 1804 quoque
1384 1750 1479 1792 κατεὲ

818 1811 859 1848 τὸ
887 1816 1123 1855 cecam-copem
1140 1807 1356 1859 ostendiffe,
1370 1807 1479 1861 quod

820 1865 916 1905 dixit
933 1865 1156 1906 Phaedriae.
1212 1867 1260 1905 D·

871 1925 926 1974 46
958 1923 1035 1960 Imo
1057 1933 1149 1975 auge
1167 1922 1287 1975 magis
1293 1920 1480 1973 fitspicio-

818 1979 915 2032 nem]
946 1982 1053 2018 Haec
1080 1978 1152 2016 erit
1173 1975 1278 2016 causa
1301 1978 1480 2016 reiicien·

820 2036 859 2074 di
878 2034 1021 2073 militis.
1077 2036 1127 2073 D.

872 2093 964 2130 Non
971 2088 1197 2141 fhspicatur,
1209 2100 1308 2139 quae
1318 2088 1372 2127 est
1381 2100 1480 2129 non·

821 2147 1013 2186 nullarum
1032 2145 1119 2183 edd.
1132 2145 1256 2193 Ιθξὶίο,
1279 2141 1346 2184 sed
1357 2143 1479 2198 fitspi⁴

821 2201 945 2253 cata’st
974 2211 1112 2240 omnes
1132 2200 1270 2239 Faerni
1296 2199 1406 2248 codd,
1439 2209 1479 2240 et

821 2257 939 2298 nostri
948 2257 1125 2309 plerique
1137 2257 1239 2295 mente
1251 2255 1408 2295 habent.
1433 2260 1478 2297 Β.

875 2324 929 2368 47
957 2312 1070 2359 Scin’]
1088 2313 1290 2353 Monentis
1301 2312 1354 2352 est
1374 2312 1480 2355 dice-

822 2382 864 2409 re
888 2369 997 2422 scin'‚
1030 2368 1090 2408 vel
1104 2367 1219 2419 fiito.
1273 2368 1312 2407 Se·
1331 2368 1480 2420 quando

820 2427 885 2466 illa
911 2424 1156 2478 mentionem]
1191 2424 1231 2463 Si
1262 2421 1416 2477 quondo*
1439 2434 1480 2463 et

821 2482 943 2534 prima
978 2479 1123 2534 syllaba
1150 2480 1233 2518 acui
1260 2477 1402 2531 potest,
1438 2489 1480 2518 et

819 2537 966 2576 media:
997 2548 1126 2578 tamen
1153 2535 1270 2577 variat
1296 2533 1479 2578 sementi-

821 2606 893 2636 am.
947 2594 1001 2649 D:
