1815 3168
354 152 453 186 210

763 134 920 180 ACT.
955 134 1009 177 v.
1047 117 1244 179 scEN.
1278 132 1311 176 1.

423 283 449 328 5
492 268 551 312 Vt
571 257 833 309 beneficium
857 260 999 309 verbis
1021 260 1182 305 initum
1205 257 1386 311 dudum,
1408 274 1528 305 nunc
1546 265 1595 305 re
1607 247 1725 306 com-

585 337 764 404 probes.

486 410 596 462 ΕΗ.
630 413 769 472 Vide,
797 426 929 475 quam
961 410 1137 474 iniquus
1159 405 1212 454 fis
1233 424 1339 475 prae
1360 406 1517 463 studio,
1557 408 1665 456 dum
1680 409 1725 461 id

588 486 745 535 efficias
769 485 890 550 quod
911 486 1052 550 cupis.

487 564 652 629 Neque
678 562 863 609 modum
881 560 1183 624 benignitati&
1200 575 1359 624 neque,
1391 558 1498 624 quid
1516 575 1589 607 me
1614 576 1728 614 ores.

587 640 767 700 cogitas·

488 721 613 766 Nam
632 713 663 761 fi
686 715 864 776 cogites,
885 713 1078 778 remittas
1101 712 1188 757 iam
1207 726 1279 758 me
1296 700 1483 758 'onerare
1504 711 1691 764 iniuriis,

471 784 567 842 ⁴81.
603 790 811 846 Quibus?
847 784 952 835 Cn.
984 784 1066 836 ah!
1101 787 1297 848 rogitas?
1326 784 1555 854 perpulisti
1573 803 1659 845 me,
1681 797 1730 835 vt

588 867 761 915 homini
782 862 1115 917 adolescentulo,
1479 860 1483 865 “

360 1081 496 1126 parum
522 1065 649 1107 adhuc
682 1063 869 1116 intelligit
898 1063 1018 1111 Simo,

359 1138 424 1168 aut
442 1123 632 1165 subtiliter
656 1119 879 1167 diffiniunt,
912 1130 952 1159 vt
971 1117 1030 1158 ad*

359 1183 480 1223 fidem
499 1177 668 1233 promissi
680 1176 919 1230 (promissam,
940 1172 1015 1217 Ms.

357 1236 506 1280 Boend.
527 1246 566 1275 et
586 1234 796 1284 ed.DuB2.)
815 1232 1018 1271 hominem

360 1293 582 1346 compellat.
646 1290 725 1330 Imo
761 1290 874 1341 enim]
911 1288 1020 1328 Enim

359 1357 520 1399 παρὲλκον
538 1347 592 1387 est
607 1344 743 1399 figura.
796 1347 847 1385 D.

416 1407 532 1446 Immo
577 1405 673 1442 enim
708 1413 804 1441 nunc
839 1398 1019 1453 maxime]

358 1461 600 1505 Generalem
618 1459 726 1498 enim
742 1454 851 1509 supra
862 1456 1023 1509 pofitam

360 1516 648 1560 accusationem
666 1511 804 1567 'patum
821 1513 1023 1552 intellexe-

360 1587 421 1616 tat
438 1575 545 1617 Simo
561 1587 568 1612 :
601 1571 795 1611 etidcirco
813 1567 852 1610 se
864 1580 1026 1608 conner-

363 1634 411 1673 tit
428 1630 477 1670 ad
503 1639 662 1682 preces,
693 1638 732 1666 vt
751 1625 816 1664 hic
837 1625 1024 1668 Chremes

363 1688 490 1742 potius
508 1688 550 1726 in
567 1681 880 1737 promistionibus
903 1678 1026 1732 perse-

362 1754 495 1791 ueret,
524 1752 568 1780 et.
583 1738 688 1792 qnod
707 1738 830 1778 verbis
861 1748 954 1777 ante
970 1736 1026 1775 di-

360 1809 480 1846 xerat,
490 1795 568 1848 ipsa
580 1796 771 1848 compleat
780 1795 950 1835 veritate.
979 1796 1023 1833 E.

381 1890 385 1896 .
419 1860 598 1898 Donatus
623 1863 661 1891 et
677 1851 932 1904 Eugraphius,
961 1863 1021 1888 au-

363 1912 469 1951 &ore
490 1912 652 1957 Paterno,
673 1910 776 1946 recte
795 1906 932 1960 legunt
942 1917 1024 1945 cum

365 1969 539 2010 maxime.
596 1967 639 2004 B.

418 2036 442 2078 5
474 2020 631 2074 Initum]
658 2021 867 2070 Coeptum‚
897 2016 946 2056 ab
966 2018 1025 2056 in-

362 2078 515 2120 eundo:
545 2076 650 2115 vnde
676 2085 714 2117 et
740 2077 850 2115 initia
868 2085 1028 2125 quoque

364 2136 478 2176 dicia.
533 2135 583 2174 D.

423 2194 448 2234 6
478 2188 596 2245 Qod
610 2187 731 2241 cupis]
763 2184 885 2238 Quod
916 2185 1025 2225 velis.

365 2247 527 2300 Legitur
548 2256 599 2295 et,
619 2245 727 2298 quod
742 2242 852 2283 iubes.
906 2244 955 2282 D.

424 2303 524 2350 Vide,
549 2315 659 2355 quam
676 2302 826 2352 iniquus
837 2296 912 2352 fis]
956 2299 1027 2338 Su-

365 2373 434 2412 pra
456 2357 692 2412 generaliter
709 2355 903 2397 Chremes
921 2366 1028 2393 accu-

364 2414 521 2464 sauerat,
548 2426 654 2452 nnnc
673 2410 873 2453 descendit
889 2410 937 2449 ad
950 2407 1028 2462 spe·

365 2473 487 2511 ciem:
531 2471 622 2509 Vide
655 2470 762 2522 quam
794 2470 942 2520 iniquus
969 2465 1025 2518 fis

361 2526 596 2580 praestudio,
617 2527 701 2564 dum
718 2526 760 2564 id
773 2524 902 2576 filcias
923 2522 1025 2576 quod

362 2582 471 2629 velis,
505 2596 616 2635 neque
642 2581 791 2631 modum
817 2580 1023 2632 benignita—

361 2642 423 2686 tis,
443 2651 567 2691 neque,
587 2639 677 2690 quid
687 2651 741 2676 me
750 2652 845 2685 ores,
868 2639 1021 2690 cogitas.

362 2694 617 2749 Cupiclitatis,
645 2696 792 2747 inquit,
818 2692 955 2742 studio,
982 2700 1023 2730 et

1663 952 1727 987 10

1069 1061 1208 1100 ardore
1233 1061 1357 1099 nimio
1382 1061 1609 1109 voluntatis,
1644 1074 1728 1102 non

1069 1111 1346 1156 a'nimadnertis
1375 1115 1629 1168 benignitatis
1649 1130 1736 1156 mo-·

1070 1173 1184 1212 dum:
1218 1172 1290 1221 vel,
1311 1172 1416 1223 quod
1436 1171 1620 1224 postulas,
1649 1171 1730 1211 dili-

1068 1239 1209 1284 genter
1224 1228 1348 1267 intelli
1353 1229 1410 1280 gis
1421 1240 1464 1267 ac
1475 1228 1633 1280 cogitas„
1659 1230 1703 1268 E.

1121 1285 1218 1325 Prae
1252 1283 1404 1339 studio]
1450 1281 1627 1325 Priscian.
1660 1283 1730 1324 lib.

1069 1350 1135 1383 xv.
1191 1345 1234 1382 L.
1678 1373 1682 1376 .
1713 1378 1715 1380 ,
1740 1337 1744 1379 J

1124 1400 1368 1450 lutei-punge
1393 1394 1459 1445 fic,
1500 1395 1592 1435 Viole
1618 1408 1732 1449 quum

1070 1455 1220 1506 iniquus
1227 1451 1282 1504 fis
1294 1465 1384 1506 prae
1400 1451 1549 1504 studio:
1576 1452 1664 1492 dum
1687 1453 1737 1493 id

1071 1509 1206 1563 efficias
1234 1509 1336 1563 quod
1363 1512 1483 1563 cupis,
1511 1507 1644 1562 Neque
1656 1522 1745 1548 mom

1073 1571 1160 1607 cium
1178 1576 1250 1605 etc.
1307 1568 1347 1606 B.

1123 1634 1152 1676 7
1191 1622 1321 1674 Neque
1347 1621 1492 1661 modum
1524 1618 1742 1677 benignita?

1073 1680 1136 1729 tis,
1157 1690 1270 1732 neque
1290 1678 1382 1732 quid
1396 1692 1451 1717 me
1461 1691 1550 1727 ores,
1572 1679 1731 1734 cogitas]

1074 1734 1120 1775 Id
1139 1734 1204 1784 est,
1225 1739 1316 1773 non
1332 1735 1478 1788 cogitas
1490 1762 1502 1782 ‚
1531 1744 1595 1773 aut
1613 1748 1740 1786 qnan·.

1074 1802 1158 1831 tum
1178 1791 1229 1830 de
1246 1790 1493 1845 benignitate
1504 1791 1643 1831 amoris
1655 1792 1734 1830 exi-

1074 1847 1269 1900 gendum,
1313 1857 1379 1886 aut
1406 1843 1734 1897 praesumendum

1071 1904 1133 1942 fit:
1171 1913 1236 1941 aut
1270 1915 1386 1953 quam
1418 1901 1463 1941 fit
1487 1901 1735 1954 impossibile,

1073 1957 1181 2011 quod
1201 1958 1311 2010 petis.
1369 1958 1422 1997 D.

1132 2022 1154 2064 8
1195 2015 1377 2054 Remittas
1405 2013 1505 2069 iam]
1538 2013 1723 2055 Remittas

1074 2084 1145 2123 pro
1166 2071 1303 2110 mittas.
1358 2072 1408 2111 D.
1488 2087 1497 2095 ¹
1622 2117 1625 2119 ,
1709 2088 1719 2093 ·’

1131 2127 1295 2166 Onerare
1347 2125 1542 2180 iniuriis]
1605 2126 1730 2169 Plaut.

1075 2179 1207 2223 Pseud.
1230 2183 1344 2222 Scen.
1363 2180 1552 2222 Pseudole
1567 2195 1650 2222 non
1669 2197 1733 2223 au-

1074 2238 1154 2278 dis:
1198 2237 1322 2292 Affiste
1347 2237 1587 2292 altrirtfhcus,
1621 2236 1733 2293 atque

1075 2309 1188 2335 onera
1208 2295 1302 2335 hunc
1320 2295 1532 2336 maledic‘lis.
1590 2298 1632 2336 L.
1719 2297 1738 2305 ”’

1125 2364 1153 2405 9
1189 2350 1385 2404 Perpuhsti
1410 2366 1487 2401 me,
1520 2365 1561 2390 vt
1588 2351 1733 2391 homini

1074 2407 1356 2462 adolcfierttulo]
1381 2410 1488 2447 Haec
1507 2407 1561 2447 est
1577 2417 1655 2447 tota
1673 2420 1733 2446 ac-

1075 2462 1227 2504 cusatiO.
1267 2464 1423 2504 Homini
1444 2461 1730 2518 adolescentulo]

1072 2521 1135 2562 Sic
1169 2519 1361 2560 Sallustius
1401 2521 1459 2572 (B.
1501 2524 1579 2573 Ing.
1624 2520 1729 2571 12),

1075 2576 1273 2618 Occultum
1291 2576 1338 2626 fi’
1372 2578 1522 2633 tugurio
1562 2575 1731 2629 mulieris

1070 2632 1232 2675 amalae.
1289 2637 1341 2676 Ι),

1637 2686 1728 2728 Per-
