<?xml version="1.0" encoding="UTF-8"?>
<!DOCTYPE html PUBLIC "-//W3C//DTD XHTML 1.0 Transitional//EN"
    "http://www.w3.org/TR/xhtml1/DTD/xhtml1-transitional.dtd">
<html xmlns="http://www.w3.org/1999/xhtml" xml:lang="en" lang="en">
 <head>
  <title>
</title>
<meta http-equiv="Content-Type" content="text/html;charset=utf-8" />
  <meta name='ocr-system' content='tesseract 3.04.00' />
  <meta name='ocr-capabilities' content='ocr_page ocr_carea ocr_par ocr_line ocrx_word'/>
</head>
<body>
  <div class='ocr_page' id='page_1' title='image "./comoediaesexexre01tereuoft_0581.png"; bbox 0 0 1815 3168; ppageno 0'>
   <div class='ocr_carea' id='block_1_1' title="bbox 621 157 1031 206">
    <p class='ocr_par' dir='ltr' id='par_1_1' title="bbox 527 136 1031 206">
     <span class='ocr_line' id='line_1_1' title="bbox 621 157 1031 206; baseline 0 -1"><span class='ocrx_word' id='word_1_1' title='bbox 621 157 1031 206; x_wconf 67' lang='lat' dir='ltr'><strong>EVNVCHVS·</strong></span> 
     </span>
    </p>
   </div>
   <div class='ocr_carea' id='block_1_2' title="bbox 1393 165 1491 218">
    <p class='ocr_par' dir='ltr' id='par_1_2' title="bbox 1393 165 1491 218">
     <span class='ocr_line' id='line_1_2' title="bbox 1393 165 1491 218; baseline 0.02 -4"><span class='ocrx_word' id='word_1_2' title='bbox 1393 165 1491 218; x_wconf 81' lang='lat'><strong>485</strong></span> 
     </span>
    </p>
   </div>
   <div class='ocr_carea' id='block_1_3' title="bbox 255 280 1487 496">
    <p class='ocr_par' dir='ltr' id='par_1_3' title="bbox 255 280 1487 496">
     <span class='ocr_line' id='line_1_3' title="bbox 265 280 1487 346; baseline -0.002 -13"><span class='ocrx_word' id='word_1_3' title='bbox 265 289 389 333; x_wconf 90' lang='lat' dir='ltr'><strong>Dum</strong></span> <span class='ocrx_word' id='word_1_4' title='bbox 420 283 559 331; x_wconf 77' lang='lat' dir='ltr'><strong>studes</strong></span> <span class='ocrx_word' id='word_1_5' title='bbox 592 284 692 331; x_wconf 83' lang='lat' dir='ltr'><strong>dare</strong></span> <span class='ocrx_word' id='word_1_6' title='bbox 722 285 853 331; x_wconf 89' lang='lat' dir='ltr'><strong>verba</strong></span> <span class='ocrx_word' id='word_1_7' title='bbox 886 284 1028 330; x_wconf 83' lang='lat' dir='ltr'>nobis.</span> <span class='ocrx_word' id='word_1_8' title='bbox 1065 280 1214 330; x_wconf 84' lang='lat' dir='ltr'><strong>PAR.</strong></span> <span class='ocrx_word' id='word_1_9' title='bbox 1251 283 1357 346; x_wconf 87' lang='lat' dir='ltr'><strong>quid</strong></span> <span class='ocrx_word' id='word_1_10' title='bbox 1397 285 1487 330; x_wconf 81' lang='lat' dir='ltr'><strong>ita?</strong></span> 
     </span>
     <span class='ocr_line' id='line_1_4' title="bbox 357 356 990 423; baseline -0.006 -15"><span class='ocrx_word' id='word_1_11' title='bbox 357 372 431 408; x_wconf 80' lang='lat' dir='ltr'><strong>aut</strong></span> <span class='ocrx_word' id='word_1_12' title='bbox 453 360 557 423; x_wconf 87' lang='lat' dir='ltr'><strong>quid</strong></span> <span class='ocrx_word' id='word_1_13' title='bbox 584 356 827 407; x_wconf 67' lang='lat' dir='ltr'><strong>fastum&#39;st?</strong></span> <span class='ocrx_word' id='word_1_14' title='bbox 868 359 990 405; x_wconf 89' lang='lat' dir='ltr'><strong>cedo.</strong></span> 
     </span>
     <span class='ocr_line' id='line_1_5' title="bbox 255 431 1483 496; baseline -0.003 -12"><span class='ocrx_word' id='word_1_15' title='bbox 255 433 345 484; x_wconf 80' lang='grc' dir='ltr'><strong>ΡΥ.</strong></span> <span class='ocrx_word' id='word_1_16' title='bbox 391 439 562 483; x_wconf 86' lang='lat' dir='ltr'><strong>Dicam:</strong></span> <span class='ocrx_word' id='word_1_17' title='bbox 602 438 819 496; x_wconf 82' lang='lat' dir='ltr'><strong>virginem</strong></span> <span class='ocrx_word' id='word_1_18' title='bbox 843 434 986 487; x_wconf 87' lang='lat' dir='ltr'><strong>istam,</strong></span> <span class='ocrx_word' id='word_1_19' title='bbox 1019 431 1184 480; x_wconf 87' lang='lat' dir='ltr'>Thaidi</span> <span class='ocrx_word' id='word_1_20' title='bbox 1208 448 1317 496; x_wconf 89' lang='lat' dir='ltr'><strong>quae</strong></span> <span class='ocrx_word' id='word_1_21' title='bbox 1352 433 1483 480; x_wconf 83' lang='lat' dir='ltr'><strong>hodie</strong></span> 
     </span>
    </p>
   </div>
   <div class='ocr_carea' id='block_1_4' title="bbox 357 506 657 563">
    <p class='ocr_par' dir='ltr' id='par_1_4' title="bbox 357 506 657 563">
     <span class='ocr_line' id='line_1_6' title="bbox 357 506 657 563; baseline -0.003 -6"><span class='ocrx_word' id='word_1_22' title='bbox 357 512 474 558; x_wconf 82' lang='lat' dir='ltr'>dono</span> <span class='ocrx_word' id='word_1_23' title='bbox 501 506 657 563; x_wconf 82' lang='lat' dir='ltr'><strong>data&#39;st,</strong></span> 
     </span>
    </p>
   </div>
   <div class='ocr_carea' id='block_1_5' title="bbox 158 579 1480 652">
    <p class='ocr_par' dir='ltr' id='par_1_5' title="bbox 158 579 1480 652">
     <span class='ocr_line' id='line_1_7' title="bbox 158 579 1480 652; baseline -0.006 -17"><span class='ocrx_word' id='word_1_24' title='bbox 158 601 224 652; x_wconf 84' lang='lat'><strong>30</strong></span> <span class='ocrx_word' id='word_1_25' title='bbox 257 589 345 635; x_wconf 85' lang='lat' dir='ltr'>Scis</span> <span class='ocrx_word' id='word_1_26' title='bbox 375 604 466 632; x_wconf 82' lang='lat' dir='ltr'><strong>eam</strong></span> <span class='ocrx_word' id='word_1_27' title='bbox 500 587 603 633; x_wconf 88' lang='lat' dir='ltr'>hinc</span> <span class='ocrx_word' id='word_1_28' title='bbox 636 589 777 633; x_wconf 90' lang='lat' dir='ltr'><strong>ciuem</strong></span> <span class='ocrx_word' id='word_1_29' title='bbox 799 582 894 638; x_wconf 80' lang='lat' dir='ltr'><strong>effe,</strong></span> <span class='ocrx_word' id='word_1_30' title='bbox 916 595 958 631; x_wconf 84' lang='lat' dir='ltr'><strong>et</strong></span> <span class='ocrx_word' id='word_1_31' title='bbox 979 583 1157 631; x_wconf 80' lang='lat' dir='ltr'><strong>fratrem</strong></span> <span class='ocrx_word' id='word_1_32' title='bbox 1181 584 1273 629; x_wconf 86' lang='lat' dir='ltr'><strong>eius</strong></span> <span class='ocrx_word' id='word_1_33' title='bbox 1306 579 1387 629; x_wconf 79' lang='lat' dir='ltr'><strong>effe</strong></span> <span class='ocrx_word' id='word_1_34' title='bbox 1409 600 1480 648; x_wconf 86' lang='lat' dir='ltr'><strong>ap-</strong></span> 
     </span>
    </p>
   </div>
   <div class='ocr_carea' id='block_1_6' title="bbox 351 662 749 727">
    <p class='ocr_par' dir='ltr' id='par_1_6' title="bbox 351 662 749 727">
     <span class='ocr_line' id='line_1_8' title="bbox 351 662 749 727; baseline 0 -19"><span class='ocrx_word' id='word_1_35' title='bbox 351 665 493 727; x_wconf 85' lang='lat' dir='ltr'><strong>prime</strong></span> <span class='ocrx_word' id='word_1_36' title='bbox 524 662 749 709; x_wconf 76' lang='lat' dir='ltr'><strong>nobilem?</strong></span> 
     </span>
    </p>
   </div>
   <div class='ocr_carea' id='block_1_7' title="bbox 253 728 1479 799">
    <p class='ocr_par' dir='ltr' id='par_1_7' title="bbox 253 728 1479 799">
     <span class='ocr_line' id='line_1_9' title="bbox 253 728 1479 799; baseline -0.006 -14"><span class='ocrx_word' id='word_1_37' title='bbox 253 738 395 787; x_wconf 79' lang='lat' dir='ltr'><strong>PAR.</strong></span> <span class='ocrx_word' id='word_1_38' title='bbox 431 737 603 783; x_wconf 88' lang='lat' dir='ltr'><strong>Nescio.</strong></span> <span class='ocrx_word' id='word_1_39' title='bbox 642 741 732 783; x_wconf 78' lang='grc' dir='ltr'><strong>ΡΥ,</strong></span> <span class='ocrx_word' id='word_1_40' title='bbox 770 738 888 799; x_wconf 88' lang='lat' dir='ltr'>atqui</span> <span class='ocrx_word' id='word_1_41' title='bbox 926 733 980 781; x_wconf 87' lang='lat' dir='ltr'><strong>fic</strong></span> <span class='ocrx_word' id='word_1_42' title='bbox 1001 728 1253 791; x_wconf 84' lang='lat' dir='ltr'><strong>inuenta‘st:</strong></span> <span class='ocrx_word' id='word_1_43' title='bbox 1289 749 1382 779; x_wconf 82' lang='lat' dir='ltr'><strong>eam</strong></span> <span class='ocrx_word' id='word_1_44' title='bbox 1404 730 1479 779; x_wconf 85' lang='lat' dir='ltr'><strong>iste</strong></span> 
     </span>
    </p>
   </div>
   <div class='ocr_carea' id='block_1_8' title="bbox 349 812 687 859">
    <p class='ocr_par' dir='ltr' id='par_1_8' title="bbox 349 812 687 859">
     <span class='ocr_line' id='line_1_10' title="bbox 349 812 687 859; baseline -0.009 0"><span class='ocrx_word' id='word_1_45' title='bbox 349 814 515 859; x_wconf 85' lang='lat' dir='ltr'><strong>vitiauit</strong></span> <span class='ocrx_word' id='word_1_46' title='bbox 547 812 687 858; x_wconf 86' lang='lat' dir='ltr'><strong>miser.</strong></span> 
     </span>
    </p>
   </div>
   <div class='ocr_carea' id='block_1_9' title="bbox 248 882 1475 1095">
    <p class='ocr_par' dir='ltr' id='par_1_9' title="bbox 248 882 1475 1095">
     <span class='ocr_line' id='line_1_11' title="bbox 249 882 1307 935; baseline -0.004 0"><span class='ocrx_word' id='word_1_47' title='bbox 249 888 330 935; x_wconf 83' lang='lat' dir='ltr'><strong>Ille</strong></span> <span class='ocrx_word' id='word_1_48' title='bbox 351 887 423 934; x_wconf 90' lang='lat' dir='ltr'><strong>vbi</strong></span> <span class='ocrx_word' id='word_1_49' title='bbox 442 887 611 932; x_wconf 81' lang='lat' dir='ltr'><strong>resciuit</strong></span> <span class='ocrx_word' id='word_1_50' title='bbox 629 884 792 933; x_wconf 64' lang='lat' dir='ltr'>faffium</span> <span class='ocrx_word' id='word_1_51' title='bbox 814 886 944 932; x_wconf 78' lang='lat' dir='ltr'><strong>frater</strong></span> <span class='ocrx_word' id='word_1_52' title='bbox 967 882 1307 932; x_wconf 80' lang='lat' dir='ltr'><strong>violentiffimus.</strong></span> 
     </span>
     <span class='ocr_line' id='line_1_12' title="bbox 248 959 1475 1024; baseline -0.007 -13"><span class='ocrx_word' id='word_1_53' title='bbox 248 963 391 1012; x_wconf 89' lang='lat' dir='ltr'>PAR.</span> <span class='ocrx_word' id='word_1_54' title='bbox 445 962 670 1016; x_wconf 82' lang='lat' dir='ltr'><strong>Quidnam</strong></span> <span class='ocrx_word' id='word_1_55' title='bbox 702 960 839 1011; x_wconf 82' lang='lat' dir='ltr'><strong>fecit?</strong></span> <span class='ocrx_word' id='word_1_56' title='bbox 886 961 978 1008; x_wconf 80' lang='grc' dir='ltr'><strong>ΡΥ.</strong></span> <span class='ocrx_word' id='word_1_57' title='bbox 1019 961 1240 1020; x_wconf 83' lang='lat' dir='ltr'>colligauit</span> <span class='ocrx_word' id='word_1_58' title='bbox 1280 959 1475 1024; x_wconf 85' lang='lat' dir='ltr'><strong>primum</strong></span> 
     </span>
     <span class='ocr_line' id='line_1_13' title="bbox 346 1033 1168 1095; baseline -0.002 -12"><span class='ocrx_word' id='word_1_59' title='bbox 346 1054 448 1084; x_wconf 87' lang='lat' dir='ltr'><strong>eum</strong></span> <span class='ocrx_word' id='word_1_60' title='bbox 471 1037 631 1095; x_wconf 77' lang='lat' dir='ltr'><strong>miseris</strong></span> <span class='ocrx_word' id='word_1_61' title='bbox 655 1037 812 1084; x_wconf 79' lang='lat' dir='ltr'><strong>modis,</strong></span> <span class='ocrx_word' id='word_1_62' title='bbox 862 1033 941 1083; x_wconf 78' lang='grc' dir='ltr'><strong>ΡΑ</strong></span> <span class='ocrx_word' id='word_1_63' title='bbox 957 1050 1002 1086; x_wconf 87' lang='lat' dir='ltr'><strong>R.</strong></span> <span class='ocrx_word' id='word_1_64' title='bbox 1039 1034 1168 1082; x_wconf 83' lang='lat' dir='ltr'><strong>hem!</strong></span> 
     </span>
    </p>
   </div>
   <div class='ocr_carea' id='block_1_10' title="bbox 109 1254 770 2257">
    <p class='ocr_par' dir='ltr' id='par_1_10' title="bbox 111 1254 770 1522">
     <span class='ocr_line' id='line_1_14' title="bbox 165 1254 769 1308; baseline -0.002 -13"><span class='ocrx_word' id='word_1_65' title='bbox 165 1266 216 1308; x_wconf 74' lang='lat'><strong>23</strong></span> <span class='ocrx_word' id='word_1_66' title='bbox 257 1257 359 1295; x_wconf 87' lang='lat' dir='ltr'><strong>Dum</strong></span> <span class='ocrx_word' id='word_1_67' title='bbox 388 1256 512 1306; x_wconf 74' lang='lat' dir='ltr'><em>studes</em></span> <span class='ocrx_word' id='word_1_68' title='bbox 539 1256 629 1295; x_wconf 84' lang='lat' dir='ltr'><strong>dare</strong></span> <span class='ocrx_word' id='word_1_69' title='bbox 654 1254 769 1295; x_wconf 82' lang='lat' dir='ltr'><strong>verba</strong></span> 
     </span>
     <span class='ocr_line' id='line_1_15' title="bbox 114 1312 766 1366; baseline -0.003 -14"><span class='ocrx_word' id='word_1_70' title='bbox 114 1315 235 1366; x_wconf 81' lang='lat' dir='ltr'><em>nobis]</em></span> <span class='ocrx_word' id='word_1_71' title='bbox 266 1316 384 1357; x_wconf 78' lang='lat' dir='ltr'><strong>Rene,</strong></span> <span class='ocrx_word' id='word_1_72' title='bbox 412 1312 542 1352; x_wconf 82' lang='lat' dir='ltr'><em>Studes</em></span> <span class='ocrx_word' id='word_1_73' title='bbox 562 1314 670 1349; x_wconf 76' lang='lat' dir='ltr'><strong>dare:</strong></span> <span class='ocrx_word' id='word_1_74' title='bbox 700 1325 766 1350; x_wconf 84' lang='lat' dir='ltr'><strong>ne-</strong></span> 
     </span>
     <span class='ocr_line' id='line_1_16' title="bbox 114 1368 767 1423; baseline 0 -17"><span class='ocrx_word' id='word_1_75' title='bbox 114 1384 194 1421; x_wconf 76' lang='lat' dir='ltr'><strong>que</strong></span> <span class='ocrx_word' id='word_1_76' title='bbox 212 1369 319 1408; x_wconf 84' lang='lat' dir='ltr'><strong>enim</strong></span> <span class='ocrx_word' id='word_1_77' title='bbox 331 1368 482 1406; x_wconf 82' lang='lat' dir='ltr'><strong>dedisti.</strong></span> <span class='ocrx_word' id='word_1_78' title='bbox 545 1369 654 1423; x_wconf 51' lang='lat' dir='ltr'><strong>Qgtid</strong></span> <span class='ocrx_word' id='word_1_79' title='bbox 671 1370 724 1406; x_wconf 83' lang='lat' dir='ltr'><strong>ita</strong></span> <span class='ocrx_word' id='word_1_80' title='bbox 734 1368 767 1420; x_wconf 64' lang='grc' dir='ltr'><strong>ἲ]</strong></span> 
     </span>
     <span class='ocr_line' id='line_1_17' title="bbox 111 1422 770 1478; baseline -0.006 -12"><span class='ocrx_word' id='word_1_81' title='bbox 111 1426 228 1466; x_wconf 79' lang='lat' dir='ltr'><strong>Deest</strong></span> <span class='ocrx_word' id='word_1_82' title='bbox 247 1427 354 1463; x_wconf 76' lang='lat' dir='ltr'><strong>diets:</strong></span> <span class='ocrx_word' id='word_1_83' title='bbox 384 1435 423 1462; x_wconf 80' lang='lat' dir='ltr'><strong>vt</strong></span> <span class='ocrx_word' id='word_1_84' title='bbox 439 1423 495 1472; x_wconf 83' lang='lat' dir='ltr'><strong>fit,</strong></span> <span class='ocrx_word' id='word_1_85' title='bbox 517 1422 625 1478; x_wconf 75' lang='lat' dir='ltr'><strong>Qid</strong></span> <span class='ocrx_word' id='word_1_86' title='bbox 641 1425 696 1462; x_wconf 85' lang='lat' dir='ltr'><strong>im</strong></span> <span class='ocrx_word' id='word_1_87' title='bbox 716 1423 770 1462; x_wconf 75' lang='lat' dir='ltr'><strong>di-</strong></span> 
     </span>
     <span class='ocr_line' id='line_1_18' title="bbox 113 1484 292 1522; baseline -0.006 -3"><span class='ocrx_word' id='word_1_88' title='bbox 113 1484 189 1522; x_wconf 70' lang='lat' dir='ltr'><strong>cis?</strong></span> <span class='ocrx_word' id='word_1_89' title='bbox 244 1484 292 1520; x_wconf 89' lang='lat' dir='ltr'><strong>D.</strong></span> 
     </span>
    </p>

    <p class='ocr_par' dir='ltr' id='par_1_11' title="bbox 110 1533 769 1688">
     <span class='ocr_line' id='line_1_19' title="bbox 168 1533 767 1590; baseline -0.005 -14"><span class='ocrx_word' id='word_1_90' title='bbox 168 1550 221 1590; x_wconf 82' lang='lat'><strong>29</strong></span> <span class='ocrx_word' id='word_1_91' title='bbox 254 1535 490 1582; x_wconf 71' lang='lat' dir='ltr'>collocatio,</span> <span class='ocrx_word' id='word_1_92' title='bbox 527 1533 634 1572; x_wconf 82' lang='lat' dir='ltr'><strong>hodie</strong></span> <span class='ocrx_word' id='word_1_93' title='bbox 660 1546 767 1586; x_wconf 80' lang='lat' dir='ltr'><strong>quae,</strong></span> 
     </span>
     <span class='ocr_line' id='line_1_20' title="bbox 113 1590 769 1643; baseline -0.005 -11"><span class='ocrx_word' id='word_1_94' title='bbox 113 1591 310 1632; x_wconf 79' lang='lat' dir='ltr'>codicibus</span> <span class='ocrx_word' id='word_1_95' title='bbox 338 1590 540 1643; x_wconf 86' lang='lat' dir='ltr'>probatur,</span> <span class='ocrx_word' id='word_1_96' title='bbox 569 1601 607 1628; x_wconf 88' lang='lat' dir='ltr'><strong>et</strong></span> <span class='ocrx_word' id='word_1_97' title='bbox 629 1592 769 1642; x_wconf 82' lang='lat' dir='ltr'>gratio-</span> 
     </span>
     <span class='ocr_line' id='line_1_21' title="bbox 110 1644 611 1688; baseline -0.01 0"><span class='ocrx_word' id='word_1_98' title='bbox 110 1662 195 1688; x_wconf 83' lang='lat' dir='ltr'><strong>rem</strong></span> <span class='ocrx_word' id='word_1_99' title='bbox 215 1647 334 1688; x_wconf 83' lang='lat' dir='ltr'>efficit</span> <span class='ocrx_word' id='word_1_100' title='bbox 352 1644 512 1686; x_wconf 80' lang='lat' dir='ltr'><strong>versum.</strong></span> <span class='ocrx_word' id='word_1_101' title='bbox 569 1649 611 1686; x_wconf 88' lang='grc' dir='ltr'><strong>Β.</strong></span> 
     </span>
    </p>

    <p class='ocr_par' dir='ltr' id='par_1_12' title="bbox 109 1699 768 2201">
     <span class='ocr_line' id='line_1_22' title="bbox 165 1699 766 1757; baseline -0.005 -15"><span class='ocrx_word' id='word_1_102' title='bbox 165 1718 220 1757; x_wconf 85' lang='lat'><strong>30</strong></span> <span class='ocrx_word' id='word_1_103' title='bbox 250 1705 328 1742; x_wconf 86' lang='lat' dir='ltr'><strong>Scis</strong></span> <span class='ocrx_word' id='word_1_104' title='bbox 348 1716 423 1741; x_wconf 84' lang='lat' dir='ltr'><strong>eam</strong></span> <span class='ocrx_word' id='word_1_105' title='bbox 444 1700 528 1740; x_wconf 85' lang='lat' dir='ltr'><strong>hinc</strong></span> <span class='ocrx_word' id='word_1_106' title='bbox 552 1703 664 1740; x_wconf 78' lang='lat' dir='ltr'><strong>ciuem</strong></span> <span class='ocrx_word' id='word_1_107' title='bbox 685 1699 766 1755; x_wconf 73' lang='lat' dir='ltr'><strong>effl’]</strong></span> 
     </span>
     <span class='ocr_line' id='line_1_23' title="bbox 111 1756 768 1809; baseline -0.009 -7"><span class='ocrx_word' id='word_1_108' title='bbox 111 1762 218 1806; x_wconf 76' lang='lat' dir='ltr'><strong>Eam,</strong></span> <span class='ocrx_word' id='word_1_109' title='bbox 230 1757 420 1798; x_wconf 84' lang='lat' dir='ltr'><strong>abundat:</strong></span> <span class='ocrx_word' id='word_1_110' title='bbox 442 1756 768 1809; x_wconf 81' lang='lat' dir='ltr'>quemadmodum</span> 
     </span>
     <span class='ocr_line' id='line_1_24' title="bbox 113 1813 762 1868; baseline -0.006 -12"><span class='ocrx_word' id='word_1_111' title='bbox 113 1815 236 1868; x_wconf 83' lang='lat' dir='ltr'>supra,</span> <span class='ocrx_word' id='word_1_112' title='bbox 263 1814 386 1867; x_wconf 70' lang='lat' dir='ltr'><strong>Qum</strong></span> <span class='ocrx_word' id='word_1_113' title='bbox 406 1813 552 1853; x_wconf 73' lang='lat' dir='ltr'><strong>amabat</strong></span> <span class='ocrx_word' id='word_1_114' title='bbox 568 1816 762 1868; x_wconf 82' lang='lat' dir='ltr'><strong>virginem,</strong></span> 
     </span>
     <span class='ocr_line' id='line_1_25' title="bbox 111 1868 768 1924; baseline -0.006 -12"><span class='ocrx_word' id='word_1_115' title='bbox 111 1887 190 1912; x_wconf 78' lang='lat' dir='ltr'><strong>eam</strong></span> <span class='ocrx_word' id='word_1_116' title='bbox 216 1871 355 1924; x_wconf 75' lang='lat' dir='ltr'><strong>confici</strong></span> <span class='ocrx_word' id='word_1_117' title='bbox 373 1870 454 1923; x_wconf 83' lang='lat' dir='ltr'><strong>fine</strong></span> <span class='ocrx_word' id='word_1_118' title='bbox 482 1869 652 1920; x_wconf 78' lang='lat' dir='ltr'><strong>molestia.</strong></span> <span class='ocrx_word' id='word_1_119' title='bbox 715 1868 768 1908; x_wconf 86' lang='lat' dir='ltr'><strong>Et</strong></span> 
     </span>
     <span class='ocr_line' id='line_1_26' title="bbox 111 1923 766 1980; baseline -0.005 -12"><span class='ocrx_word' id='word_1_120' title='bbox 111 1932 192 1969; x_wconf 77' lang='lat' dir='ltr'><strong>eius&#39;</strong></span> <span class='ocrx_word' id='word_1_121' title='bbox 207 1928 368 1977; x_wconf 63' lang='lat' dir='ltr'><strong>fratrem</strong></span> <span class='ocrx_word' id='word_1_122' title='bbox 386 1928 546 1978; x_wconf 81' lang='lat' dir='ltr'><strong>apprime</strong></span> <span class='ocrx_word' id='word_1_123' title='bbox 558 1923 766 1980; x_wconf 86' lang='lat' dir='ltr'><strong>nobilem?]</strong></span> 
     </span>
     <span class='ocr_line' id='line_1_27' title="bbox 109 1981 768 2034; baseline -0.008 -9"><span class='ocrx_word' id='word_1_124' title='bbox 109 1987 217 2026; x_wconf 82' lang='lat' dir='ltr'><strong>Haec</strong></span> <span class='ocrx_word' id='word_1_125' title='bbox 242 1983 290 2022; x_wconf 89' lang='lat' dir='ltr'><strong>ad</strong></span> <span class='ocrx_word' id='word_1_126' title='bbox 316 1993 502 2021; x_wconf 86' lang='lat' dir='ltr'><strong>terrorem</strong></span> <span class='ocrx_word' id='word_1_127' title='bbox 536 1991 578 2019; x_wconf 85' lang='lat' dir='ltr'><strong>et</strong></span> <span class='ocrx_word' id='word_1_128' title='bbox 603 1981 768 2034; x_wconf 86' lang='lat' dir='ltr'>gratiam</span> 
     </span>
     <span class='ocr_line' id='line_1_28' title="bbox 109 2037 768 2091; baseline -0.008 -11"><span class='ocrx_word' id='word_1_129' title='bbox 109 2040 216 2080; x_wconf 66' lang='lat' dir='ltr'><strong>aue&#39;ia</strong></span> <span class='ocrx_word' id='word_1_130' title='bbox 239 2037 336 2079; x_wconf 87' lang='lat' dir='ltr'>sunt.</span> <span class='ocrx_word' id='word_1_131' title='bbox 392 2042 490 2078; x_wconf 89' lang='lat' dir='ltr'><strong>Nam</strong></span> <span class='ocrx_word' id='word_1_132' title='bbox 504 2037 628 2088; x_wconf 86' lang='lat' dir='ltr'><strong>primo</strong></span> <span class='ocrx_word' id='word_1_133' title='bbox 645 2039 768 2091; x_wconf 66' lang='lat' dir='ltr'><strong>virgi-</strong></span> 
     </span>
     <span class='ocr_line' id='line_1_29' title="bbox 109 2092 763 2148; baseline -0.008 -11"><span class='ocrx_word' id='word_1_134' title='bbox 109 2111 190 2137; x_wconf 86' lang='lat' dir='ltr'><strong>nem</strong></span> <span class='ocrx_word' id='word_1_135' title='bbox 210 2093 346 2148; x_wconf 65' lang='lat' dir='ltr'>posuit,</span> <span class='ocrx_word' id='word_1_136' title='bbox 359 2093 444 2146; x_wconf 87' lang='lat' dir='ltr'><strong>post</strong></span> <span class='ocrx_word' id='word_1_137' title='bbox 463 2095 582 2141; x_wconf 84' lang='lat' dir='ltr'><strong>ciuem,</strong></span> <span class='ocrx_word' id='word_1_138' title='bbox 613 2092 661 2131; x_wconf 85' lang='lat' dir='ltr'><strong>ad</strong></span> <span class='ocrx_word' id='word_1_139' title='bbox 682 2093 763 2132; x_wconf 86' lang='lat' dir='ltr'>vlti-</span> 
     </span>
     <span class='ocr_line' id='line_1_30' title="bbox 109 2149 663 2201; baseline -0.011 -9"><span class='ocrx_word' id='word_1_140' title='bbox 109 2165 218 2193; x_wconf 86' lang='lat' dir='ltr'><strong>mum</strong></span> <span class='ocrx_word' id='word_1_141' title='bbox 236 2150 364 2190; x_wconf 83' lang='lat' dir='ltr'><strong>nobilis</strong></span> <span class='ocrx_word' id='word_1_142' title='bbox 373 2149 557 2201; x_wconf 73' lang='lat' dir='ltr'><strong>fhrorem.</strong></span> <span class='ocrx_word' id='word_1_143' title='bbox 613 2152 663 2191; x_wconf 92' lang='lat' dir='ltr'><strong>D.</strong></span> 
     </span>
    </p>

    <p class='ocr_par' dir='ltr' id='par_1_13' title="bbox 166 2205 765 2257">
     <span class='ocr_line' id='line_1_31' title="bbox 166 2205 765 2257; baseline -0.007 -11"><span class='ocrx_word' id='word_1_144' title='bbox 166 2207 245 2247; x_wconf 77' lang='lat' dir='ltr'><strong>Scis</strong></span> <span class='ocrx_word' id='word_1_145' title='bbox 262 2206 364 2257; x_wconf 72' lang='lat' dir='ltr'><strong>istum</strong></span> <span class='ocrx_word' id='word_1_146' title='bbox 383 2207 508 2255; x_wconf 78' lang='lat' dir='ltr'><strong>ciuem]</strong></span> <span class='ocrx_word' id='word_1_147' title='bbox 540 2208 593 2246; x_wconf 87' lang='lat' dir='ltr'><strong>Vt</strong></span> <span class='ocrx_word' id='word_1_148' title='bbox 618 2205 765 2243; x_wconf 80' lang='lat' dir='ltr'>vitiato-</span> 
     </span>
    </p>
   </div>
   <div class='ocr_carea' id='block_1_11' title="bbox 46 2259 766 2315">
    <p class='ocr_par' dir='ltr' id='par_1_14' title="bbox 46 2259 766 2315">
     <span class='ocr_line' id='line_1_32' title="bbox 46 2259 766 2315; baseline -0.008 -12"><span class='ocrx_word' id='word_1_149' title='bbox 46 2279 54 2284; x_wconf 63' lang='grc'><em>”</em></span> <span class='ocrx_word' id='word_1_150' title='bbox 111 2263 144 2303; x_wconf 78' lang='lat' dir='ltr'><strong>ri</strong></span> <span class='ocrx_word' id='word_1_151' title='bbox 163 2264 306 2309; x_wconf 76' lang='lat' dir='ltr'><strong>crimen</strong></span> <span class='ocrx_word' id='word_1_152' title='bbox 323 2259 514 2308; x_wconf 78' lang='lat' dir='ltr'>increscat,</span> <span class='ocrx_word' id='word_1_153' title='bbox 540 2260 630 2299; x_wconf 85' lang='lat' dir='ltr'>dicit</span> <span class='ocrx_word' id='word_1_154' title='bbox 648 2261 766 2315; x_wconf 82' lang='lat' dir='ltr'><strong>virgi-</strong></span> 
     </span>
    </p>
   </div>
   <div class='ocr_carea' id='block_1_12' title="bbox 78 2315 769 2705">
    <p class='ocr_par' dir='ltr' id='par_1_15' title="bbox 78 2315 769 2536">
     <span class='ocr_line' id='line_1_33' title="bbox 78 2315 767 2369; baseline -0.006 -11"><span class='ocrx_word' id='word_1_155' title='bbox 78 2334 81 2336; x_wconf 89' lang='lat'>·</span> <span class='ocrx_word' id='word_1_156' title='bbox 111 2333 193 2358; x_wconf 83' lang='lat' dir='ltr'><strong>nem</strong></span> <span class='ocrx_word' id='word_1_157' title='bbox 214 2317 273 2369; x_wconf 67' lang='lat' dir='ltr'><strong>effe?</strong></span> <span class='ocrx_word' id='word_1_158' title='bbox 294 2320 415 2366; x_wconf 80' lang='lat' dir='ltr'><strong>ciuem,</strong></span> <span class='ocrx_word' id='word_1_159' title='bbox 449 2327 486 2356; x_wconf 88' lang='lat' dir='ltr'><strong>et</strong></span> <span class='ocrx_word' id='word_1_160' title='bbox 507 2317 590 2355; x_wconf 86' lang='lat' dir='ltr'><strong>eius</strong></span> <span class='ocrx_word' id='word_1_161' title='bbox 608 2315 767 2356; x_wconf 82' lang='lat' dir='ltr'><strong>fratrem</strong></span> 
     </span>
     <span class='ocr_line' id='line_1_34' title="bbox 111 2371 767 2423; baseline -0.006 -9"><span class='ocrx_word' id='word_1_162' title='bbox 111 2374 369 2423; x_wconf 68' lang='lat' dir='ltr'><strong>adolqsbentem</strong></span> <span class='ocrx_word' id='word_1_163' title='bbox 388 2371 553 2422; x_wconf 77' lang='lat' dir='ltr'><strong>nobilem,</strong></span> <span class='ocrx_word' id='word_1_164' title='bbox 586 2374 651 2423; x_wconf 81' lang='lat' dir='ltr'><strong>qui</strong></span> <span class='ocrx_word' id='word_1_165' title='bbox 679 2372 767 2411; x_wconf 65' lang='lat' dir='ltr'>saci-</span> 
     </span>
     <span class='ocr_line' id='line_1_35' title="bbox 110 2427 769 2481; baseline -0.005 -11"><span class='ocrx_word' id='word_1_166' title='bbox 110 2431 150 2470; x_wconf 77' lang='lat' dir='ltr'><strong>le</strong></span> <span class='ocrx_word' id='word_1_167' title='bbox 177 2429 283 2480; x_wconf 83' lang='lat' dir='ltr'>poffit</span> <span class='ocrx_word' id='word_1_168' title='bbox 308 2427 546 2481; x_wconf 84' lang='lat' dir='ltr'><strong>consurgere.</strong></span> <span class='ocrx_word' id='word_1_169' title='bbox 602 2432 769 2468; x_wconf 81' lang='lat' dir='ltr'>Praeter-</span> 
     </span>
     <span class='ocr_line' id='line_1_36' title="bbox 113 2481 761 2536; baseline -0.005 -11"><span class='ocrx_word' id='word_1_170' title='bbox 113 2485 161 2526; x_wconf 83' lang='lat' dir='ltr'><strong>ea</strong></span> <span class='ocrx_word' id='word_1_171' title='bbox 176 2486 272 2526; x_wconf 73' lang='lat' dir='ltr'><strong>dixit</strong></span> <span class='ocrx_word' id='word_1_172' title='bbox 292 2481 367 2523; x_wconf 83' lang='lat' dir='ltr'><strong>effe</strong></span> <span class='ocrx_word' id='word_1_173' title='bbox 386 2482 687 2536; x_wconf 76' lang='lat' dir='ltr'><strong>violemiffimum.</strong></span> <span class='ocrx_word' id='word_1_174' title='bbox 718 2489 761 2526; x_wconf 89' lang='lat' dir='ltr'><strong>E.</strong></span> 
     </span>
    </p>

    <p class='ocr_par' dir='ltr' id='par_1_16' title="bbox 112 2539 765 2705">
     <span class='ocr_line' id='line_1_37' title="bbox 168 2539 765 2593; baseline 0.002 -13"><span class='ocrx_word' id='word_1_175' title='bbox 168 2539 308 2580; x_wconf 85' lang='lat' dir='ltr'><strong>Versus</strong></span> <span class='ocrx_word' id='word_1_176' title='bbox 340 2541 459 2593; x_wconf 85' lang='lat' dir='ltr'>gratia</span> <span class='ocrx_word' id='word_1_177' title='bbox 484 2554 649 2592; x_wconf 81' lang='lat' dir='ltr'><strong>repone,</strong></span> <span class='ocrx_word' id='word_1_178' title='bbox 688 2540 765 2581; x_wconf 77' lang='lat' dir='ltr'><em>Scis</em></span> 
     </span>
     <span class='ocr_line' id='line_1_38' title="bbox 114 2594 765 2648; baseline 0 -12"><span class='ocrx_word' id='word_1_179' title='bbox 114 2611 189 2636; x_wconf 83' lang='lat' dir='ltr'><strong>eam</strong></span> <span class='ocrx_word' id='word_1_180' title='bbox 207 2601 318 2635; x_wconf 65' lang='lat' dir='ltr'><strong>ciuem</strong></span> <span class='ocrx_word' id='word_1_181' title='bbox 329 2597 412 2634; x_wconf 86' lang='lat' dir='ltr'><strong>hinc</strong></span> <span class='ocrx_word' id='word_1_182' title='bbox 430 2594 515 2647; x_wconf 71' lang='lat' dir='ltr'><strong>ff?</strong></span> <span class='ocrx_word' id='word_1_183' title='bbox 544 2601 672 2648; x_wconf 80' lang='lat' dir='ltr'><strong>Atque</strong></span> <span class='ocrx_word' id='word_1_184' title='bbox 683 2611 765 2648; x_wconf 79' lang='lat' dir='ltr'><strong>pro,</strong></span> 
     </span>
     <span class='ocr_line' id='line_1_39' title="bbox 112 2648 763 2705; baseline -0.003 -12"><span class='ocrx_word' id='word_1_185' title='bbox 112 2657 196 2703; x_wconf 81' lang='lat' dir='ltr'><strong>eius,</strong></span> <span class='ocrx_word' id='word_1_186' title='bbox 218 2649 341 2693; x_wconf 81' lang='lat' dir='ltr'><strong>sensus</strong></span> <span class='ocrx_word' id='word_1_187' title='bbox 361 2648 493 2704; x_wconf 84' lang='lat' dir='ltr'>poscit,</span> <span class='ocrx_word' id='word_1_188' title='bbox 511 2653 571 2702; x_wconf 85' lang='lat' dir='ltr'><strong>eii,</strong></span> <span class='ocrx_word' id='word_1_189' title='bbox 582 2653 670 2705; x_wconf 82' lang='lat' dir='ltr'><strong>quia</strong></span> <span class='ocrx_word' id='word_1_190' title='bbox 681 2657 763 2694; x_wconf 81' lang='lat' dir='ltr'>Par-</span> 
     </span>
    </p>
   </div>
   <div class='ocr_carea' id='block_1_13' title="bbox 1341 1107 1476 1155">
    <p class='ocr_par' dir='ltr' id='par_1_17' title="bbox 1341 1107 1476 1155">
     <span class='ocr_line' id='line_1_40' title="bbox 1341 1107 1476 1155; baseline -0.022 0"><span class='ocrx_word' id='word_1_191' title='bbox 1341 1107 1476 1155; x_wconf 85' lang='lat' dir='ltr'>Colli-</span> 
     </span>
    </p>
   </div>
   <div class='ocr_carea' id='block_1_14' title="bbox 812 1251 1476 2692">
    <p class='ocr_par' dir='ltr' id='par_1_18' title="bbox 817 1251 1476 1464">
     <span class='ocr_line' id='line_1_41' title="bbox 817 1251 1476 1307; baseline -0.009 -12"><span class='ocrx_word' id='word_1_192' title='bbox 817 1256 991 1303; x_wconf 83' lang='lat' dir='ltr'><strong>menoni,</strong></span> <span class='ocrx_word' id='word_1_193' title='bbox 1013 1255 1081 1307; x_wconf 86' lang='lat' dir='ltr'><strong>qui</strong></span> <span class='ocrx_word' id='word_1_194' title='bbox 1108 1267 1161 1293; x_wconf 86' lang='lat' dir='ltr'><strong>ne</strong></span> <span class='ocrx_word' id='word_1_195' title='bbox 1178 1251 1293 1305; x_wconf 83' lang='lat' dir='ltr'>ipsam</span> <span class='ocrx_word' id='word_1_196' title='bbox 1308 1252 1476 1304; x_wconf 82' lang='lat' dir='ltr'>puellam</span> 
     </span>
     <span class='ocr_line' id='line_1_42' title="bbox 820 1307 1473 1363; baseline -0.009 -12"><span class='ocrx_word' id='word_1_197' title='bbox 820 1313 992 1362; x_wconf 79' lang='lat' dir='ltr'><strong>quidem,</strong></span> <span class='ocrx_word' id='word_1_198' title='bbox 1013 1324 1112 1363; x_wconf 87' lang='lat' dir='ltr'><strong>quae</strong></span> <span class='ocrx_word' id='word_1_199' title='bbox 1132 1308 1236 1349; x_wconf 78' lang='lat' dir='ltr'><strong>esset.</strong></span> <span class='ocrx_word' id='word_1_200' title='bbox 1262 1307 1381 1353; x_wconf 79' lang='lat' dir='ltr'><strong>sciret,</strong></span> <span class='ocrx_word' id='word_1_201' title='bbox 1403 1307 1473 1346; x_wconf 87' lang='lat' dir='ltr'>fra-</span> 
     </span>
     <span class='ocr_line' id='line_1_43' title="bbox 819 1362 1473 1415; baseline -0.006 -10"><span class='ocrx_word' id='word_1_202' title='bbox 819 1380 878 1406; x_wconf 75' lang='lat' dir='ltr'><strong>ter</strong></span> <span class='ocrx_word' id='word_1_203' title='bbox 914 1369 995 1407; x_wconf 85' lang='lat' dir='ltr'><strong>eius</strong></span> <span class='ocrx_word' id='word_1_204' title='bbox 1031 1377 1147 1407; x_wconf 85' lang='lat' dir='ltr'>notus</span> <span class='ocrx_word' id='word_1_205' title='bbox 1185 1362 1263 1405; x_wconf 82' lang='lat' dir='ltr'><strong>effe</strong></span> <span class='ocrx_word' id='word_1_206' title='bbox 1293 1377 1376 1403; x_wconf 85' lang='lat' dir='ltr'><strong>non</strong></span> <span class='ocrx_word' id='word_1_207' title='bbox 1405 1376 1473 1415; x_wconf 90' lang='lat' dir='ltr'><strong>po-</strong></span> 
     </span>
     <span class='ocr_line' id='line_1_44' title="bbox 817 1423 998 1464; baseline -0.017 0"><span class='ocrx_word' id='word_1_208' title='bbox 817 1423 903 1464; x_wconf 85' lang='lat' dir='ltr'>tuit.</span> <span class='ocrx_word' id='word_1_209' title='bbox 959 1425 998 1462; x_wconf 90' lang='lat' dir='ltr'><strong>B.</strong></span> 
     </span>
    </p>

    <p class='ocr_par' dir='ltr' id='par_1_19' title="bbox 812 1473 1475 2078">
     <span class='ocr_line' id='line_1_45' title="bbox 875 1473 1474 1531; baseline -0.008 -13"><span class='ocrx_word' id='word_1_210' title='bbox 875 1491 924 1531; x_wconf 81' lang='lat'><strong>31</strong></span> <span class='ocrx_word' id='word_1_211' title='bbox 956 1473 1103 1528; x_wconf 83' lang='lat' dir='ltr'><strong>Nefiio]</strong></span> <span class='ocrx_word' id='word_1_212' title='bbox 1135 1475 1371 1515; x_wconf 81' lang='lat' dir='ltr'><strong>Perturbatus</strong></span> <span class='ocrx_word' id='word_1_213' title='bbox 1390 1476 1474 1515; x_wconf 85' lang='lat' dir='ltr'>Par·</span> 
     </span>
     <span class='ocr_line' id='line_1_46' title="bbox 819 1532 1473 1585; baseline -0.008 -12"><span class='ocrx_word' id='word_1_214' title='bbox 819 1547 938 1573; x_wconf 86' lang='lat' dir='ltr'><strong>meno</strong></span> <span class='ocrx_word' id='word_1_215' title='bbox 958 1546 1033 1573; x_wconf 88' lang='lat' dir='ltr'><strong>nec</strong></span> <span class='ocrx_word' id='word_1_216' title='bbox 1051 1545 1199 1585; x_wconf 80' lang='lat' dir='ltr'><strong>negare</strong></span> <span class='ocrx_word' id='word_1_217' title='bbox 1224 1532 1368 1582; x_wconf 85' lang='lat' dir='ltr'>potuit,</span> <span class='ocrx_word' id='word_1_218' title='bbox 1391 1542 1473 1582; x_wconf 15' lang='lat' dir='ltr'><strong>*nec</strong></span> 
     </span>
     <span class='ocr_line' id='line_1_47' title="bbox 818 1585 1473 1638; baseline -0.009 -9"><span class='ocrx_word' id='word_1_219' title='bbox 818 1589 1038 1629; x_wconf 79' lang='lat' dir='ltr'><strong>consentire</strong></span> <span class='ocrx_word' id='word_1_220' title='bbox 1055 1589 1186 1636; x_wconf 80' lang='lat' dir='ltr'>voluit,</span> <span class='ocrx_word' id='word_1_221' title='bbox 1212 1587 1274 1626; x_wconf 89' lang='lat' dir='ltr'><strong>sed</strong></span> <span class='ocrx_word' id='word_1_222' title='bbox 1295 1585 1473 1638; x_wconf 71' lang='lat' dir='ltr'><strong>quaiide-</strong></span> 
     </span>
     <span class='ocr_line' id='line_1_48' title="bbox 814 1635 1475 1693; baseline -0.012 -7"><span class='ocrx_word' id='word_1_223' title='bbox 814 1645 998 1686; x_wconf 82' lang='lat' dir='ltr'><strong>feufionis</strong></span> <span class='ocrx_word' id='word_1_224' title='bbox 1017 1647 1104 1684; x_wconf 90' lang='lat' dir='ltr'>loco</span> <span class='ocrx_word' id='word_1_225' title='bbox 1116 1635 1358 1693; x_wconf 55' lang='lat' dir='ltr'><strong>dixitsnesciO.</strong></span> <span class='ocrx_word' id='word_1_226' title='bbox 1406 1643 1475 1680; x_wconf 85' lang='lat' dir='ltr'><strong>At-</strong></span> 
     </span>
     <span class='ocr_line' id='line_1_49' title="bbox 817 1697 1473 1755; baseline -0.009 -14"><span class='ocrx_word' id='word_1_227' title='bbox 817 1705 880 1755; x_wconf 74' lang='lat' dir='ltr'><strong>qui</strong></span> <span class='ocrx_word' id='word_1_228' title='bbox 895 1701 950 1754; x_wconf 81' lang='lat' dir='ltr'><strong>stc</strong></span> <span class='ocrx_word' id='word_1_229' title='bbox 968 1705 1117 1742; x_wconf 82' lang='lat' dir='ltr'><strong>inuenta</strong></span> <span class='ocrx_word' id='word_1_230' title='bbox 1135 1700 1197 1752; x_wconf 89' lang='lat' dir='ltr'><strong>est]</strong></span> <span class='ocrx_word' id='word_1_231' title='bbox 1226 1699 1350 1739; x_wconf 87' lang='lat' dir='ltr'><strong>Facile</strong></span> <span class='ocrx_word' id='word_1_232' title='bbox 1370 1697 1423 1736; x_wconf 86' lang='lat' dir='ltr'><strong>est</strong></span> <span class='ocrx_word' id='word_1_233' title='bbox 1434 1709 1473 1736; x_wconf 89' lang='lat' dir='ltr'><strong>vt</strong></span> 
     </span>
     <span class='ocr_line' id='line_1_50' title="bbox 819 1755 1472 1808; baseline -0.009 -11"><span class='ocrx_word' id='word_1_234' title='bbox 819 1757 960 1803; x_wconf 87' lang='lat' dir='ltr'><strong>credat,</strong></span> <span class='ocrx_word' id='word_1_235' title='bbox 989 1756 1164 1808; x_wconf 84' lang='lat' dir='ltr'>qui-dicit</span> <span class='ocrx_word' id='word_1_236' title='bbox 1184 1755 1311 1805; x_wconf 68' lang='lat' dir='ltr'><strong>nescio.</strong></span> <span class='ocrx_word' id='word_1_237' title='bbox 1368 1756 1472 1806; x_wconf 85' lang='lat' dir='ltr'><strong>Ergo</strong></span> 
     </span>
     <span class='ocr_line' id='line_1_51' title="bbox 815 1806 1473 1867; baseline -0.011 -12"><span class='ocrx_word' id='word_1_238' title='bbox 815 1812 969 1867; x_wconf 85' lang='lat' dir='ltr'>Pythias</span> <span class='ocrx_word' id='word_1_239' title='bbox 988 1827 1071 1851; x_wconf 87' lang='lat' dir='ltr'><strong>non</strong></span> <span class='ocrx_word' id='word_1_240' title='bbox 1087 1811 1243 1856; x_wconf 85' lang='lat' dir='ltr'>laborat,</span> <span class='ocrx_word' id='word_1_241' title='bbox 1264 1821 1301 1848; x_wconf 91' lang='lat' dir='ltr'><strong>vt</strong></span> <span class='ocrx_word' id='word_1_242' title='bbox 1321 1806 1473 1848; x_wconf 79' lang='lat' dir='ltr'><strong>suadeat</strong></span> 
     </span>
     <span class='ocr_line' id='line_1_52' title="bbox 817 1866 1472 1920; baseline -0.011 -12"><span class='ocrx_word' id='word_1_243' title='bbox 817 1871 944 1908; x_wconf 74' lang='lat' dir='ltr'><strong>ciuem</strong></span> <span class='ocrx_word' id='word_1_244' title='bbox 970 1866 1059 1909; x_wconf 80' lang='lat' dir='ltr'><strong>efl&#39;e.</strong></span> <span class='ocrx_word' id='word_1_245' title='bbox 1116 1869 1230 1920; x_wconf 81' lang='lat' dir='ltr'><em>Atqui</em></span> <span class='ocrx_word' id='word_1_246' title='bbox 1247 1866 1301 1917; x_wconf 81' lang='lat' dir='ltr'><strong>stc</strong></span> <span class='ocrx_word' id='word_1_247' title='bbox 1318 1868 1472 1903; x_wconf 75' lang='lat' dir='ltr'><strong>inuenta</strong></span> 
     </span>
     <span class='ocr_line' id='line_1_53' title="bbox 815 1921 1472 1979; baseline -0.012 -14"><span class='ocrx_word' id='word_1_248' title='bbox 815 1925 876 1979; x_wconf 73' lang='lat' dir='ltr'><strong>cst]</strong></span> <span class='ocrx_word' id='word_1_249' title='bbox 906 1927 1099 1978; x_wconf 74' lang='lat' dir='ltr'>Magnum</span> <span class='ocrx_word' id='word_1_250' title='bbox 1115 1922 1315 1963; x_wconf 85' lang='lat' dir='ltr'><strong>horrorem</strong></span> <span class='ocrx_word' id='word_1_251' title='bbox 1335 1921 1472 1960; x_wconf 85' lang='lat' dir='ltr'>incutit</span> 
     </span>
     <span class='ocr_line' id='line_1_54' title="bbox 813 1974 1471 2025; baseline -0.009 -4"><span class='ocrx_word' id='word_1_252' title='bbox 813 1981 1012 2025; x_wconf 84' lang='lat' dir='ltr'><strong>audienti,</strong></span> <span class='ocrx_word' id='word_1_253' title='bbox 1040 1993 1121 2018; x_wconf 85' lang='lat' dir='ltr'><strong>non</strong></span> <span class='ocrx_word' id='word_1_254' title='bbox 1142 1975 1375 2023; x_wconf 84' lang='lat' dir='ltr'>accusando,</span> <span class='ocrx_word' id='word_1_255' title='bbox 1405 1974 1471 2016; x_wconf 83' lang='lat' dir='ltr'><strong>sed</strong></span> 
     </span>
     <span class='ocr_line' id='line_1_55' title="bbox 812 2035 1387 2078; baseline -0.01 0"><span class='ocrx_word' id='word_1_256' title='bbox 812 2035 1030 2078; x_wconf 76' lang='lat' dir='ltr'><strong>miserando</strong></span> <span class='ocrx_word' id='word_1_257' title='bbox 1051 2035 1280 2077; x_wconf 82' lang='lat' dir='ltr'><strong>Chaeream.</strong></span> <span class='ocrx_word' id='word_1_258' title='bbox 1336 2035 1387 2072; x_wconf 77' lang='lat'><strong>1).</strong></span> 
     </span>
    </p>

    <p class='ocr_par' dir='ltr' id='par_1_20' title="bbox 813 2086 1472 2370">
     <span class='ocr_line' id='line_1_56' title="bbox 878 2086 1469 2145; baseline -0.017 -11"><span class='ocrx_word' id='word_1_259' title='bbox 878 2104 930 2145; x_wconf 84' lang='lat'><strong>32</strong></span> <span class='ocrx_word' id='word_1_260' title='bbox 985 2094 1120 2132; x_wconf 83' lang='lat' dir='ltr'><strong>Frater</strong></span> <span class='ocrx_word' id='word_1_261' title='bbox 1174 2086 1469 2141; x_wconf 76' lang='lat' dir='ltr'><strong>violentiffimus]</strong></span> 
     </span>
     <span class='ocr_line' id='line_1_57' title="bbox 813 2144 1469 2197; baseline -0.011 -7"><span class='ocrx_word' id='word_1_262' title='bbox 813 2151 905 2190; x_wconf 84' lang='lat' dir='ltr'><strong>Hoc</strong></span> <span class='ocrx_word' id='word_1_263' title='bbox 921 2149 1126 2188; x_wconf 84' lang='lat' dir='ltr'><strong>inuentum</strong></span> <span class='ocrx_word' id='word_1_264' title='bbox 1145 2147 1210 2195; x_wconf 90' lang='lat' dir='ltr'><strong>est,</strong></span> <span class='ocrx_word' id='word_1_265' title='bbox 1234 2146 1338 2197; x_wconf 79' lang='lat' dir='ltr'>quod</span> <span class='ocrx_word' id='word_1_266' title='bbox 1362 2144 1469 2185; x_wconf 64' lang='lat' dir='ltr'><strong>daie-</strong></span> 
     </span>
     <span class='ocr_line' id='line_1_58' title="bbox 814 2203 1472 2260; baseline -0.003 -16"><span class='ocrx_word' id='word_1_267' title='bbox 814 2217 875 2245; x_wconf 90' lang='lat' dir='ltr'><strong>tur</strong></span> <span class='ocrx_word' id='word_1_268' title='bbox 885 2205 933 2260; x_wconf 71' lang='lat' dir='ltr'><strong>ad</strong></span> <span class='ocrx_word' id='word_1_269' title='bbox 944 2204 1206 2256; x_wconf 76' lang='lat' dir='ltr'><strong>nobilem(quo</strong></span> <span class='ocrx_word' id='word_1_270' title='bbox 1218 2203 1472 2242; x_wconf 67' lang='lat' dir='ltr'><strong>declararetur</strong></span> 
     </span>
     <span class='ocr_line' id='line_1_59' title="bbox 814 2253 1468 2310; baseline -0.006 -8"><span class='ocrx_word' id='word_1_271' title='bbox 814 2261 926 2302; x_wconf 83' lang='lat' dir='ltr'><strong>Adeo</strong></span> <span class='ocrx_word' id='word_1_272' title='bbox 953 2259 1139 2300; x_wconf 88' lang='lat' dir='ltr'><strong>nobilem.</strong></span> <span class='ocrx_word' id='word_1_273' title='bbox 1169 2259 1284 2300; x_wconf 82' lang='lat' dir='ltr'><strong>Vide.</strong></span> <span class='ocrx_word' id='word_1_274' title='bbox 1311 2253 1419 2310; x_wconf 79' lang='lat' dir='ltr'>supra</span> <span class='ocrx_word' id='word_1_275' title='bbox 1440 2270 1468 2308; x_wconf 87' lang='lat'><strong>1,</strong></span> 
     </span>
     <span class='ocr_line' id='line_1_60' title="bbox 815 2318 1105 2370; baseline -0.003 -13"><span class='ocrx_word' id='word_1_276' title='bbox 815 2330 851 2366; x_wconf 81' lang='lat'><strong>2,</strong></span> <span class='ocrx_word' id='word_1_277' title='bbox 880 2319 997 2370; x_wconf 84' lang='lat'><em>124).</em></span> <span class='ocrx_word' id='word_1_278' title='bbox 1056 2318 1105 2356; x_wconf 90' lang='lat' dir='ltr'><strong>D.</strong></span> 
     </span>
    </p>

    <p class='ocr_par' dir='ltr' id='par_1_21' title="bbox 813 2368 1467 2536">
     <span class='ocr_line' id='line_1_61' title="bbox 867 2368 1467 2421; baseline -0.005 -10"><span class='ocrx_word' id='word_1_279' title='bbox 867 2374 1017 2412; x_wconf 85' lang='lat' dir='ltr'><strong>Omnes</strong></span> <span class='ocrx_word' id='word_1_280' title='bbox 1038 2369 1147 2410; x_wconf 88' lang='lat' dir='ltr'>codd.</span> <span class='ocrx_word' id='word_1_281' title='bbox 1167 2381 1317 2421; x_wconf 77' lang='lat' dir='ltr'><strong>praeter</strong></span> <span class='ocrx_word' id='word_1_282' title='bbox 1335 2368 1467 2410; x_wconf 85' lang='lat' dir='ltr'><strong>Bemb.</strong></span> 
     </span>
     <span class='ocr_line' id='line_1_62' title="bbox 816 2424 1465 2480; baseline -0.003 -13"><span class='ocrx_word' id='word_1_283' title='bbox 816 2440 854 2468; x_wconf 87' lang='lat' dir='ltr'><strong>et</strong></span> <span class='ocrx_word' id='word_1_284' title='bbox 882 2441 999 2467; x_wconf 75' lang='lat' dir='ltr'>vnum</span> <span class='ocrx_word' id='word_1_285' title='bbox 1029 2440 1052 2466; x_wconf 85' lang='lat' dir='ltr'><strong>e</strong></span> <span class='ocrx_word' id='word_1_286' title='bbox 1072 2427 1220 2480; x_wconf 67' lang='lat' dir='ltr'><strong>Regiis,</strong></span> <span class='ocrx_word' id='word_1_287' title='bbox 1246 2426 1308 2465; x_wconf 73' lang='lat' dir='ltr'><strong>me</strong></span> <span class='ocrx_word' id='word_1_288' title='bbox 1336 2426 1399 2467; x_wconf 82' lang='lat' dir='ltr'><strong>vbi</strong></span> <span class='ocrx_word' id='word_1_289' title='bbox 1424 2424 1465 2465; x_wconf 87' lang='lat' dir='ltr'><strong>id</strong></span> 
     </span>
     <span class='ocr_line' id='line_1_63' title="bbox 813 2484 1068 2536; baseline -0.008 -12"><span class='ocrx_word' id='word_1_290' title='bbox 813 2484 973 2536; x_wconf 68' lang='lat' dir='ltr'><strong>rqs&#39;ciuit.</strong></span> <span class='ocrx_word' id='word_1_291' title='bbox 1026 2487 1068 2524; x_wconf 87' lang='lat' dir='ltr'><strong>B.</strong></span> 
     </span>
    </p>

    <p class='ocr_par' dir='ltr' id='par_1_22' title="bbox 814 2538 1471 2692">
     <span class='ocr_line' id='line_1_64' title="bbox 869 2538 1465 2593; baseline -0.007 -13"><span class='ocrx_word' id='word_1_292' title='bbox 869 2554 919 2593; x_wconf 84' lang='lat'><strong>33</strong></span> <span class='ocrx_word' id='word_1_293' title='bbox 960 2539 1158 2593; x_wconf 74' lang='lat' dir='ltr'><strong>Colligauit</strong></span> <span class='ocrx_word' id='word_1_294' title='bbox 1183 2538 1341 2589; x_wconf 70' lang='lat' dir='ltr'><strong>primum</strong></span> <span class='ocrx_word' id='word_1_295' title='bbox 1368 2539 1465 2593; x_wconf 80' lang='lat' dir='ltr'><strong>eum]</strong></span> 
     </span>
     <span class='ocr_line' id='line_1_65' title="bbox 814 2593 1468 2644; baseline -0.005 -8"><span class='ocrx_word' id='word_1_296' title='bbox 814 2598 914 2639; x_wconf 81' lang='lat' dir='ltr'><strong>Mira</strong></span> <span class='ocrx_word' id='word_1_297' title='bbox 941 2595 1110 2643; x_wconf 81' lang='lat' dir='ltr'><strong>tarditas,</strong></span> <span class='ocrx_word' id='word_1_298' title='bbox 1142 2594 1189 2632; x_wconf 85' lang='lat' dir='ltr'><strong>ad</strong></span> <span class='ocrx_word' id='word_1_299' title='bbox 1209 2593 1468 2644; x_wconf 68' lang='lat' dir='ltr'><strong>torquendum</strong></span> 
     </span>
     <span class='ocr_line' id='line_1_66' title="bbox 815 2649 1471 2692; baseline -0.006 0"><span class='ocrx_word' id='word_1_300' title='bbox 815 2649 1254 2692; x_wconf 65' lang='lat' dir='ltr'><strong>Pa1·inenone111:·fimul</strong></span> <span class='ocrx_word' id='word_1_301' title='bbox 1278 2650 1390 2689; x_wconf 68' lang='lat' dir='ltr'><strong>eriam</strong></span> <span class='ocrx_word' id='word_1_302' title='bbox 1414 2664 1471 2688; x_wconf 84' lang='lat' dir='ltr'><strong>re-</strong></span> 
     </span>
    </p>
   </div>
   <div class='ocr_carea' id='block_1_15' title="bbox 927 2700 1053 2760">
    <p class='ocr_par' dir='ltr' id='par_1_23' title="bbox 927 2700 1053 2760">
     <span class='ocr_line' id='line_1_67' title="bbox 927 2700 1053 2760; baseline -0.008 -13"><span class='ocrx_word' id='word_1_303' title='bbox 927 2700 999 2747; x_wconf 75' lang='lat' dir='ltr'><strong>H&#39;h</strong></span> <span class='ocrx_word' id='word_1_304' title='bbox 1032 2719 1053 2760; x_wconf 86' lang='lat'><em>3</em></span> 
     </span>
    </p>
   </div>
   <div class='ocr_carea' id='block_1_16' title="bbox 1365 2705 1473 2745">
    <p class='ocr_par' dir='ltr' id='par_1_24' title="bbox 1365 2705 1473 2745">
     <span class='ocr_line' id='line_1_68' title="bbox 1365 2705 1473 2745; baseline 0.028 -3"><span class='ocrx_word' id='word_1_305' title='bbox 1365 2705 1473 2745; x_wconf 63' lang='lat' dir='ltr'><strong>mus</strong></span> 
     </span>
    </p>
   </div>
  </div>
 </body>
</html>
