1815 3168
362 138 475 168 Lxxx
791 121 878 165 DE
914 120 1281 166 THEATRO.

362 243 481 284 etiam
500 241 543 282 in
561 240 841 295 hemicyclum:
868 253 985 292 atque
1001 241 1054 279 ita
1063 237 1369 290 exaedificatum,
1388 251 1427 281 vt
1447 241 1620 294 porticus
1639 240 1726 281 effi-

363 311 471 340 ceret
487 314 494 338 :
516 298 780 349 vndecunque
792 309 987 348 patenteS,
1000 308 1038 336 et
1050 297 1239 336 columnis
1249 297 1341 337 hinc
1352 309 1391 337 et
1405 298 1497 337 inde
1510 298 1726 338 ornatiores

363 356 489 403 saclas,
509 355 548 395 in
561 367 654 407 quas
666 354 832 405 populus
845 350 882 390 se
893 354 1101 404 reciperet,
1115 351 1142 391 {i
1154 353 1309 403 quando
1322 365 1482 406 propter
1493 353 1652 399 imbres,
1663 365 1730 394 aut

365 414 466 452 coeli
476 409 742 462 tempestatem
755 411 881 447 minus
893 408 1152 456 commodam,
1163 409 1245 448 ludi
1255 410 1610 462 interpellarentur.
1633 414 1726 450 Eam

366 468 507 508 theatri
521 477 682 518 partem.
725 465 1016 504 Praecinctiones
1034 465 1192 504 videtur
1212 467 1636 516 appellareVitruuius·
1659 467 1731 505 Pli-

367 526 470 571 nius,
491 524 675 563 Parietem
694 521 970 560 circumiectum.
1009 520 1089 561 Sed
1109 517 1317 560 inferiores
1329 521 1595 561 etimitheatri
1609 523 1733 574 porti-

369 593 437 621 cus
462 580 634 631 duplices
655 587 765 616 eraut
775 606 785 624 ‚
819 588 883 615 me
912 577 1054 627 diaque
1074 573 1190 628 spatia
1217 572 1284 615 sub
1307 577 1399 616 diuo
1423 580 1523 617 inter
1541 579 1728 629 porticus,

371 636 557 677 viridibus
593 633 906 679 adornabantur,
942 632 1047 683 quod
1075 631 1222 684 (inquit
1247 633 1468 683 Vitruuius)
1494 634 1734 687 Hypaethrae

373 691 639 732 ambulationes
652 689 846 728 haberent
857 700 1037 740 magnam
1052 684 1321 728 salubritatem.
1359 689 1627 742 Replebantur
1641 704 1735 742 quo-

373 761 465 799 que.
479 747 634 786 auctore
646 746 785 790 Plinio,
807 745 904 783 flore
913 745 1014 784 croci
1029 740 1229 798 syluestris,
1249 756 1409 797 propter
1420 747 1618 786 oculorum
1630 746 1736 785 oble-

375 805 599 847 ctationem,
613 813 652 839 vt
664 812 770 853 pute,
779 801 902 853 magis
914 813 1028 853 quam
1041 800 1087 840 ad
1099 800 1260 840 odorem
1272 802 1570 841 conciliandum.
1621 803 1735 853 Quin

375 863 492 900 etiam
513 872 563 898 ne
581 856 665 897 solis
679 856 794 896 ardor
812 868 880 896 aut
890 857 1005 895 etiam
1024 854 1246 909 conspeSmS
1263 858 1452 909 populum
1463 857 1510 896 ab
1527 858 1654 898 officio
1667 858 1736 897 de-

377 916 569 956 turbaret:
594 924 711 964 vtque
725 910 939 952 salubribus
955 911 1190 964 spe&atores
1211 911 1480 964 conspicerent
1497 915 1606 966 (nam
1617 913 1738 967 porti-

375 985 445 1013 cus
468 980 628 1024 propter
646 969 790 1009 imbres
809 979 956 1008 tantum
975 968 1200 1008 aedificatae
1218 968 1400 1022 fuerunt)
1420 972 1637 1023 excogitata
1654 968 1739 1009 sunt

381 1028 466 1069 Vela
478 1039 559 1067 toto
577 1026 752 1071 Theatra,
764 1035 881 1078 atque
894 1026 993 1065 adeo
1006 1025 1074 1077 ipsi
1088 1025 1230 1065 theatri
1242 1038 1384 1065 caueae
1394 1023 1624 1079 supertensa,
1637 1039 1738 1077 quae

376 1082 652 1138 spectatoribus
665 1084 839 1122 vmbram
849 1081 1046 1121 facerent:
1065 1082 1170 1134 quod
1181 1083 1324 1134 primus
1339 1085 1516 1122 omniurn
1526 1083 1676 1121 inuenit
1688 1084 1739 1134 Q.

377 1144 549 1186 Catulus,
568 1152 653 1178 cum
662 1138 904 1190 Capitolium
924 1138 1135 1177 dedicaret.
1175 1137 1380 1179 Cat-balina
1397 1138 1541 1178 deinde
1560 1140 1646 1179 vela
1664 1140 1740 1190 pri-

377 1210 465 1240 mus
479 1198 519 1235 in
530 1195 705 1235 Theatro
717 1193 863 1233 duxisse
874 1195 1034 1233 traditur
1042 1195 1228 1234 Lentulus
1239 1195 1436 1246 Spinther,
1448 1195 1739 1245 Apollinaribus

377 1255 501 1295 ludis:
521 1265 612 1291 mox
624 1253 694 1302 (ait
707 1250 873 1302 Plinius)
886 1249 1027 1291 Caesar
1044 1251 1229 1298 Dictator,
1248 1261 1371 1289 totum
1383 1249 1510 1290 forum
1524 1252 1740 1289 Romanum

378 1311 537 1350 intexit.
569 1312 675 1349 Nero
689 1304 825 1346 Caesar
837 1308 943 1352 velis,
957 1305 1185 1345 rudentibus
1198 1305 1433 1358 superstratis
1445 1315 1487 1345 et
1497 1307 1629 1345 colore
1641 1306 1741 1344 coeli

377 1366 520 1406 stellati
532 1361 856 1416 amphitheatrum
867 1364 1051 1408 contexit,
1069 1373 1108 1400 vt
1117 1358 1236 1401 solem
1249 1361 1520 1400 defenderent.
1568 1356 1649 1400 lina
1661 1361 1744 1400 the·

380 1422 452 1461 atri
467 1419 576 1460 sedes
588 1421 648 1458 vel
662 1421 791 1469 potius
802 1417 842 1455 id
855 1415 1016 1468 spatium
1028 1416 1133 1468 quod
1144 1417 1191 1456 ab
1205 1418 1279 1455 ima
1291 1414 1380 1456 sede
1392 1416 1529 1456 theatri
1541 1416 1744 1456 interiace-

379 1478 446 1517 bat
456 1476 616 1529 pulpito,
633 1472 822 1524 Orchestra
836 1473 1047 1521 dicebatur,
1059 1473 1162 1525 quasi
1176 1472 1405 1520 saltatorum,
1433 1472 1540 1525 quod
1551 1472 1741 1525 illicapud

382 1535 554 1573 Graecos
575 1542 615 1570 et
629 1530 730 1583 apud
742 1531 896 1570 Latinos
908 1530 1161 1582 antiquiores,
1182 1527 1359 1569 saltantes
1380 1529 1583 1569 histriones
1594 1530 1743 1581 populo

383 1589 687 1630 oble&ationern
705 1584 904 1631 afferrent,
924 1587 1074 1626 interea
1094 1585 1185 1624 dum
1197 1586 1300 1625 aeus
1319 1596 1659 1625 commutarentur.
1698 1588 1743 1625 In

382 1659 469 1686 eam
481 1645 594 1684 etiam
608 1642 842 1695 Thymelici,
866 1641 1013 1687 hocest,
1032 1640 1274 1688 Citharistae‚
1287 1641 1529 1688 Citharoedi,
1540 1640 1746 1680 Tibicines

381 1701 465 1742 suas
477 1699 718 1752 praestabant
727 1699 897 1737 artiones
916 1696 999 1750 ipfis
1011 1698 1182 1746 Graecis,
1207 1708 1325 1749 atque
1339 1697 1376 1736 id
1390 1695 1551 1749 spatium
1571 1710 1744 1750 compre-

381 1757 583 1798 hendebat
594 1754 695 1808 apud
707 1754 900 1804 auritium,
920 1754 1023 1806 quod
1036 1766 1107 1793 ceu
1119 1764 1298 1793 centrum
1309 1754 1447 1793 theatri
1462 1753 1508 1792 ab
1528 1754 1606 1792 imo
1621 1753 1746 1806 gradu

383 1816 431 1853 ad
443 1814 637 1866 pulpitum
657 1808 774 1863 vsque
793 1808 927 1849 scenae
938 1823 1101 1849 vacuum
1114 1810 1425 1862 relinquebatur.
1452 1812 1495 1848 In
1506 1808 1747 1849 theatrorum

383 1869 603 1909 Orchestris
617 1867 764 1918 (inquit
776 1867 942 1919 Plinius)
954 1864 1064 1905 scobe
1075 1875 1140 1904 aut
1151 1879 1268 1906 arena
1279 1863 1486 1918 superiefila
1497 1878 1572 1904 vox
1583 1864 1747 1906 deuora-

382 1937 456 1974 tur‚
469 1926 557 1966 etin
572 1922 860 1975 rudiparieturn
881 1922 1153 1961 circumieffiu:
1174 1933 1413 1973 quapropter
1431 1919 1608 1961 existimo
1621 1921 1748 1974 probe

383 1982 638 2022 emundatum
649 1975 768 2027 fuiffe,
787 1977 978 2030 liquando
990 1979 1166 2030 pugilum
1184 1979 1284 2017 ludis
1295 1991 1414 2017 arena
1433 1974 1628 2029 conspersa
1639 1977 1750 2016 vide-

382 2050 504 2078 retur.
525 2035 739 2076 Nouissirne
751 2049 794 2074 au
801 2046 878 2073 tem
892 2034 995 2085 apud
1005 2037 1196 2075 Romanos
1208 2033 1411 2075 Orchestra
1424 2035 1676 2073 Senatoribus
1687 2033 1745 2072 di-

384 2106 466 2135 cata
487 2093 573 2140 fuit,
594 2093 632 2130 in
645 2106 720 2144 qua
731 2089 1121 2130 honorificentiorum
1134 2102 1244 2129 erant
1262 2092 1345 2130 loca
1355 2089 1562 2143 designata,
1583 2100 1747 2141 propter

383 2149 719 2190 commoditatem:
739 2159 780 2187 vt
793 2147 899 2192 inde,
910 2161 989 2186 nou
1002 2145 1122 2187 solum
1136 2145 1252 2185 verba
1263 2159 1305 2186 et
1316 2145 1457 2199 gestus,
1474 2144 1539 2185 sed
1552 2147 1665 2184 etiam
1678 2158 1747 2198 pe·
1779 2193 1782 2199 ,

384 2207 478 2246 dum
498 2207 704 2251 motiones,
725 2215 766 2243 et
778 2203 1011 2243 velminima
1026 2215 1207 2255 quaeque
1225 2201 1513 2255 conspicerent:
1543 2202 1747 2254 proximus

384 2264 493 2302 enim
513 2262 574 2300 hic
585 2260 727 2314 gradus
748 2270 830 2299 erat
848 2260 1000 2311 pulpito
1013 2257 1161 2306 scenae,
1187 2259 1237 2298 de
1250 2260 1356 2299 cuius
1368 2257 1645 2308 compositione
1656 2270 1748 2298 mox

382 2318 595 2359 dicendum
618 2316 704 2369 eth]
793 2316 944 2368 Poſsm,
960 2329 995 2355 et
1008 2314 1234 2365 Construc‘iio
1245 2315 1377 2354 Scenae
1387 2318 1426 2353 in
1442 2314 1616 2353 Theatra.

438 2379 545 2415 Ante
556 2372 785 2418 Theatrum,
799 2384 870 2410 ceu
882 2372 989 2411 frons
1001 2372 1191 2424 quaedam
1204 2373 1213 2410 i
1219 2371 1327 2423 pfiuS,
1340 2369 1447 2411 scena
1459 2368 1634 2422 opposita
1652 2368 1738 2418 fuit,

381 2444 452 2482 pro
465 2443 506 2470 re
517 2439 604 2468 nata
617 2439 657 2468 et
668 2428 822 2480 agenda
836 2429 1050 2468 Comoedia
1061 2439 1126 2467 aut
1135 2426 1357 2480 Tragoedia
1368 2425 1570 2466 exstructa:
1592 2438 1668 2466 vno
1679 2436 1745 2465 aut

381 2488 504 2527 altero
518 2495 667 2524 tantum
679 2484 743 2522 die
753 2481 831 2523 vsui
843 2484 990 2523 futura:
1011 2483 1078 2523 nifi
1089 2480 1241 2523 foi-tass'e
1253 2485 1404 2534 ligneus
1415 2493 1616 2534 apparatus
1628 2482 1668 2520 in
1679 2482 1745 2520 ali-

408 2555 479 2582 uot
491 2543 572 2581 dies
584 2539 837 2591 proferretur.
880 2543 979 2579 Nam
993 2541 1043 2579 de
1061 2538 1180 2578 scenis
1202 2537 1409 2585 sumtuofis,
1430 2549 1470 2577 et
1489 2549 1642 2589 praeter
1652 2550 1744 2577 con·

378 2558 625 2640 Puetndinem
637 2595 746 2647 supra
756 2596 917 2635 modum
931 2595 1209 2635 luxuriantibus
1221 2594 1283 2634 hic
1295 2609 1373 2634 non
1386 2596 1654 2646 intelligimus.
1694 2596 1741 2632 In

378 2655 484 2697 hunc
503 2665 634 2694 autem
648 2652 806 2692 modum
817 2651 992 2704 disposita
1002 2665 1097 2701 erat,
1123 2664 1311 2705 quantum
1324 2664 1402 2704 ego
1422 2651 1642 2692 coniectura
1652 2647 1744 2688 affe-

1145 2727 1147 2730 ·
1441 2743 1453 2745 -
1472 2734 1517 2741 .-f
1675 2718 1743 2759 qur
