1815 3168
246 150 340 185 xii
688 133 1154 186 PRAEFATIO.

246 280 296 316 ct
336 264 445 316 inde
486 265 740 333 colligere,
787 264 904 330 quid
940 263 1022 315 fibi
1052 262 1235 314 Audlor
1265 262 1420 315 vellet.
1501 263 1617 316 Satis
1639 302 1645 315 „

245 342 308 391 de
342 340 577 392 Bentleio.
656 342 928 392 Dicendum
964 340 1057 401 est,
1104 338 1221 405 quid
1263 339 1488 390 acciderit
1518 343 1617 391 Do-

245 427 375 481 nat0,
411 416 494 482 qui
517 415 647 479 sane,
683 417 750 466 ob
774 416 1102 482 antiquitatem
1124 429 1171 464 et
1191 413 1483 477 dedititiam,
1521 415 1617 482 pri-

246 509 381 542 mum
415 506 548 542 tenet
583 493 706 541 inter
739 491 1015 542 Scholiastas
1047 489 1226 540 locum.
1306 492 1490 541 Verum
1513 489 1618 540 sane

249 567 517 619 dolendum
557 568 647 627 est,
681 568 779 618 eius
811 566 1010 627 scholia,
1047 564 1202 632 qualia
1236 565 1433 632 quidem
1466 566 1618 617 hodie

246 657 436 705 extant,
469 643 684 710 inprimis
716 643 893 710 duplici
926 642 1137 693 laborare
1172 641 1315 704 vitio,
1356 640 1618 708 interpola-

246 719 395 768 tionis
429 733 478 767 et
511 717 854 785 corruptionis.
936 717 1010 767 llla
1042 718 1172 767 enim
1207 715 1299 767 ess'e
1337 715 1619 784 interpolata

245 792 509 844 acceffione
529 793 878 844 nonnullorum
899 792 1100 843 aliorum
1123 791 1439 853 scholiorum,
1476 790 1619 859 quod

245 870 396 921 fatum
421 886 626 936 quoque
647 870 694 918 in
717 869 1085 935 Aristophanem
1119 866 1308 918 scholiis
1332 866 1518 927 euenit,
1559 867 1620 917 ita

246 945 433 995 clarum
466 945 557 1006 est,
594 959 642 994 vt
674 960 778 995 non
813 944 891 994 nili
923 945 1015 994 leui
1049 942 1341 1011 inspectione
1375 940 1429 992 fit
1471 958 1618 1010 opus·

246 1021 363 1070 Hoc
383 1019 544 1070 vitium
569 1034 726 1070 autem
749 1036 862 1070 cum
885 1020 987 1070 tolli
1010 1018 1107 1069 fine
1136 1018 1312 1069 summa
1340 1018 1621 1080 temeritate,

246 1111 328 1146 aut
359 1097 486 1145 inani
521 1093 842 1163 disputatione
878 1113 982 1146 non
1015 1094 1150 1162 posse
1175 1094 1438 1156 videretur,
1475 1112 1499 1143 a
1528 1109 1622 1142 no-

247 1171 319 1221 bis
350 1168 578 1220 intactum
610 1171 822 1221 relictum
856 1171 947 1233 est,
983 1187 1076 1220 nec
1105 1170 1346 1227 attulimus
1380 1169 1621 1218 notatiun-

247 1246 378 1296 culas
422 1246 756 1313 superuacan
801 1263 918 1312 quas
959 1246 1333 1296 Westerhouius
1380 1243 1622 1295 interdum

248 1321 476 1371 adiunxit.
553 1323 739 1371 Verum
781 1323 980 1371 alterum
1023 1320 1227 1379 vitium,
1287 1336 1524 1387 quantum
1567 1318 1623 1368 in
1696 1385 1699 1387 ‚

247 1398 391 1446 nobis
426 1395 539 1456 suit,
588 1395 806 1462 inprimis
840 1397 948 1464 post
978 1394 1151 1445 Afilum
1187 1396 1395 1463 primum
1424 1391 1624 1445 Fabulae

245 1471 450 1539 primae,
496 1471 761 1536 (quoniam
805 1473 861 1521 ab
893 1469 1034 1521 initio
1066 1469 1165 1521 hoc
1197 1469 1441 1521 consilium
1483 1468 1624 1519 nobis

248 1546 471 1597 nondum
497 1559 598 1595 erat
614 1550 842 1613 captum)
882 1545 1060 1597 tollere
1087 1544 1248 1597 sumus
1283 1545 1459 1595 conati.
1535 1544 1623 1610 lgi-

251 1639 331 1673 tur
351 1622 564 1689 primum
586 1619 823 1671 interserui
848 1636 897 1671 et
919 1621 1052 1688 figno
1097 1629 1117 1687 (
1195 1623 1218 1681 >
1266 1639 1290 1671 a
1312 1635 1446 1671 textu
1471 1619 1625 1669 Scho-

248 1698 397 1749 liastae
424 1696 611 1746 distinxi
646 1695 945 1747 coniecturas
980 1713 1030 1747 et
1059 1695 1314 1758 leeliones‚
1354 1711 1468 1762 quas
1500 1697 1626 1744 We-

249 1772 521 1823 sterhouius
557 1771 637 1822 vel
657 1771 805 1822 debet
837 1772 957 1824 Abr.
980 1771 1249 1839 Wielingio
1271 1771 1398 1822 Viro
1420 1767 1624 1822 Consul-

249 1846 454 1910 tiffimo,
494 1847 565 1896 vel
588 1846 682 1914 ipse
703 1847 895 1914 collegit
916 1864 1020 1898 non
1033 1847 1187 1898 modo
1213 1865 1273 1897 ex
1296 1845 1470 1898 codice
1496 1848 1623 1895 Sam.

248 1922 404 1977 Hulfii
442 1923 661 1989 Haganae
705 1923 925 1974 Ciuitatis
962 1922 1068 1973 Viri
1103 1921 1405 1983 Consularis,
1450 1920 1625 1972 codice

249 1997 452 2050 Theod.
482 1997 888 2049 Boendermakeri
919 1998 1161 2051 Canonici
1195 2000 1240 2048 S.
1270 1997 1465 2050 Martini
1499 1994 1626 2063 apud

251 2072 620 2136 Vltraiecffinoffi
659 2088 709 2124 et
738 2074 911 2125 codice
939 2073 1070 2125 edito
1094 2073 1362 2125 Cardinalis
1385 2075 1465 2124 Du
1489 2070 1626 2131 Bois,

251 2149 576 2216 (posteriores
605 2165 697 2200 nos
730 2149 1017 2219 compendii
1048 2149 1176 2200 causa
1219 2148 1469 2199 interdum
1506 2146 1626 2197 dixi·

250 2241 363 2275 mus
384 2225 558 2276 Librum
571 2222 811 2297 virumque)
824 2263 839 2289 ,
875 2224 956 2275 sed
979 2225 1117 2276 etiam
1135 2242 1195 2276 ex
1217 2224 1516 2276 Editionibus
1549 2224 1626 2271 an'-

251 2298 518 2366 tiquiffimis
550 2302 766 2351 Venetis.
841 2300 1034 2352 Deinde
1054 2318 1148 2368 ego
1173 2299 1269 2369 ipse
1298 2298 1421 2350 locis
1457 2313 1626 2348 corru-

251 2376 377 2445 ptiS‚
416 2392 442 2425 a
488 2375 838 2427 Westerhouio
883 2375 1137 2443 neglezfi'tis²
1177 2392 1372 2426 manum
1415 2371 1626 2431 admoui,

254 2467 409 2517 eaque
438 2448 513 2501 vel
543 2452 782 2518 corrigere
812 2453 882 2502 vel
917 2450 1134 2520 supplere
1164 2450 1266 2502 sum
1301 2463 1523 2502 conatus;
1559 2462 1626 2497 at-

253 2543 352 2593 que
387 2542 449 2577 ne
479 2542 584 2577 mea
617 2526 889 2578 coniefiura
916 2527 1010 2579 aliis
1038 2527 1171 2578 forte
1205 2525 1371 2577 inuitis
1399 2522 1626 2576 obtrude-

243 2616 413 2666 -retur,
463 2617 571 2653 eam
606 2601 757 2654 addita
800 2602 954 2656 littera
985 2604 1029 2655 Z
1063 2603 1242 2655 notaui.
1319 2601 1431 2655 Post
1463 2601 1628 2650 Dona-

1523 2690 1627 2724 tum
