1815 3168
388 186 662 230 VICTOR
695 185 789 228 DE
825 186 1219 234 COMOEDIA.
1392 208 1483 238 mx

131 301 366 348 fei-uescente
384 316 492 343 mero
513 301 690 355 supinum
711 303 934 350 dormitare,
959 304 1137 356 facieque
1163 320 1255 357 prae
1275 309 1397 348 nimio
1415 323 1482 360 po-

130 373 168 402 tu
188 359 437 407 scintillante,
468 358 663 398 rhonchos
685 359 732 398 ab
752 360 832 398 imo
854 363 1010 410 pedore
1030 362 1184 400 stertere
1202 363 1476 408 deducentem.

129 413 328 465 Vtriusque
349 429 438 454 vero
460 414 568 454 sexus
589 415 787 459 homines,
817 416 853 454 icl
874 417 976 466 quod
997 415 1077 467 ipse
1108 417 1315 463 desiderat,
1346 434 1480 474 grega.

125 474 191 512 tim
212 471 370 510 vestibus
393 473 634 523 permutatis,
666 469 873 522 plausuque
890 474 1095 520 concinno,
1116 486 1191 523 quo
1209 475 1377 515 maxime
1397 476 1481 528 pos.

124 525 207 568 sunt
224 528 344 580 genio
366 528 585 580 indulgere.
641 528 759 577 Quod
780 526 902 577 ipsum
922 528 962 566 in
985 528 1052 567 hac
1073 528 1163 567 vrbe
1181 527 1329 581 saepius
1341 533 1478 584 vidisti,

123 597 241 635 quum
262 584 459 622 mimariae
479 586 538 634 (vt
564 584 690 634 aiunt)
711 580 926 622 saltationes
938 583 1123 637 hybernis
1142 586 1317 624 noffibus
1338 587 1480 628 debac-

122 638 292 686 chantur,
312 652 412 690 quae
432 639 524 699 tgste
543 639 695 678 Polluce
713 637 873 685 κόρδακες
895 641 1080 690 appellari
1100 638 1344 681 consuerunt.
1387 646 1478 686 Noli

56 692 59 696 ’
119 696 234 748 igitur
255 707 322 733 eos
349 692 501 742 audiisti,
529 696 595 746 qui
625 692 822 734 comefl'ari
857 695 998 734 dietum
1020 707 1162 747 putant
1191 696 1239 736 ab
1258 695 1345 745 esu,
1381 713 1477 751 quo.

119 752 224 792 niam
252 747 272 788 s
296 750 455 802 {implici
483 747 692 790 necessario
709 748 954 798 scriberetur,
988 764 1060 790 nec
1088 749 1193 791 secus
1214 753 1353 793 eruditi
1371 767 1477 796 vete-

116 820 200 846 rum
221 806 373 845 codices
394 806 594 846 haberent.
614 828 616 831 ·
651 809 748 847 Nam
768 809 960 847 Graecum
989 806 1082 846 illud
1107 813 1264 856 κωμάζω,
1294 813 1477 861 quemad·

116 861 276 902 modum
305 877 328 900 z
359 864 506 902 litterae
533 873 670 901 natura
700 862 907 907 desiderat,
937 862 1081 914 duplici
1107 862 1145 902 fl'
1161 867 1296 905 Latine
1314 868 1475 917 quidem

114 929 338 968 annotatur,
367 919 470 957 sicuti
499 922 698 967 φιλιππίζω,
730 917 954 970 philippiffo
982 919 1047 959 est.
1106 922 1163 959 Ita
1194 926 1341 968 κωμῳδία
1372 924 1475 975 quasi

114 975 331 1022 κωμαζῳδῖκ,
365 975 542 1014 videlicet
562 972 848 1015 eomefl'antium
870 976 1072 1015 bominum
1094 978 1298 1016 cantilena.
1357 981 1474 1029 Quae

110 1032 346 1075 Graecorum
367 1041 406 1069 et
425 1032 567 1071 Donati
587 1029 777 1071 sententia
794 1032 960 1070 maxime
980 1033 1128 1083 placet3
1160 1046 1279 1083 quum
1304 1034 1474 1086 praeser-

112 1088 179 1125 tim
201 1085 427 1125 doffiffimus
449 1085 612 1138 quisque
632 1086 798 1127 fateatur
815 1088 856 1125 in
875 1086 1113 1139 Dionyliacis
1129 1087 1471 1132 comessationibus

112 1143 152 1181 id
172 1155 293 1195 genus
312 1144 501 1194 poematis
523 1157 544 1182 a
570 1143 760 1183 veteribus
787 1141 900 1182 fuiffe
931 1142 1182 1184 celebratum.
1240 1147 1271 1186 Ii
1290 1160 1378 1186 vero
1396 1150 1470 1188 mi-

111 1196 152 1237 hi
173 1195 278 1236 nullo
299 1199 408 1250 paSto
431 1199 596 1238 blandiri
613 1196 790 1251 possunt,
819 1201 887 1251 qui
907 1213 1053 1242 nomen
1076 1200 1149 1239 hoc
1177 1201 1247 1240 ἁπδ
1264 1206 1331 1241 τῶν
1350 1207 1469 1249 κωμῶν

112 1254 290 1293 deriuare
308 1255 563 1305 contendunt,
594 1256 780 1307 quoniam
798 1254 1060 1296 Athenienses
1078 1257 1200 1308 (apud
1220 1272 1317 1309 quos
1337 1272 1468 1302 natam

110 1308 225 1357 fere,
250 1321 289 1349 et
316 1312 460 1350 auitam
488 1308 566 1350 effe
593 1311 848 1352 Comoediam
874 1325 992 1351 nemo
1021 1312 1198 1366 ambigit)
1226 1314 1329 1359 δήμες
1359 1331 1470 1357 voca-

112 1376 218 1414 runt,
249 1379 348 1416 quae
373 1366 418 1404 ab
439 1367 518 1405 aliis
545 1369 653 1413 κῶμᾳι
687 1365 843 1406 fuiffent
860 1369 1087 1418 appellatae.
1143 1371 1352 1411 Enimuero
1371 1374 1468 1415 illud

113 1435 229 1459 vnum
252 1421 345 1459 mihi
366 1423 565 1474 negotium
592 1421 700 1470 facit,
727 1436 780 1461 ne
808 1421 948 1462 scilicet
966 1426 1133 1465 Comum
1162 1425 1233 1464 ἀπὸ
1261 1431 1329 1466 τῶν
1356 1433 1468 1474 κωμῶν

111 1478 272 1516 Graecia
293 1477 449 1516 dixerit:
485 1478 811 1529 quemadmodum
840 1481 998 1519 Romani
1021 1482 1281 1520 Fornacaliam
1310 1481 1467 1525 seruatis

111 1532 158 1570 ab
181 1532 361 1572 incendio
380 1534 534 1572 coluere
550 1532 791 1573 fornacibus:
818 1545 856 1573 et
877 1534 1079 1588 Robigum,
1114 1535 1192 1575 fine
1213 1538 1464 1592 Rubiginetn,

109 1600 223 1639 atque
241 1589 334 1628 alios
352 1590 586 1640 complures,
615 1604 635 1628 a
656 1589 795 1642 quibus
822 1587 1038 1642 praeeffent
1069 1590 1184 1631 rebus
1202 1597 1464 1645 appellauere.

109 1649 314 1694 Vtcunque
335 1655 463 1686 tamen
481 1642 559 1684 sese
579 1658 638 1684 res
656 1645 817 1694 habeat,
846 1654 915 1692 περὶ
934 1645 976 1684 τδ
999 1652 1161 1695 κωμάζειν
1179 1651 1365 1700 appellari
1387 1656 1465 1694 Co-

107 1698 299 1739 moediam
317 1698 485 1741 affirmo:
514 1701 697 1751 quoniam
719 1700 783 1740 etsi
809 1702 889 1746 περὶ
915 1700 976 1745 τὲς
1001 1699 1114 1746 κώμας
1143 1703 1289 1744 dicatur
1307 1713 1322 1744 ὁ
1343 1711 1463 1759 κῶμος,

105 1767 233 1794 tamen
261 1756 307 1794 ab
329 1768 377 1794 eo
394 1754 436 1792 ro*
453 1759 634 1804 κωμάζεῑν,
666 1757 769 1796 vnde
787 1761 934 1802 κωμῳδία
953 1757 1054 1809 quafi
1072 1758 1290 1807 xwpzoego'wrwv
1310 1763 1371 1808 ῳῖη
1392 1779 1463 1804 llo-

105 1811 285 1850 minatur.
343 1814 488 1851 Verum
510 1825 557 1852 ex
582 1809 662 1862 ipso
681 1814 754 1852 iam
776 1814 940 1852 nomine
966 1814 1087 1865 patuit
1108 1828 1298 1865 quaenam
1327 1818 1461 1860 defini·

105 1868 158 1905 tio
186 1866 296 1918 poffit
312 1866 554 1907 Comoediae
581 1870 818 1916 conuenire,
853 1872 994 1920 p'oema
1020 1867 1162 1911 scilicet
1189 1871 1461 1917 demulcendis

102 1920 306 1961 hominum
326 1922 541 1972 mentibus,
572 1923 890 1975 excudendisque
915 1925 1148 1978 potissimum
1176 1928 1375 1970 cachinnis
1401 1947 1461 1972 ae-

101 1978 398 2018 eommodatum.
453 1982 538 2019 Hoc
563 1981 693 2019 innuit
709 1981 912 2035 Virgilius,
946 1992 985 2020 et
1012 1982 1068 2020 illi
1096 1985 1352 2034 Graecorum,
1389 1991 1459 2040 qui

56 2038 69 2051 ‘
98 2040 241 2073 Θάλειαν
261 2033 410 2075 Musam
439 2036 608 2076 Cornicis
637 2037 850 2087 praesidere
878 2039 1117 2078 cecinerunt.
1177 2042 1293 2091 Quae
1318 2040 1461 2086 scilicet

97 2089 240 2130 festinis
267 2092 459 2142 pullulans
488 2093 602 2142 iocis,
634 2093 682 2131 ad
710 2091 825 2133 risum
846 2092 962 2146 vsque
986 2094 1164 2134 delestet.
1222 2099 1310 2137 l-loc
1340 2102 1456 2142 etiam

96 2146 322 2187 Aristoteles
347 2147 635 2199 comprobauit,
665 2150 870 2201 inquiens,
904 2150 1009 2201 quod
1035 2151 1076 2189 in
1107 2153 1346 2203 turpitudine
1370 2157 1457 2198 ridi-

96 2203 223 2244 culum
251 2202 323 2251 est,
354 2204 612 2245 Comoediam
640 2205 790 2247 imitari.
847 2206 1179 2258 Quandoquidem
1211 2209 1304 2249 illud
1323 2213 1456 2265 ,inpri-

96 2260 168 2298 mis
188 2262 331 2299 Poetae
348 2259 481 2307 rebus,
515 2272 553 2300 et
572 2261 698 2301 verbis
717 2262 873 2302 efficere
900 2262 1163 2303 conabantur:
1192 2263 1271 2317 ipsa
1285 2269 1455 2319 ‘quidem

96 2328 139 2354 re
159 2313 328 2354 bifariam
342 2345 352 2363 ,
382 2316 561 2356 videlicet
586 2318 648 2357 vel
675 2319 864 2370 opinione
882 2315 962 2368 sna,
993 2319 1055 2358 vel
1075 2319 1228 2359 alterius
1249 2320 1455 2374 persuasio-

95 2384 147 2409 ne
174 2371 356 2422 deceptas
385 2371 576 2424 fingendo
604 2372 813 2426 personas:
843 2375 990 2415 deinde
1016 2388 1160 2428 magna
1178 2380 1359 2428 nomina,
1390 2384 1452 2422 vel

93 2428 198 2465 Deos
217 2429 431 2467 mortalium
452 2429 651 2480 postremis
671 2431 967 2482 componendo,
997 2431 1102 2470 ficuti
1122 2432 1279 2474 Plautus
1295 2436 1336 2475 in
1358 2442 1451 2478 Arn-

95 2481 299 2535 phitryone
317 2486 554 2525 Mercurium
573 2485 719 2526 fimulat
738 2500 859 2541 agere
874 2486 1036 2528 Sofiam:
1069 2488 1130 2527 vel
1148 2500 1288 2539 contra,
1319 2506 1450 2544 quem,

95 2537 298 2578 admodum
317 2540 358 2578 in
384 2542 499 2580 Ranis
516 2541 780 2594 Aristophanis
800 2543 941 2585 Fabula
959 2543 1145 2584 Xanthias
1164 2546 1240 2585 vile
1261 2552 1451 2603 mancipi-

95 2606 159 2633 um
182 2596 392 2634 Herculem
419 2598 507 2650 agit.
567 2600 785 2638 Verborum
814 2611 943 2640 autem
970 2600 1096 2639 modis
1123 2597 1270 2653 septem
1298 2608 1449 2648 Comici

93 2647 182 2690 risus
200 2651 438 2693 excitabant:
472 2654 531 2694 vel
552 2651 696 2698 seii-icet
714 2657 826 2710 plura
842 2655 1061 2711 signifi-cans
1082 2657 1250 2705 verbum
1273 2659 1446 2716 vsurpan-

1376 2729 1443 2767 tes,
