1815 3168
317 134 484 167 mxxxv1
740 117 779 160 D
793 117 826 161 E
865 117 909 160 T
919 118 966 159 H
978 116 1011 160 E
1024 119 1063 159 A
1073 119 1118 160 T
1130 117 1164 159 R
1176 118 1236 165 O.

325 248 499 292 agerent.
557 236 718 291 Parasiti
730 248 813 275 cum
835 236 985 275 intortis
1004 236 1129 286 palliis
1141 234 1358 285 prodibant.
1417 236 1563 277 Milites
1581 234 1682 275 chla-

324 298 446 350 myde
456 306 647 347 purpurea
656 292 871 332 vtehantur.
926 290 1071 330 Puellae
1081 290 1232 330 babitus
1244 304 1321 332 erat
1331 294 1573 346 peregrinus,
1615 291 1684 331 Le-

324 368 372 394 no
383 352 499 405 pallio
513 351 604 388 varii
617 349 751 388 coloris
763 346 1001 386 vestiebatur.
1059 346 1328 388 Meretricibus
1340 347 1528 388 dabantur
1537 345 1684 399 sjrma·

323 421 378 455 ta,
401 408 476 447 hoc
496 405 561 452 est,
578 405 699 446 vestes
720 400 922 455 expansae,
944 412 983 441 et
995 416 1095 454 quae
1105 404 1259 457 longius
1278 403 1542 443 trahebantur:
1574 412 1686 443 erant

324 463 722 517 quoque'plerumque
734 460 831 498 lutei
842 459 988 503 coloris,
1001 458 1049 497 ob
1061 461 1267 499 auaritiam.
1298 462 1470 512 Syrmata
1481 461 1608 508 etiam,
1620 457 1686 498 seu

326 521 431 575 pulla
444 518 644 573 gestabant
654 513 818 554 luituosa
829 514 1081 562 fnmeralibus,
1093 528 1194 566 quae
1206 516 1392 554 incuriam
1411 514 1464 555 sui
1479 531 1548 568 per
1559 515 1684 567 negli-

325 577 500 631 gentiam
519 571 792 626 {ignificabann
851 570 929 611 Sed
947 570 973 609 fi
993 571 1150 622 qnando
1164 570 1386 610 variandum
1402 573 1444 611 in
1456 571 1684 615 Comoediis

321 643 422 681 erat,
437 627 664 680 vestitusque
674 625 962 666 commutandus
974 639 1042 677 pro
1053 623 1260 676 affectibus,
1274 639 1366 678 quos
1380 640 1428 666 ex
1438 627 1683 670 Comoediae

323 688 468 730 auibus
480 683 754 739 significabant,
765 683 872 722 laetis
885 682 1036 721 vestitus
1049 681 1209 722 dabatur
1220 682 1406 721 candidus
1420 698 1428 722 :
1447 681 1682 724 aerumnofis

325 742 542 786 obsoletus:
565 740 673 780 diuiti
694 750 849 790 quoque
860 750 1098 790 purpureus:
1121 740 1280 790 pauperi
1298 737 1538 791 Phoenicius.
1591 742 1685 778 Tra-

324 802 403 856 gici
422 810 488 838 aut
501 794 701 849 Tragoedi
729 795 872 833 ac‘tores
895 794 1244 833 calceamentorum
1266 808 1416 848 genere
1433 810 1455 834 a
1473 794 1686 837 Comoedis

324 855 522 897 variabant
535 883 544 900 ,
576 865 700 903 eoque
722 847 1046 890 discernebantur.
1104 850 1324 891 Vtebantur
1343 852 1449 892 enim
1465 853 1619 905 Tragici
1637 853 1684 892 in

323 912 497 954 Theatro
512 908 726 954 Cothurnir,
748 905 851 958 quod
871 906 946 946 tale
963 918 1087 959 genus
1106 918 1190 946 erat
1209 908 1472 957 calceamenti,
1494 920 1531 947 vt
1549 908 1685 948 dextro

322 969 520 1018 laeuoque
537 964 629 1016 pedi
648 963 902 1002 conueniret:
925 972 1121 1001 caeterum
1139 963 1258 1002 altum
1275 974 1312 1003 et
1331 965 1568 1015 prominens,
1588 964 1687 1003 austo-

323 1021 461 1076 resque
473 1021 707 1074 proceriores
719 1017 892 1057 efficiens
903 1031 944 1058 ac
955 1017 1150 1058 referens:
1171 1020 1262 1058 varii
1275 1020 1420 1067 coloris,
1433 1030 1472 1059 et
1481 1019 1686 1068 honestum

323 1092 441 1132 atque
453 1080 632 1130 elegans:
652 1073 766 1126 vsqne
785 1074 831 1113 ad
850 1071 973 1113 suram
991 1075 1219 1126 plerumque
1236 1074 1473 1125 deuinctum,
1494 1089 1604 1116 more
1615 1078 1687 1116 Pu-

324 1139 428 1177 nico.
486 1132 640 1174 Comici
658 1131 814 1179 actores,
831 1141 895 1169 aut
905 1131 1099 1171 Comoedi
1120 1132 1161 1168 in
1185 1129 1306 1170 scenis
1325 1129 1440 1171 soccis
1458 1132 1685 1174 vtebantur:

325 1190 435 1245 quod
450 1189 701 1228 calceamenti
714 1199 838 1240 genus
852 1187 999 1238 optime
1018 1185 1082 1224 sub
1097 1187 1213 1236 pallio
1236 1188 1506 1227 conueniebat.
1539 1191 1688 1239 Quem.

326 1246 542 1288 admodum
560 1245 667 1283 enim
678 1255 890 1295 pauperum
908 1255 951 1280 ac
971 1241 1197 1281 rusticorum
1211 1242 1477 1283 vestimentum
1496 1242 1569 1284 fuit
1579 1246 1687 1285 Palli-

325 1317 406 1352 um,
425 1303 476 1341 lta
495 1303 612 1340 etiam
632 1301 763 1340 Soccus
781 1299 901 1337 altum
920 1297 994 1336 fuit
1007 1299 1308 1337 calceamentum
1318 1299 1461 1338 rusticis
1473 1302 1685 1351 proprium,

324 1369 490 1413 propter
501 1356 642 1395 imbres
656 1366 696 1393 et
709 1355 843 1401 lutum,
856 1363 974 1403 atque
984 1352 1176 1404 hybernas
1188 1354 1354 1405 pruinaS.
1380 1357 1436 1394 Eo
1448 1355 1702 1396 calceamen-v

324 1417 514 1467 tigenere
532 1411 740 1450 vtebantur
758 1419 834 1447 tam
847 1409 916 1446 viri
930 1421 1044 1458 quam
1061 1409 1254 1448 mulieres.
1293 1410 1600 1460 Quinffllianus:
1622 1413 1688 1454 Co.

324 1470 471 1512 moedia
491 1470 530 1506 in
548 1466 750 1506 cothurnos
770 1477 842 1505 non
861 1462 1017 1518 assurgit
1029 1481 1043 1502 .·
1069 1477 1133 1503 nec
1154 1478 1282 1504 contra
1301 1466 1506 1520 Tragoedia
1514 1467 1622 1518 chco
1635 1472 1690 1509 in·

322 1527 509 1583 greditur.
539 1520 760 1575 Tragoedia
770 1521 888 1569 enim,
900 1533 1018 1572 quum
1031 1533 1148 1574 graue
1159 1530 1200 1560 et
1207 1534 1392 1574 magnum
1402 1534 1689 1577 argumentum,

324 1577 562 1636 magnasque
580 1588 619 1618 et
638 1579 822 1631 ingentes
843 1573 1021 1627 personas
1040 1591 1133 1627 prae
1152 1574 1332 1626 sesemet,
1347 1578 1543 1619 cothurnis
1554 1581 1608 1619 vti
1620 1580 1686 1620 de-

324 1639 416 1679 buit.
449 1634 705 1679 Comoediam
716 1643 857 1678 autem,
869 1645 987 1683 quum
999 1630 1091 1670 effet
1101 1631 1312 1682 humilis‚et
1322 1634 1477 1674 rusticos
1489 1649 1686 1688 propone-

324 1706 385 1735 ret
395 1696 437 1733 in
446 1695 582 1740 Scaena,
595 1690 717 1740 palliis
730 1699 770 1728 et
782 1685 896 1727 soccis
910 1687 1149 1726 commodius
1160 1698 1242 1727 erat
1252 1692 1389 1729 ornari.
1449 1692 1569 1741 Quod
1580 1706 1688 1744 prae-

325 1761 433 1791 terea
447 1749 497 1788 de
508 1747 569 1786 his
587 1745 701 1785 rebus
723 1744 800 1783 dici
820 1741 925 1796 posse
938 1739 1126 1795 quispiam
1138 1743 1331 1793 iudicabit,
1352 1745 1391 1784 id
1409 1746 1450 1784 in
1469 1748 1574 1787 aliud
1587 1760 1690 1790 tem.

318 1820 398 1860 pus
419 1801 612 1856 exspeffoet
630 1797 784 1841 neceffe
804 1799 876 1839 est:
901 1813 982 1838 non
1002 1801 1109 1838 enim
1130 1797 1193 1839 hic
1212 1801 1345 1840 omnia
1368 1801 1479 1841 fimul
1499 1802 1688 1847 discutere

326 1862 441 1903 nobis
459 1860 587 1906 licuit,
622 1869 704 1897 tum
722 1867 882 1908 propter
901 1856 958 1894 rei
978 1854 1263 1907 difficultatem,
1294 1867 1378 1898 tum
1399 1870 1489 1898 vero
1509 1860 1598 1913 quia
1614 1874 1688 1915 per

325 1917 493 1972 negotia
508 1916 638 1955 minus
664 1912 737 1953 fuit
753 1910 1013 1952 commodum.

350 2033 1668 2059 mmm—n...-

439 2122 714 2192 Compendia
745 2120 1003 2190 scripturae,
1043 2120 1201 2188 quibus
1235 2120 1308 2171 hic
1334 2121 1480 2173 sumus
1501 2122 1576 2177 vsi.

327 2256 372 2296 B.
425 2246 636 2295 Bentleius.
1032 2247 1073 2290 L.
1130 2245 1457 2303 Lindenbrogius.

328 2314 376 2354 C·
434 2308 680 2361 Calpurnius.
1032 2323 1100 2367 'W.
1149 2325 1462 2376 „Westerhouiusr

327 2373 366 2411 D
375 2396 384 2407 .
435 2368 620 2406 Donatus.
1463 2380 1466 2383 ·

328 2427 376 2467 E.
434 2419 690 2476 Eugraphius.
1031 2414 1072 2456 Z.
1128 2415 1310 2455 Zeunius.

1521 2698 1563 2741 Ρ.
1593 2699 1692 2743 ΤΕ·
