1815 3168
314 160 406 206 514

703 138 858 186 ACT.
889 137 938 182 11.
970 136 1164 182 SCEN.
1196 137 1250 180 11.

447 271 612 319 Omnia
636 268 791 320 habeo,
816 279 961 328 neque
984 265 1218 327 quicquam
1241 262 1405 310 habeo:
1441 263 1552 310 nihil
1575 280 1677 310 cum

545 345 617 398 cst,
646 345 754 390 nihil
784 340 887 388 defit
915 350 1075 386 tamen.

446 427 507 470 At
526 439 610 483 ego
633 420 778 467 infelix
810 432 955 482 neque
974 413 1184 464 ridiculus
1208 411 1290 462 effe
1307 451 1320 470 ,
1361 430 1504 480 neque
1527 415 1675 479 plagas

536 499 626 564 pati

308 751 447 792 prema.
506 737 580 776 Hic
616 736 869 787 interrogatus
905 731 972 771 ille

314 793 445 834 nescio
467 795 551 845 qui,
587 804 652 830 cur
681 792 746 829 tali
774 789 907 828 habitu
933 798 972 827 et

312 850 464 890 miseria
484 847 579 888 effer
600 857 769 893 ornatus,
799 845 913 884 docet
929 844 973 882 il-

313 909 391 946 lam
415 905 572 957 quaein
595 901 760 955 paralitis
780 897 894 939 anfea
911 898 973 946 *fu-

312 974 394 1002 erat
428 966 442 982 '³
472 961 561 1014 idco
590 962 651 1010 (In
672 968 811 995 neutro
830 953 898 996 Ms.
926 957 974 994 la-

314 1031 415 1057 cuna
439 1005 505 1055 esti
529 1017 594 1054 W.
652 1016 767 1052 Forte
785 1009 972 1050 sensuslo-

313 1076 348 1113 ci
366 1072 510 1112 restitui
533 1068 655 1122 potest
676 1070 748 1107 ita:
787 1067 892 1105 docet
920 1068 975 1104 vi-

315 1144 406 1176 tam,
425 1142 513 1180 quae
533 1129 572 1165 in
584 1137 623 1177 p.
650 1123 719 1175 af
745 1136 782 1162 et
798 1121 974 1171 ideojub-

315 1188 398 1225 iil-it
424 1186 481 1236 7)
502 1180 681 1222 subiecit:
714 1181 765 1221 At
790 1192 854 1233 ego
885 1177 979 1230 infe-

314 1245 392 1289 lix,
424 1252 537 1292 neque
556 1238 731 1277 ridiculus
749 1235 830 1287 effe,
862 1246 974 1287 neque

310 1299 444 1353 plagas
465 1297 550 1349 pati
563 1293 713 1347 possum.
771 1295 907 1342 Itaque
940 1303 976 1328 v·

315 1365 500 1404 trumque
522 1350 626 1402 quod
643 1350 684 1387 in
705 1345 907 1399 disciplina
922 1343 976 1385 fu-

315 1422 408 1458 erat,
432 1403 800 1458 breuiresponfione
822 1402 978 1441 conclu-

316 1468 385 1512 dit.
407 1463 514 1516 quod
535 1474 572 1502 et
589 1461 766 1501 ridiculus
791 1468 907 1499 antea
922 1456 979 1497 fu-

316 1525 392 1565 erit
417 1533 455 1560 et
483 1517 710 1559 verberatus.
766 1520 818 1556 At
845 1525 978 1554 contra

315 1580 443 1622 Colax
462 1575 654 1628 pai-afitus,
668 1571 774 1626 quod
786 1584 890 1611 nunc
900 1583 980 1609 me-

315 1638 388 1676 iius
407 1634 496 1674 artis
508 1645 632 1686 genus
645 1628 890 1681 parafitorum
902 1623 979 1665 effe

315 1692 518 1739 videatur,
554 1687 674 1739 idque
692 1685 786 1724 dicit
806 1700 827 1724 a
846 1681 884 1723 se
905 1683 980 1735 pri-

313 1762 423 1792 mum
486 1744 713 1785 institutum.
776 1751 981 1793 propterea

316 1803 420 1856 quod
440 1803 494 1843 est
510 1801 718 1840 hominum
739 1810 884 1852 genus,
913 1795 980 1847 qui

318 1860 494 1900 omnium
522 1869 653 1896 rerum
684 1854 752 1893 fibi
783 1852 981 1903 vindicant

316 1916 589 1969 principatum,
612 1922 720 1962 qum,
743 1907 922 1948 sociando
943 1916 981 1946 et

317 1967 547 2011 consensum
587 1967 646 2006 his
684 1961 979 2009 commodando,

314 2029 432 2069 facile
460 2027 503 2065 in
532 2035 704 2064 amorem
734 2032 842 2059 tuum
869 2017 979 2068 possis

316 2084 515 2124 inducere.
571 2077 726 2121 Exinde
762 2086 895 2115 natum
926 2073 980 2112 di·

319 2143 372 2181 cit
398 2138 641 2191 parasitorum
668 2133 742 2172 hoc
765 2143 912 2184 genus,
940 2138 980 2168 vt

318 2198 467 2238 colaces
485 2193 566 2233 fint.
623 2194 666 2231 E.

371 2253 580 2303 Distingue
610 2258 647 2287 et
676 2247 767 2298 lege
791 2242 861 2282 fic:
899 2239 980 2296 Qi

319 2309 432 2357 color,
453 2309 514 2360 qui
532 2308 635 2344 nitor
652 2302 811 2354 vestitus.
873 2301 979 2339 Para-

318 2365 375 2405 iiti
400 2365 518 2410 enim,
538 2372 576 2399 vt
594 2359 714 2398 statim
728 2352 980 2409 agnosceren-

318 2433 390 2467 tur,
411 2421 452 2459 in
481 2417 631 2457 scenam
653 2412 862 2467 prodibant
880 2405 979 2452 ἔσθ-η’·

319 2496 353 2516 τι
372 2480 505 2522 μελαίνῃ
527 2471 545 2516 ἦ
570 2475 677 2522 φκιᾷ,
704 2468 807 2509 veste
826 2478 902 2506 atra
921 2465 983 2504 vel

320 2533 434 2585 pulla.
464 2544 502 2571 v.
532 2529 709 2574 Poll.1v‚
745 2532 804 2572 18.
863 2523 984 2576 Igitur

321 2589 420 2630 color
448 2598 486 2626 et
512 2587 615 2625 nitor
637 2582 684 2621 ad
703 2580 877 2620 vestitum
899 2591 983 2630 per-

321 2648 474 2702 tinent.»
501 2640 657 2686 Gnatho
677 2636 789 2681 suum
806 2634 988 2679 vestitum

1501 579 1676 630 Possum

1021 729 1187 770 nitidum
1210 726 1375 780 opponit
1387 726 1504 779 pallio
1522 724 1677 766 sordido

1022 799 1060 826 et
1082 783 1268 833 obsoleto
1304 784 1508 836 popularis.
1562 781 1680 821 Habi-

1022 843 1111 882 tudo
1133 842 1186 881 est
1216 840 1467 892 corpulentia.
1509 837 1556 877 cf.
1577 836 1677 876 infra

1025 915 1077 949 11,
1101 911 1138 951 3,
1164 910 1228 949 23.
1286 901 1326 937 13.

1079 967 1129 996 12
1158 954 1292 993 Omnia
1323 950 1451 1005 habeo]
1491 949 1553 990 Ad
1580 949 1680 1002 quod

1021 1008 1154 1056 habui,
1192 1008 1357 1063 perdidi.
1418 1008 1546 1059 Neque
1582 1007 1683 1058 quic-

1024 1079 1135 1118 quam
1156 1064 1286 1112 haheo]
1315 1062 1378 1104 Ad
1395 1066 1465 1104 mei
1485 1062 1553 1101 loci
1573 1075 1679 1116 atque

1027 1122 1172 1160 ordinis
1202 1121 1391 1159 hominem.
1450 1119 1581 1158 Omnia
1620 1119 1682 1157 ha-

1027 1175 1105 1226 heo,
1124 1176 1172 1215 ad
1193 1175 1413 1215 industriam
1432 1175 1571 1214 retulit.
1608 1176 1683 1214 Ne-

1022 1246 1089 1286 que
1106 1234 1296 1285 quicquam
1323 1230 1433 1269 habeo
1447 1261 1456 1279 ‚
1487 1230 1536 1270 ad
1555 1229 1681 1278 ‚fortu-

1025 1302 1100 1329 nae
1127 1288 1290 1340 culpam.
1345 1290 1392 1327 Et
1420 1288 1514 1325 item
1536 1285 1683 1335 denuo,

1024 1345 1205 1386 fortunae
1224 1343 1381 1389 crimen,
1405 1343 1495 1382 Cum
1514 1341 1611 1380 nihil
1620 1343 1688 1394 est,-

1027 1401 1078 1442 ad
1102 1398 1206 1439 suam
1235 1397 1409 1447 laudem,
1457 1397 1573 1436 Nihil
1596 1397 1684 1449 defit

1028 1470 1158 1498 tamen.
1238 1456 1371 1495 Omnia
1407 1452 1540 1503 habeo,
1573 1467 1686 1507 neque

1028 1517 1223 1568 quicquam
1250 1509 1382 1565 habeo]
1411 1510 1590 1550 Alterum
1618 1511 1684 1549 ho-

1029 1584 1114 1611 rum
1152 1578 1382 1608 neutrumne
1408 1565 1532 1619 potest
1560 1567 1684 1606 cuiuis

1029 1624 1222 1667 accidere:
1251 1635 1454 1674 Vtrumque
1475 1623 1583 1662 nulli.
1615 1623 1687 1662 Ni-

1032 1683 1087 1723 hil
1103 1695 1180 1721 cum
1211 1679 1277 1732 est,
1305 1679 1398 1719 nihil
1424 1677 1508 1729 defit
1544 1679 1684 1734 tamen]

1030 1740 1170 1793 Figura
1187 1736 1364 1784 ὅξόμωςον.
1393 1739 1445 1776 Vt
1465 1735 1566 1787 apud
1581 1737 1684 1789 Virg.

1032 1798 1154 1846 (Aen.
1183 1807 1246 1842 m,
1287 1793 1405 1846 695.)
1441 1791 1686 1844 Sequiturque

1019 1852 1246 1905 fiquerztem.
1269 1851 1316 1889 Et
1339 1849 1476 1888 Cicero
1495 1848 1630 1899 (Catil.
1653 1861 1685 1895 Ι,

1032 1911 1100 1959 8.),
1124 1907 1212 1945 Cum
1231 1918 1361 1951 tacent,
1385 1902 1551 1942 clamant.
1581 1906 1629 1943 D.

1090 1963 1223 2000 Onmia
1266 1957 1395 2006 habeo,
1442 1972 1553 2011 neque
1585 1960 1683 2010 quic-

1031 2018 1156 2071 quam]
1187 2015 1368 2056 Libanius
1387 2015 1557 2053 Declam.
1577 2016 1685 2053 >min

1028 2075 1208 2114 Parasito:
1228 2069 1385 2110 ἔπλέτονν
1403 2069 1475 2111 εἶδέῑι
1485 2079 1685 2117 κεκτημένος,

1029 2128 1179 2176 ἑτρᾶφων
1219 2127 1294 2168 έδὲν
1320 2132 1512 2166 ἀναλίσκων.
1571 2126 1689 2166 Nihil

1028 2184 1134 2237 defit]
1162 2182 1335 2223 Priscian.
1354 2182 1418 2222 lib.
1442 2196 1479 2223 v.
1536 2187 1577 2224 L.

1090 2255 1107 2284 1
1116 2255 1137 2296 3
1171 2243 1223 2280 At
1233 2254 1296 2295 ego
1312 2241 1464 2291 infelix]
1494 2241 1574 2279 lam
1585 2248 1686 2277 tran-

1024 2296 1072 2338 xfit
1090 2296 1160 2335 ben-0⁸
1181 2300 1226 2335 τῦ
1243 2299 1402 2341 [ulam-m&
1422 2294 1501 2340 πρᾶς
1520 2294 1563 2332 τδ
1580 2311 1686 2341 ⁷1·un-

1032 2353 1134 2392 τικδν.
1196 2355 1248 2392 At
1268 2365 1330 2405 ego
1350 2353 1484 2404 infelix
1505 2364 1617 2403 neque
1635 2353 1688 2390 ri-

1033 2410 1190 2452 diculus]
1222 2407 1486 2446 Vehementer
1507 2408 1684 2446 inueeius

1033 2465 1089 2505 est
1116 2467 1157 2503 in
1190 2474 1365 2515 tempora
1386 2474 1425 2502 et
1441 2477 1568 2503 mores
1588 2467 1687 2504 Poe-

1034 2533 1090 2569 ta,
1118 2519 1184 2560 sub
1213 2519 1284 2558 hac
1313 2518 1499 2572 persona:
1534 2520 1575 2558 in
1610 2532 1686 2571 qua

1032 2576 1228 2617 hominem
1248 2577 1299 2614 ita
1317 2575 1464 2614 inducit
1483 2576 1688 2627 poenitere

1031 2633 1228 2690 probitatis
1246 2629 1344 2684 suae,
1364 2642 1402 2674 vt
1417 2630 1456 2672 se
1473 2631 1685 2680 infelicem,

1604 2699 1689 2729 non
