1815 3168
509 148 1049 195 HEAVTONTIM.

1351 152 1449 210 609

217 279 429 329 Primum,
453 275 560 321 olim
587 277 748 339 potius,
772 267 903 336 quam
923 284 1120 336 paterere
1143 270 1284 321 filium

119 368 179 419 35
218 357 472 399 Commeare
497 350 549 396 ad
570 349 883 402 mulierculam,
905 364 1014 410 quae
1035 347 1217 412 paululo
1240 354 1245 356 ’

215 433 339 474 Tum
363 436 453 472 erat
471 435 686 479 contenta,
707 426 864 487 cuique
888 433 1009 470 erant
1030 434 1150 483 grata
1171 428 1331 481 omnia,

212 499 485 549 Proterruisti
508 501 626 547 hinc.
651 516 699 546 ea
719 497 864 547 can'ta
893 500 1090 558 ingratiis

213 576 383 624 Postilla
404 578 548 639 coepit
568 573 733 623 vistutn
756 574 889 634 volgo
915 587 1137 637 quaerere.

211 656 352 700 Nunc
374 668 475 698 cuin
498 649 586 699 fine
605 667 767 712 magno
788 650 1112 700 intertrImento
1133 665 1225 696 non
1248 647 1391 716 potest

135 863 189 905 34
208 851 371 890 Primum
384 850 472 889 olim
483 849 630 904 potius]
649 851 737 890 Hoc

82 907 152 948 tibi
179 908 334 946 initium
368 906 457 944 mali
489 905 585 952 fuit,
632 904 735 956 quod

79 977 162 1004 non
179 960 511 1014 filiumpermifisti
520 961 567 1000 ad
580 962 736 1001 mulier-

80 1020 207 1059 culam
253 1031 480 1059 commeare.
518 1020 624 1070 (Hoc
663 1018 735 1056 cri·

80 1089 174 1116 men
188 1076 228 1126 ;)
257 1073 360 1126 quod
383 1084 477 1112 tunc
494 1075 608 1125 paulo
631 1073 736 1112 vide-

78 1132 190 1172 batur
208 1128 286 1169 esse
307 1139 500 1178 contenta,
511 1143 597 1169 cum
607 1130 737 1169 omnia

81 1200 188 1242 grata
215 1184 293 1225 efl'e
312 1196 549 1238 potuerunt,
578 1199 679 1237 quae
699 1184 736 1223 fi-

82 1245 157 1284 lius
185 1242 338 1282 faceret.
397 1247 451 1282 At
480 1252 523 1280 tu
552 1241 737 1282 iniustitia

80 1313 171 1339 cum
195 1295 478 1338 adolescentem
498 1298 570 1336 tuis
596 1295 739 1336 sermo-

79 1355 193 1397 nibus
219 1353 380 1394 terruisti
390 1384 399 1402 ‚
430 1353 576 1392 exinde
592 1353 658 1391 illa
677 1366 737 1392 co-

81 1412 161 1451 aeta
182 1409 421 1456 necestitate,
452 1409 625 1461 ingratiis
651 1421 735 1448 coe-

83 1469 140 1521 pit
159 1467 295 1505 vietum
314 1464 382 1503 fibi
404 1477 599 1515 quaerere.
639 1467 681 1504 E.

138 1534 189 1575 35
211 1521 488 1574 Mulierculam]
520 1521 654 1560 Minus
669 1519 737 1567 est,

82 1591 198 1631 quam
214 1575 240 1616 si
262 1577 426 1625 diceret,
455 1586 520 1615 aut
538 1578 738 1624 mulierem,

83 1645 151 1675 aut
160 1635 394 1680 meretricem,
406 1643 537 1684 vtpote
547 1646 647 1683 quae
659 1643 738 1671 erat

84 1700 267 1730 contenta
280 1701 410 1740 paruo.
464 1691 511 1728 Et
528 1688 739 1728 muliercula

85 1747 224 1786 dicitur
259 1758 345 1783 curn
376 1755 595 1794 contemtu,
636 1743 738 1796 quasi

84 1801 331 1855 paupercula.
388 1802 436 1840 C.

139 1860 210 1897 Pro
229 1869 422 1895 commeare
433 1868 542 1907 pone
556 1853 741 1907 frequen-

81 1914 243 1953 tatinum
274 1924 487 1950 commetare
518 1909 639 1950 versus
658 1924 740 1963 gra·
763 1942 766 1945 Α

83 1970 148 2008 tia.
203 1971 288 2008 Hoc
321 1965 534 2007 obsoletum
577 1969 740 2006 verbum

86 2025 247 2064 occurrit
267 2023 386 2063 Plaut.
408 2025 516 2075 Capt.
535 2036 575 2072 1,
607 2036 645 2073 2,
676 2029 739 2072 82.

87 2092 126 2121 et
144 2080 245 2132 apud
264 2080 447 2121 Nonium.
502 2083 544 2119 Β.

87 2165 89 2167 -
142 2149 194 2190 37
215 2136 348 2175 Coac‘ta
362 2135 558 2189 ¹ingratiis]
577 2136 662 2175 Hoc
675 2133 742 2181 est,

84 2193 220 2234 inuita.
274 2196 323 2232 Et
349 2191 453 2230 bene
478 2192 659 2230 coac‘iaet
681 2193 743 2230 in-

84 2251 232 2303 gratiis.
287 2250 384 2288 Nam
406 2247 545 2297 aliquis
565 2249 744 2301 ingratiis

87 2303 388 2354 dicitur.aliquid
408 2302 557 2350 facere,
592 2303 657 2354 qui
683 2303 743 2341 iu-

87 2360 186 2398 uitus
215 2368 254 2398 et
273 2360 421 2399 coaetus
439 2369 593 2412 praeter
611 2359 742 2399 volun·
784 2381 791 2386 -

88 2425 207 2455 tatem
224 2413 325 2455 facit.
381 2417 427 2458 C.

145 2477 196 2523 38
244 2469 392 2522 Postilla
438 2473 557 2524 coepit
605 2471 742 2510 viftum

88 2527 199 2581 volgo
218 2526 408 2579 quaerere]
438 2527 500 2566 Sic
520 2528 562 2565 in
575 2527 737 2575 Andria,

89 2584 202 2629 ,Lanae
218 2596 262 2620 ac
280 2581 353 2620 zela.
369 2582 505 2621 vietum
520 2586 745 2636 quaeritans.

89 2642 136 2680 Et
154 2637 433 2688 refievic'tum,
462 2649 500 2679 et
527 2646 607 2679 n'on
627 2639 745 2678 cibum

1372 743 1440 788 40

784 849 961 901 protulit.
1023 846 1136 887 Cibus
1154 846 1209 887 est
1232 848 1352 897 enim,
1374 849 1442 900 qui

785 904 955 944 delicatis
982 902 1208 953 praebetur:
1240 899 1375 951 Viam,
1397 905 1443 945 iu

785 961 913 1014 paruis
945 958 1135 1012 aridisque
1155 960 1358 1000 alimoniis
1385 959 1442 1001 est

785 1015 1022 1056 constitutus.
1075 1016 1186 1069 Virg.
1219 1017 1340 1067 (Aen.
1369 1029 1439 1064 111,

779 1075 913 1127 649.)‚
955 1072 1095 1111 Vic‘tum
1129 1071 1331 1123 irffieh‘cem,
1357 1071 1440 1110 bac-

781 1143 841 1168 cas
873 1127 1105 1181 lapidosizque
1134 1141 1258 1166 corna.
1312 1127 1439 1179 Postil-

780 1186 836 1239 la]
866 1185 1087 1234 Antiquum
1109 1182 1184 1221 est:
1216 1196 1286 1221 nos
1309 1195 1438 1223 autem

781 1241 942 1280 dicimus
948 1238 1080 1291 postea.
1118 1238 1322 1295 Quaerere]
1354 1242 1441 1279 Me-

783 1298 854 1336 lius
874 1293 1024 1335 dixiffet
1045 1298 1264 1348 quaeritare.
1318 1294 1439 1345 Quae-

782 1355 837 1392 rit
847 1354 966 1399 enim‚
987 1352 1053 1402 qui
1071 1350 1120 1390 ad
1132 1352 1294 1402 plenum
1308 1362 1346 1389 et
1355 1363 1441 1403 pei·-

784 1420 945 1461 petuum
966 1447 978 1458 -.
988 1408 1143 1459 reponit
1164 1422 1172 1446 ε
1224 1406 1440 1461 Queritac,

785 1465 851 1516 qui
889 1465 951 1502 vix
990 1463 1165 1514 quotidie
1203 1463 1439 1514 inquirendo

786 1522 926 1560 vifflxm
948 1519 1115 1558 inuenit.
1169 1520 1215 1560 C.

842 1589 895 1629 39
925 1574 1010 1614 Sine
1037 1588 1166 1629 mag-no
1189 1577 1441 1614 intertrimen-

787 1632 846 1685 to]
878 1630 920 1671 Id
940 1630 993 1669 est
1013 1630 1169 1669 damno.
1229 1631 1442 1669 Detrimen-

786 1702 884 1733 tum,
914 1685 1122 1727 secundum
1150 1688 1388 1734 Varronem,
1420 1700 1441 1724 a

786 1745 928 1784 detritu
948 1743 1107 1782 dicitur:
1139 1741 1245 1793 quod
1273 1755 1319 1780 ea
1341 1754 1442 1793 quae

787 1800 872 1840 trita
902 1797 1006 1846 sunt,
1034 1798 1190 1838 minoris
1218 1797 1332 1849 Pretii
1359 1797 1440 1836 lint.

787 1857 1102 1895 Intertrimentum
1125 1853 1171 1891 ab
1191 1852 1353 1904 eoquod
1367 1853 1443 1891 duo

789 1924 890 1963 quae
909 1913 1012 1948 inter
1031 1908 1068 1948 se
1081 1910 1167 1948 trita
1185 1919 1224 1949 et
1242 1909 1441 1948 diminuta⁶

788 1975 824 2010 A
834 1979 911 2019 quo
923 1967 1040 2005 etiam
1050 1967 1248 2020 intertrigo
1261 1965 1369 2005 diela.
1399 1965 1444 2004 C.

846 2023 959 2062 Nunc
980 2035 1057 2061 cum
1076 2021 1156 2073 fine
1175 2035 1309 2075 magno
1333 2023 1448 2059 inter·

790 2079 985 2132 trimemo]
1016 2077 1133 2119 Vnde
1151 2078 1268 2116 modo
1281 2076 1360 2116 fine
1371 2091 1446 2115 ma·

791 2148 872 2188 guo
894 2135 1037 2173 damno
1059 2133 1192 2172 haberi
1212 2146 1291 2173 non
1307 2132 1440 2184 potest.

790 2193 1071 2231 Intertrimenta
1090 2199 1218 2228 autem
1233 2185 1327 2235 sunt,
1348 2202 1448 2239 quae

790 2249 896 2286 intus
937 2241 1103 2296 terend‘p
1129 2244 1270 2284 damna
1300 2244 1448 2298 perfici-

790 2313 871 2342 unt.
929 2304 971 2342 E.

846 2358 933 2397 Sine
976 2369 1111 2411 magno
1152 2355 1447 2409 intertrimento]

791 2413 948 2455 Glossar.
956 2414 1277 2452 [mern-imentmn
1293 2417 1446 2451 ἀπεσίαι.

791 2470 977 2512 Scaeuola
996 2465 1277 2508 interm-‘ituram
1298 2468 1404 2506 dixit.
1423 2469 1449 2506 l.

792 2540 858 2581 43.
875 2531 906 2578 ς,
927 2524 1011 2568 Lff.
1032 2524 1081 2563 de
1103 2526 1212 2576 pign.
1234 2524 1301 2562 acl.
1357 2527 1397 2563 L.

869 2581 1173 2633 Intertrimemo]
1224 2577 1452 2619 Scholiastes

795 2640 928 2680 Bemb.
950 2638 1063 2678 -Imer
1091 2649 1124 2678 et
1144 2637 1204 2677 De
1235 2635 1456 2677 tantundem

909 2695 947 2746 Q
963 2705 990 2748 ‘i
1341 2690 1458 2745 fiam·-
