1815 3168
335 151 427 207 548

755 141 911 186 ACT.
953 140 982 184 1.
1014 138 1209 184 SCEN.
1241 139 1275 184 1.

474 265 712 317 TraRare:
744 267 812 314 sed
833 268 890 319 vi,
914 277 956 312 et
980 268 1046 313 via
1067 265 1320 330 peruolgata
1343 276 1531 330 patrum.

381 361 445 408 50
479 345 689 400 Quotidie
708 343 974 397 accusaban13
1011 341 1128 393 hem,
1150 340 1287 387 tibine
1310 341 1414 387 haec
1441 339 1603 387 diutius

478 425 628 469 Licere
652 420 792 484 speras
815 418 954 465 facere
972 431 1042 462 me
1064 417 1168 463 viuo
1188 428 1325 479 patre,
1343 470 1346 472 μ

477 499 675 545 Amicam
701 506 746 540 vt
772 492 927 539 habeas
953 507 1096 555 prope
1117 493 1203 536 iam
1224 493 1269 536 in
1291 492 1434 538 vxoris
1455 489 1587 538 loco?

479 577 622 623 Erras,
644 569 672 615 si
697 569 740 614 id
762 568 914 620 credis,
937 578 979 612 et
999 583 1069 612 me
1092 567 1282 626 ignoras,
1310 567 1465 612 Clinia.

478 652 575 708 Ego
599 658 640 692 te
663 661 812 690 meum
836 640 917 689 effe
941 642 1024 688 dici
1043 641 1247 705 tantisper
1268 641 1385 694 volo,

384 738 445 787 55
480 728 615 775 Dum,
642 720 761 784 quod
787 730 828 766 te
853 712 1099 778 dignum'st‚
1121 716 1272 763 facies:
1295 716 1364 762 sed
1387 714 1475 763 fiid
1486 732 1577 764 non
1589 717 1706 772 facis,

478 803 590 859 Ego,
617 795 738 859 quod
762 811 834 842 me
857 797 902 859 in
926 805 966 840 te
987 791 1036 840 fit
1057 792 1195 838 facere
1219 791 1417 852 dignum,
1437 793 1666 840 inuenero.

477 873 618 922 Nulla
641 871 748 917 adeo
771 887 821 916 ex
838 886 885 916 re
905 867 1010 915 istuc
1034 866 1096 920 fit,
1117 865 1196 913 nifi
1219 883 1268 912 ex
1292 869 1428 914 nimio
1451 869 1557 914 otio.

477 953 577 1009 Ego
599 944 703 992 istuc
728 946 888 998 aetatiS,
912 961 1004 991 non
1025 945 1163 991 amori
1186 958 1365 1008 operam
1388 941 1555 996 dabam,

1627 1018 1712 1065 Sed

345 1185 436 1229 ger.-
464 1179 604 1220 corpus
622 1177 727 1214 vero,
748 1156 939 1219 aegrotum
952 1161 1005 1201 di·
1055 1160 1125 1212 fit,
1175 1160 1354 1214 tantisper
1389 1162 1503 1201 tutela
1532 1160 1713 1201 muliebri.

351 1240 460 1269 citur.

328 1321 330 1323 .
353 1296 468 1325 enter
493 1281 533 1320 id
561 1278 666 1331 quod
695 1277 845 1328 corpori
873 1288 1008 1327 appro-

351 1342 507 1393 priatur,
526 1335 695 1376 attribuit
711 1333 852 1372 animo.
874 1343 1010 1383 prone-

351 1399 411 1436 nit
433 1395 539 1435 enim
562 1391 688 1431 menti
710 1390 770 1428 vei
797 1388 926 1427 animo
947 1399 1011 1426 ae·

355 1450 508 1508 gritudo
531 1462 579 1489 ex
601 1447 721 1486 carnis
738 1442 901 1495 lasciuia.
932 1445 979 1484 C.

411 1520 464 1560 49
505 1509 555 1547 Et
599 1506 661 1542 via
697 1501 916 1555 peruolgata
945 1511 1012 1551 pa-

355 1564 475 1617 trum]
506 1566 636 1602 Patres
667 1558 780 1596 bonis
815 1555 1007 1603 institutis,

352 1622 514 1660 aliorum
527 1615 1014 1666 exemplis‚no1munquam

355 1677 483 1722 minis,
504 1673 601 1712 filios
623 1671 672 1710 ad
685 1671 860 1722 virtutem
877 1666 1014 1707 adhor-

358 1744 493 1772 tantur.
551 1731 596 1769 C.

417 1789 486 1827 Via
521 1785 584 1823 hie
612 1782 667 1822 est
697 1778 1013 1834 monosyllabon,

360 1855 400 1885 vt
418 1846 515 1883 Hec.
541 1853 574 1888 1,
597 1853 626 1887 1,
650 1842 714 1881 16.
767 1841 808 1878 Β.

413 1912 466 1951 50
496 1898 588 1936 Hem
617 1893 731 1934 tibine
760 1892 868 1945 haec]
893 1894 1014 1931 Inter-

358 1957 474 1996 ieffio
492 1951 746 2004 indignantis,
801 1949 846 1988 C.

414 2023 468 2065 54
500 2007 694 2057 Tantzsper
716 2003 821 2057 volo]
868 2000 1015 2052 Tantis:

353 2080 423 2122 per
455 2064 615 2118 postulat
635 2060 716 2113 post
736 2057 774 2098 se
791 2060 908 2105 Dum,
946 2071 1015 2109 pro

361 2125 486 2163 donec
522 2120 602 2158 fiue
631 2114 826 2169 quamdiu.
875 2114 1015 2154 Cicero

360 2181 429 2231 (de
448 2182 603 2218 Inuent.
622 2186 674 2220 ΙΙ,
703 2174 805 2223 50.),
836 2170 877 2209 In
899 2184 1018 2208 carce-

360 2252 399 2277 re
418 2236 563 2279 duetus,
591 2243 633 2269 vt
653 2227 706 2266 ibi
725 2229 805 2279 estet
825 2224 1015 2279 tantisper,

363 2294 446 2333 dum
458 2289 587 2335 culeus,
609 2288 649 2325 in
665 2298 767 2338 quem
784 2283 936 2322 delet-‘tus
961 2282 1017 2322 de-

352 2352 547 2402 ferretur,
576 2352 862 2394 compararetur.
918 2338 1018 2377 Sunt

362 2405 430 2457 qui
463 2400 651 2452 accipiant
690 2394 870 2447 tantisper
888 2423 899 2441 ‚
946 2403 1015 2446 pro

362 2454 651 2501 tantummodo:
681 2450 768 2492 sunt
789 2452 937 2504 qnipro
958 2452 1018 2490 in-

362 2528 476 2557 terea.
502 2514 503 2517 ’
520 2510 660 2553 'Liuius
677 2508 742 2548 lib.
763 2522 792 2556 1,
812 2520 849 2561 3.
873 2506 920 2545 ab
933 2507 1013 2547 vrb.

360 2572 472 2612 cond.
511 2571 648 2617 Tamen
666 2566 705 2605 id
722 2566 911 2617 imperium
922 2564 1015 2603 eiad

516 1229 606 1266 Non
625 1234 754 1261 tamen
776 1219 1005 1259 inconueni-
1055 1222 1104 1260 Et
1139 1218 1342 1270 Tantisper
1376 1217 1459 1256 fine
1486 1216 1588 1258 Dum
1633 1216 1715 1258 vsus

1059 1275 1124 1314 est.
1181 1274 1227 1314 C.
1638 1303 1649 1312 l

1115 1332 1198 1385 Ego
1219 1343 1253 1369 te
1270 1342 1384 1376 meum
1403 1328 1485 1383 effi]
1516 1328 1642 1369 Multa
1652 1326 1721 1367 hie.

1061 1385 1187 1426 effieta
1207 1386 1254 1425 acl
1274 1386 1391 1425 Plaut.
1408 1388 1714 1433 Macarei-emi,

1065 1455 1100 1492 1,
1128 1456 1193 1496 49.
1226 1453 1262 1481 vt
1288 1440 1400 1491 illud,
1439 1465 1494 1472 —
1530 1443 1717 1480 interdum

1063 1498 1203 1550 mihist
1221 1498 1408 1551 colloqui,
1435 1496 1626 1546 Abnuere‚
1657 1511 1719 1537 ne·

1061 1559 1185 1611 gitare
1210 1555 1300 1593 adeo
1314 1567 1366 1592 me
1376 1567 1504 1593 natum
1513 1553 1639 1603 suum.
1669 1556 1719 1594 Et

1062 1624 1155 1650 mox
1186 1610 1267 1661 post
1295 1607 1386 1649 vers.
1409 1614 1476 1652 62.
1534 1610 1645 1659 Non,
1676 1622 1720 1649 vc

1063 1681 1140 1722 eg0,
1158 1669 1274 1706 amori
1291 1679 1401 1721 neque
1421 1664 1627 1717 defidiaein
1640 1668 1718 1704 otio

1066 1726 1228 1777 Operam
1255 1722 1393 1775 dedas&
1456 1721 1577 1773 Quod
1600 1721 1720 1775 gerni-

1064 1793 1159 1819 num
1187 1792 1274 1817 cum
1303 1780 1370 1818 illo
1401 1778 1602 1826 Terentii,
1632 1777 1716 1832 Ego

1062 1836 1150 1889 zstuc
1166 1838 1299 1874 aetatis
1326 1845 1398 1874 etc.
1453 1839 1495 1875 L.

1121 1903 1174 1944 57
1206 1891 1313 1944 Otio]
1343 1890 1385 1929 ld
1408 1888 1480 1936 est,
1512 1885 1721 1928 ceffatione

1065 1957 1105 1986 et
1137 1948 1273 1998 requie
1295 1945 1342 1985 ab
1376 1944 1568 1996 operibus.
1624 1945 1722 1984 Diu-

1065 2017 1178 2043 turna
1205 2006 1305 2057 quies
1332 2003 1438 2042 vitiis
1457 2001 1629 2042 alimenta
1654 2003 1724 2040 mi-

1063 2059 1208 2111 nistrat.
1266 2060 1312 2099 C.
1450 2097 1452 2104 A

1118 2119 1179 2155 Ne
1200 2116 1327 2162 nimio,
1349 2105 1454 2165 quod
1473 2113 1721 2165 praecipuam

1065 2169 1263 2224 emphasin
1290 2170 1435 2210 habere
1462 2179 1638 2220 oportet,
1678 2170 1722 2210 in

1064 2225 1180 2268 Thefi
1208 2228 1434 2272 occultetur,
1462 2237 1630 2276 repone,
1655 2224 1724 2278 nest

1066 2286 1182 2324 nimio
1198 2297 1245 2322 ex
1267 2286 1359 2323 otio.
1415 2283 1456 2320 Β.

1122 2346 1172 2393 58
1203 2340 1284 2394 Ego
1303 2339 1390 2391 zstuc
1406 2337 1556 2392 aetatis]
1585 2337 1631 2378 Id
1651 2337 1719 2386 est,

1067 2408 1154 2435 cum
1182 2394 1299 2436 effem
1333 2409 1378 2434 ea
1400 2405 1546 2443 aetate,
1576 2407 1652 2446 qua
1680 2404 1720 2432 tu

1065 2465 1118 2492 es.
1172 2453 1278 2493 Dicit
1303 2451 1443 2491 eodem
1469 2449 1587 2490 modo
1605 2451 1722 2492 Cice.

1064 2521 1106 2547 ro
1126 2509 1168 2547 in
1191 2508 1370 2560 epistolis,
1397 2507 1436 2547 id
1454 2508 1606 2555 aetatis,
1637 2519 1718 2557 pro,

1063 2577 1109 2603 ea
1127 2576 1264 2604 aetate.
1321 2565 1413 2604 Non
1432 2564 1552 2614 amorji
1571 2575 1720 2614 operam

354 2627 528 2685 puberem
544 2636 698 2673 aetatem
717 2621 896 2662 incolume
913 2633 1012 2660 man·
1060 2619 1210 2676 dabam]
1231 2625 1339 2663 Bene
1349 2617 1468 2661 senex
1487 2621 1589 2660 iuxta
1599 2620 1734 2659 Hora»,

1673 2674 1719 2714 tiz
