1815 3168
520 39 521 42 Ἴ
587 74 997 122 EVNVCHVS.

1376 89 1469 138 423

240 198 337 250 ΡΥ.
371 191 590 250 Videam?
627 199 820 253 obsecro,
841 199 1007 263 quem?
1041 195 1139 246 ΡΗ.
1168 198 1288 248 hunc
1301 200 1469 251 scilicet.

242 332 243 335 Ἰ
340 274 376 323 P
389 290 435 322 Y.
474 277 571 339 quis
595 274 666 322 hic
688 274 748 322 est
769 275 939 321 homo?

149 369 209 403 10
239 349 338 402 ΡΗ.
379 352 471 406 Qui
503 350 557 397 ad
587 367 665 398 vos
688 346 900 399 deduss‘tus
922 341 1116 397 hodie’st.
1153 353 1244 399 ΡΥ.
1278 351 1397 398 hunc
1424 370 1468 400 o-

335 426 444 473 culis
470 425 554 472 suis

237 500 502 551 Nostrarum
523 517 749 565 nunquam
770 500 994 565 quisquam
1013 500 1135 554 vidit,
1161 499 1383 548 Phaedria.

234 576 339 629 ΡΗ.
374 580 486 624 Non
505 575 645 623 vidit?
683 574 777 623 ΡΥ.
814 593 869 623 an
901 587 952 623 tu
985 576 1105 624 hunc
1124 574 1338 623 credidisti
1369 573 1464 630 effe,

335 651 525 699 obsecro,

236 727 311 777 Ad
343 744 426 773 nos
449 722 718 776 dedustum?
757 721 857 772 Pa.
898 743 1001 774 nam
1029 719 1195 792 quem?
1231 725 1364 773 alium
1389 725 1462 771 ha-

334 800 412 849 bui
433 802 670 848 neminem.
707 797 797 850 PY.
835 797 910 850 au!

231 881 335 927 Nec
358 876 673 940 comparandus
695 875 767 922 hic
789 876 967 939 quidem
988 876 1042 923 ad
1053 871 1251 924 illum’st:
1285 876 1358 923 ille
1371 884 1461 923 erat

132 946 204 1019 ,ῖς
234 949 432 1002 Honesta
450 951 558 1001 facie
578 961 621 1000 et
639 949 821 1000 liberali.
863 950 901 1002 P
917 970 963 1001 u.
1003 954 1063 999 ita
1081 952 1192 1002 visus
1213 950 1274 999 est

154 1187 184 1229 9
211 1169 321 1217 Hun'c
348 1172 514 1229 stilicet]
551 1176 636 1216 Hoc
662 1174 751 1225 iam,

100 1242 272 1285 tangens
282 1229 525 1279 Eunuchum,
538 1229 630 1270 dicit
639 1230 754 1272 Phae·

100 1288 197 1328 dria„
254 1289 302 1327 D.

161 1354 214 1385 10
236 1342 349 1381 Hunc
375 1341 489 1381 oculis
510 1338 756 1396 fitistnostra-

99 1412 184 1440 rum
205 1410 397 1451 nunquam
423 1397 615 1450 quisquam
635 1397 752 1451 vidit]

98 1452 302 1502 ,κρχαϊσμδς
331 1452 384 1492 est
410 1453 552 1506 figura,
586 1466 660 1505 pro
688 1466 755 1492 no-

90 1511 229 1566 strum.
271 1510 334 1549 vel
362 1508 589 1559 nostrarum,
622 1508 660 1548 id
690 1507 754 1556 est,

91 1579 201 1620 quae
217 1563 388 1604 familiae
408 1563 560 1603 nostrae
576 1561 683 1602 sunt:
715 1573 756 1602 vt

96 1635 238 1676 parum
247 1619 301 1668 fit,
313 1632 394 1659 non
405 1617 540 1658 vidifi'e
550 1618 753 1668 Thaidem,

92 1677 168 1719 nifi
181 1675 350 1724 addatur,
363 1687 413 1713 ne
423 1673 665 1714 familiarium
675 1675 756 1726 qui-

91 1735 189 1774 dem
211 1732 326 1772 vllam
345 1728 435 1780 effe,
459 1743 558 1782 quae
575 1729 679 1770 hunc
698 1730 754 1770 vi-

94 1789 210 1830 derit.
267 1790 317 1827 D.

153 1856 200 1887 11
234 1841 459 1897 Qtsquam]
491 1842 665 1895 Antiqua
699 1842 754 1881 lo·

93 1902 202 1941 cutio
222 1899 287 1938 est.
344 1900 394 1938 D.

149 1954 269 2008 Apud
301 1951 498 1996 Priscian!
514 1956 609 2007 960.
638 1951 753 2002 abest,

91 2025 288 2065 nunquam.
343 2013 398 2050 At
429 2010 643 2050 Cledonius
662 2022 750 2062 pag.

89 2080 216 2120 1907.
267 2067 397 2114 Nemo,
431 2066 570 2117 inquit,
591 2064 752 2117 ftmini-

90 2138 145 2167 ,πο
164 2136 294 2179 genere
310 2122 436 2161 lec‘tum
454 2122 501 2174 est
520 2121 617 2173 apud
625 2122 753 2160 Teren-

94 2181 214 2222 tium3
248 2192 308 2226 vt,
343 2176 454 2217 Illum
483 2190 586 2216 nemo
615 2175 753 2228 nostra-

90 2249 180 2276 rum
208 2234 400 2287 quisquam
419 2233 531 2272 vidit.
588 2232 667 2272 Sed
687 2231 754 2270 ho-

95 2290 164 2330 die
175 2289 285 2330 codd.
298 2302 443 2336 omneS,
462 2301 648 2341 nunquam
658 2285 755 2341 quis:

95 2350 217 2401 quam.
259 2344 453 2386 Vtrumuis
470 2344 605 2396 probe.
658 2348 698 2384 B.

93 2430 96 2433 -
159 2413 211 2443 12
247 2400 339 2441 Non
366 2400 518 2455 vidia]
558 2400 754 2446 Totidem,

99 2454 317 2507 iisdemque
344 2455 470 2495 verbis
501 2457 652 2508 repetit.
709 2459 757 2495 Et

98 2512 353 2564 interrogatio
371 2511 559 2564 stuporem
570 2511 759 2551 admiran-

97 2570 148 2610 tis
175 2566 352 2615 ostendit,
379 2577 416 2606 et
433 2568 509 2608 iam
528 2567 644 2608 veluti
667 2580 756 2609 con-

106 2621 323 2667 sentientis.
377 2626 429 2666 D.

1258 1026 1462 1082 Dudum,

861 1184 909 1228 13
943 1173 1117 1227 Namque
1140 1173 1251 1213 alium
1269 1170 1384 1212 habui
1399 1185 1460 1211 ne·

799 1230 956 1284 minem]
989 1234 1101 1270 Bene
1136 1229 1186 1268 ad
1221 1228 1316 1268 illud
1352 1226 1459 1279 quod

803 1288 867 1333 ait,
882 1287 947 1324 An
968 1298 1009 1324 tu
1029 1286 1149 1325 hunc.-
1174 1283 1276 1336 quafi
1296 1296 1346 1324 ex
1358 1283 1462 1323 mul·

803 1342 862 1381 tis.
919 1341 972 1380 D.

855 1397 936 1436 Au!
967 1409 1012 1435 ne
1039 1394 1323 1449 comparandus]
1348 1389 1461 1438 Prisc.

804 1451 874 1493 lib.
901 1463 963 1504 15.
1020 1455 1061 1493 L.

857 1508 1027 1560 Namque
1064 1520 1134 1559 pro
1172 1506 1319 1559 vulgati
1355 1505 1459 1543 Nam

805 1567 935 1618 quem?
964 1575 1116 1614 praeter
1135 1561 1380 1605 Bembinum,
1403 1570 1459 1598 et-

802 1622 881 1658 iam
908 1631 957 1657 ex
983 1618 1119 1658 nostris
1146 1617 1376 1656 veterrimus
1405 1628 1463 1655 re-

803 1676 863 1716 &e
882 1673 1009 1713 habet.
1062 1678 1106 1715 Β.

859 1743 911 1784 14
939 1730 1028 1769 Au!
1057 1743 1101 1769 ne
1118 1726 1381 1780 comparandus
1399 1724 1460 1764 hic

804 1787 948 1842 quidem
968 1785 1031 1838 est]
1061 1786 1134 1833 Au,
1155 1782 1375 1822 interiefflo
1404 1780 1460 1820 est

804 1841 1057 1882 contu1batae
1073 1838 1259 1888 feminae,
1277 1851 1351 1878 nec
1369 1850 1460 1878 con-

801 1898 933 1939 stantis
949 1895 1032 1936 fibi.
1088 1899 1137 1937 D.

857 1956 913 1994 Ne
941 1950 1209 2005 comparandus
1234 1949 1285 2003 is]
1310 1949 1375 1990 Sic
1405 1948 1460 1988 di-

800 2008 1101 2064 stinguendum,
1127 2017 1166 2046 vt
1186 2005 1228 2045 fit
1244 2002 1383 2056 sensus,
1410 2005 1461 2044 ad

802 2066 928 2115 illum,
969 2065 1033 2118 qui
1060 2063 1110 2102 ad
1137 2075 1204 2103 nos
1230 2063 1354 2110 venit,
1399 2060 1460 2101 hic-

802 2119 1005 2162 Eunuchus
1025 2132 1071 2159 ne
1090 2118 1355 2171 comparandus
1376 2119 1463 2172 qui-

802 2179 893 2218 dem.
946 2179 989 2216 Ε.

857 2233 938 2272 Nec
956 2244 1027 2284 pro
1037 2228 1093 2280 ize,
1114 2229 1338 2269 amstoritate
1349 2231 1463 2268 Bern-

803 2288 892 2327 bini
947 2288 1050 2327 male
1103 2285 1226 2325 edidit
1274 2287 1458 2324 Faernus.

803 2348 905 2386 Nam
923 2353 1191 2396 praeterquam
1210 2340 1315 2394 quod
1325 2354 1367 2380 ne
1376 2341 1462 2393 qui·

806 2401 884 2440 dem
913 2400 1060 2438 centies
1091 2396 1192 2449 apud
1221 2398 1312 2437 alios
1333 2409 1462 2434 occur-

805 2457 862 2503 rit,
883 2456 999 2494 etiam
1022 2453 1137 2494 nostri
1158 2465 1295 2493 omnes
1316 2452 1463 2491 habent

806 2526 861 2553 ne.
916 2513 956 2550 B.

865 2579 913 2623 ις
944 2564 1008 2662 Ige
1037 2578 1118 2608 erat
1137 2563 1284 2621 honesta
1299 2566 1404 2619 jacie
1416 2576 1466 2658 bet

915 2625 954 2665 D
1022 2634 1050 2675 4
1386 2620 1413 2661 h
1440 2633 1469 2657 ε..
