1815 3168
320 142 410 174 212

652 106 661 112 ”
704 128 865 173 Aer.
898 127 957 172 11.
1005 125 1298 174 SCEN.111.

450 258 597 301 Ducas
617 252 718 301 volo
739 254 872 309 hodie
891 253 1091 302 vxor'em:
1130 263 1193 307 tu,
1216 253 1382 308 ducam,
1406 256 1588 319 inquies.

355 346 413 392 ις
452 329 586 383 Cedo,
611 330 714 392 quid
734 329 922 389 iurgabit
940 330 1118 375 tecum?
1157 329 1229 375 hic
1258 330 1412 376 reddes
1447 336 1605 385 omnia,

450 408 576 459 Quae
601 422 719 450 nunc
739 405 835 450 sunt
855 415 969 450 certa
990 405 1030 448 ei
1055 401 1241 457 consilia,
1275 407 1437 452 incerta
1457 418 1503 454 vt
1524 406 1644 461 fient,

447 482 550 528 Sine
571 483 694 526 omni
714 478 896 544 periclo.
952 482 1072 526 Nam
1104 478 1239 527 hocce
1262 479 1369 527 haut
1402 481 1586 528 dubium
1608 482 1680 537 est,

545 556 652 619 quin
677 555 888 602 Chremes

447 629 558 679 Tibi
579 645 672 677 non
697 629 769 678 det
788 640 976 692 gnatam.
1001 646 1082 677 nec
1103 639 1153 679 tu
1185 645 1233 678 ea
1254 629 1372 680 causa
1398 633 1610 680 minueris

371 901 422 942 15
452 889 568 944 Cedo]
601 887 698 930 cedo
733 884 974 940 {iugulariter

314 957 489 987 tantum:
553 956 700 985 caetera
761 942 971 994 pluraliter.

312 1004 411 1043 Cedo
434 1002 523 1056 quid
539 998 750 1056 iurgabit?]
785 997 846 1039 Ab
876 999 969 1037 vtili.

310 1060 386 1100 Hic
413 1055 712 1108 reddes‚omnia]
743 1055 818 1093 Hic
835 1053 970 1092 aduer-

309 1115 419 1155 bium
437 1115 513 1154 loci
529 1126 613 1152 non
643 1110 717 1158 est,
754 1107 820 1149 sed
841 1108 971 1148 aduer-

307 1172 420 1211 bium
451 1169 645 1221 temporis.
672 1178 673 1181 ’
701 1170 756 1207 Vt
782 1166 969 1218 Virgilius

309 1230 435 1279 (Aen.
447 1240 504 1275 1x,
521 1225 633 1277 246.)
648 1239 656 1264 :
687 1223 763 1262 Hic
772 1224 968 1276 annisgra-

307 1286 366 1323 uis
383 1295 490 1335 atque
502 1282 616 1320 animi
627 1291 793 1318 maturus
804 1277 963 1317 Alethes.

308 1338 469 1392 Reddes]
497 1337 641 1383 Facies,
666 1333 849 1372 restitues.
883 1335 936 1373 D.

366 1395 463 1434 Cedo
485 1392 575 1445 quid
600 1387 765 1443 iurgabit
790 1388 963 1441 tecum?]

306 1447 433 1502 Ipsum
451 1446 598 1488 deinde
618 1445 730 1498 ponit
748 1443 964 1483 dicentem:

306 1507 382 1547 Hic
408 1504 534 1546 reddes
563 1505 704 1547 omnia,
741 1513 838 1554 quae
869 1512 967 1539 nunc

307 1575 409 1602 certa
427 1561 543 1613 stant,
573 1557 733 1610 confilia,
766 1557 908 1596 incerta
926 1568 970 1595 vt

298 1617 412 1670 fient.
478 1621 525 1658 E.

363 1675 416 1716 16
443 1673 592 1713 Incerta
607 1685 651 1711 vt
662 1668 779 1724 fient]
817 1668 894 1710 Hic
913 1666 967 1708 est

306 1739 486 1771 euentus.
540 1733 593 1771 D.

368 1796 419 1840 17
448 1787 531 1827 Sine
549 1785 647 1825 omni
664 1780 848 1835 periculo]
879 1783 965 1820 Hoc

304 1840 380 1890 est,
425 1841 509 1882 sine
555 1838 731 1880 ducenda
768 1837 966 1878 Philume-

308 1910 373 1937 na.
430 1897 484 1938 D.
863 1897 867 1899 “

357 1952 422 1993 Ab
456 1951 538 1992 vtili
571 1947 833 2002 subiungitur-2
876 1947 964 1986 Sine

305 2010 409 2049 omni
414 2007 597 2062 periculo]
629 2006 706 2047 Sed
719 2006 792 2043 hoc
805 2015 886 2042 tum
897 2002 962 2042 de-

302 2078 414 2106 mum
438 2062 638 2103 confilium
647 2061 800 2100 bonum
816 2058 871 2098 est
879 2060 963 2110 pol-

302 2122 409 2161 liceri
435 2120 552 2172 patri,
581 2118 608 2158 fi
630 2117 818 2159 Chremes
845 2114 963 2154 filiam

300 2175 409 2219 suam
437 2174 637 2226 Pamphilo
679 2173 782 2212 nolit
809 2170 961 2210 tradere

301 2245 475 2273 vxorem.
530 2235 631 2272 Nam
658 2229 685 2269 fi
702 2229 795 2269 velit
813 2238 963 2267 tentare

299 2286 553 2329 adolescentis
580 2287 728 2326 animos
756 2282 893 2332 senex,
923 2292 962 2324 et

302 2345 487 2384 continuo
513 2343 561 2383 ad
589 2341 845 2385 Chremetem
873 2352 959 2391 per·

301 2413 398 2454 gere
429 2410 470 2439 et
490 2410 626 2452 petere
644 2398 783 2446 filiam,
811 2396 956 2448 pericu-

1510 744 1513 749 *
1554 755 1680 801 liaec

1020 897 1152 927 tamen
1186 885 1306 927 tradat
1324 886 1545 939 aliquandO.
1602 885 1680 927 Ad-

1019 941 1148 982 uersus
1163 942 1260 982 istud
1271 945 1401 997 igitur,
1423 944 1482 982 Ne
1493 941 1680 993 confilium

1019 1012 1138 1043 mutet,
1154 999 1336 1051 Chremes,
1357 998 1457 1039 nihil
1477 998 1581 1039 aliud
1590 1012 1681 1038 con·

1019 1054 1090 1094 filii
1112 1055 1232 1097 datur,
1289 1058 1334 1096 Ε.

1073 1111 1150 1152 Nisi
1179 1111 1285 1165 legas
1307 1111 1448 1163 periclo
1478 1123 1548 1163 pro
1577 1112 1679 1163 peri-

1019 1167 1110 1216 culo,
1131 1177 1170 1207 et
1187 1170 1352 1206 exomni
1372 1167 1491 1207 elidas
1511 1180 1569 1213 φης
1600 1180 1679 1220 yer-

1015 1220 1074 1262 sus
1104 1223 1158 1262 est
1181 1222 1403 1274 impeditus.
1448 1225 1616 1274 Faernus
1641 1235 1679 1261 a·

1017 1278 1099 1330 pud
1136 1281 1177 1317 Β.

1076 1340 1124 1381 18
1153 1333 1235 1372 Nec
1258 1345 1299 1372 tu
1331 1345 1371 1371 ea
1404 1332 1514 1384 caufit
1539 1333 1681 1385 minue-¹

1015 1389 1088 1442 ris]
1135 1390 1223 1428 Hoc
1251 1388 1306 1427 est
1333 1388 1440 1440 quod
1467 1386 1596 1439 supra,
1627 1388 1677 1428 Id

1014 1447 1198 1492 mutauit,
1227 1448 1397 1498 quoniam
1422 1459 1477 1484 me
1506 1446 1675 1485 immuta-

1017 1513 1097 1541 tum
1127 1502 1240 1540 videt.
1295 1502 1375 1541 Nec
1399 1514 1440 1541 tu
1471 1516 1512 1540 ea
1536 1501 1672 1557 causa]

1018 1559 1122 1608 Quia
1141 1555 1357 1610 promiseris
1386 1568 1426 1597 te
1443 1554 1520 1598 effe
1538 1557 1674 1598 duetu-

1015 1627 1113 1653 rum.
1168 1616 1218 1654 D.

1073 1670 1154 1709 Nec
1171 1682 1215 1710 tu
1233 1683 1272 1711 ea
1282 1669 1385 1721 causti
1395 1672 1568 1710 minueris
1582 1668 1673 1710 haec

1016 1739 1110 1780 quae
1124 1727 1252 1779 facis,
1296 1729 1326 1766 is
1352 1740 1395 1765 ne
1420 1739 1537 1766 mutet
1557 1726 1672 1777 fitam

1003 1782 1253 1836 fintentiam]
1303 1786 1389 1823 Hoc
1417 1782 1576 1833 quidem
1604 1782 1670 1821 ob-

1012 1836 1118 1877 scure
1135 1838 1277 1877 distum
1298 1838 1361 1885 est,
1383 1835 1446 1877 sed
1457 1837 1510 1877 est
1519 1835 1666 1876 sensus:

1012 1893 1129 1934 Vnde
1153 1904 1213 1942 tu,
1241 1891 1472 1931 sententiam
1495 1890 1600 1937 suam
1617 1906 1669 1932 ne

1009 1946 1135 1987 mutet
1161 1948 1361 1999 Chremes,
1387 1946 1484 1986 haec
1503 1959 1601 1999 quae
1612 1947 1668 1988 fa-

1010 2007 1073 2053 cis,
1096 2015 1244 2043 mutare
1265 2004 1366 2053 noli,
1386 2015 1427 2043 vt
1445 2003 1666 2044 adamicam

1010 2059 1136 2100 vadas.
1194 2059 1307 2101 Redit
1337 2057 1462 2099 rursus
1487 2059 1536 2098 ad
1568 2073 1664 2100 con-

1009 2116 1142 2164 silium,
1165 2116 1276 2156 Patri
1293 2116 1352 2163 dic,
1378 2113 1485 2156 velle:
1515 2125 1557 2154 et
1577 2128 1666 2156 cou-

1011 2173 1132 2212 cludir
1150 2183 1356 2213 euentum:
1388 2172 1480 2212 Cum
1508 2171 1599 2210 velit
1616 2175 1665 2211 ti.

1009 2230 1048 2269 bi
1066 2231 1144 2268 iure
1166 2229 1294 2281 irafii,
1325 2241 1399 2268 non
1424 2240 1543 2281 queat.
1587 2229 1663 2267 Hie

1010 2284 1193 2339 quaestio,
1249 2284 1326 2326 Sed
1344 2284 1452 2324 aliam
1471 2295 1580 2334 parer
1597 2297 1661 2335 po-

1009 2341 1098 2380 terit
1124 2353 1310 2392 quaerere
1329 2352 1498 2378 vxorem.
1552 2338 1660 2380 Huic

1005 2393 1258 2449 respondetur
1340 2396 1658 2436 coniee'luraliter.

299 2455 422 2497 losum
442 2455 509 2498 est.
557 2454 651 2497 Ideo
668 2453 866 2506 adiungit3
883 2450 956 2492 for·
1008 2453 1112 2492 Nam
1139 2453 1239 2506 quod
1264 2466 1304 2492 zu
1317 2451 1469 2503 speras,
1506 2451 1660 2504 propul-

300 2511 393 2552 taffe
426 2508 533 2564 pofl'e
567 2512 693 2562 aliqua
726 2509 884 2558 mutari,
917 2517 958 2546 vt
993 2508 1090 2561 fizbo
1107 2508 1236 2560 facile.
1279 2509 1350 2548 His
1370 2505 1535 2547 moribus
1554 2506 1658 2547 dabit

298 2568 489 2612 Chremes
513 2567 674 2622 quidem
709 2577 816 2609 nunc
845 2564 956 2613 nolit,
1004 2565 1135 2621 nemo]
1181 2563 1330 2618 Speras,
1358 2564 1400 2606 id
1428 2562 1506 2614 est,

1535 2565 1655 2612 times,

1543 2626 1656 2675 &noeq-
