1815 3168
706 206 1001 254 ANDRIA.

1448 219 1540 267 ¹33

306 339 391 385 Me
413 334 580 382 audiuit
602 333 721 387 stare,
745 342 1025 399 approperat.
1059 345 1149 378 non
1174 331 1233 378 sat
1255 333 1486 379 commode

308 411 456 460 Diuisa
481 411 576 457 sunt
601 411 874 475 temporibus
903 409 1003 461 tibi,
1037 412 1184 460 Daue,
1219 408 1337 455 haec.
1381 406 1470 453 DA
1487 419 1536 452 V.

412 485 566 532 mihin’
579 483 601 535 ’ἰ

305 559 382 610 SI.
421 566 548 607 Num
567 563 801 607 immemor
823 575 866 606 es
889 557 1116 624 discipuli'.>
1150 555 1277 606 DAV.
1310 572 1407 617 ego,
1432 556 1537 619 quid

405 653 566 689 narres,
591 635 749 685 nescio.

161 877 163 879 ¹
182 889 193 893 -
233 866 284 910 17
318 856 408 896 Non
421 855 491 908 fin
511 846 691 896 commode
707 851 828 904 diuzjfiz
851 893 854 895 Α

162 910 275 967 fient]
312 911 481 955 Confusa
500 911 586 951 sunt
604 911 827 958 tibiomnia‚

174 971 319 1020 inquit:
347 983 421 1008 nee
443 966 746 1020 vnumquodque
767 963 829 1004 suo

174 1036 351 1077 tempore
379 1026 532 1078 geritur.
572 1038 646 1076 qua
673 1036 715 1062 re
743 1035 830 1075 pro·

175 1081 285 1120 deris.
316 1081 499 1135 Nonfizt]
528 1094 610 1119 non
633 1078 729 1119 satis.
759 1079 832 1118 Di-

173 1137 252 1188 uisa
272 1137 388 1187 fimt,
419 1137 565 1190 digesta
590 1147 628 1175 et
649 1134 830 1186 composi·

175 1204 223 1239 ta,
249 1193 499 1233 etdistributa.
526 1191 768 1246 temporibus]
789 1189 830 1230 id

176 1249 238 1298 est,
259 1262 327 1299 per
345 1260 529 1303 tempora.
582 1253 631 1290 D.

232 1360 324 1400 Non
364 1360 431 1410 fin
488 1360 668 1399 commode
714 1359 834 1410 diuisit

167 1414 279 1470 sient]
312 1420 402 1456 Non
423 1416 540 1461 bene,
569 1417 708 1467 inquit,
736 1416 834 1455 haec

179 1471 362 1519 diuilistis,
384 1484 458 1511 nec
479 1471 584 1511 bene
595 1471 833 1522 temporibus

179 1526 392 1567 tradidistis
452 1527 568 1576 Quasi
608 1527 709 1566 Daui
748 1540 836 1565 con-

177 1584 258 1622 filio
279 1583 344 1622 ista
367 1584 557 1634 completa
575 1581 670 1630 sunt,
694 1593 731 1621 vt
747 1596 835 1621 cum

178 1638 298 1679 senex
316 1649 406 1677 ante
426 1638 589 1677 hostium
600 1637 723 1687 staret,
745 1648 835 1676 tunc

179 1696 365 1734 continuo
381 1705 533 1746 pareret
550 1693 690 1746 puella.
748 1697 792 1734 E.

235 1812 281 1854 18
328 1804 533 1860 Mihin'?]
573 1804 714 1845 Adhuc
757 1803 835 1842 Da-

178 1876 249 1901 uus
267 1875 346 1900 non
362 1861 536 1913 percipit,
556 1860 716 1900 etbene.
731 1858 835 1910 quast

179 1919 298 1966 dicat,
330 1931 416 1956 cum
436 1918 502 1957 ille
518 1918 714 1970 loquatur,
744 1915 835 1954 illae

179 1985 307 2027 agant.
364 1975 413 2014 D.

228 2097 289 2138 >19
328 2084 435 2125 Num
470 2082 693 2124 immemores
730 2082 837 2133 dzfii-

179 2141 308 2195 puli?]
338 2138 526 2192 Discipuli
536 2139 663 2193 Myfis,
683 2137 835 2188 Lesbia,

182 2209 221 2237 et
240 2196 464 2248 Pamphilus,
489 2209 626 2235 omnes
650 2210 720 2248 per
740 2209 836 2247 quos

183 2254 305 2306 agitur
323 2252 479 2291 fallacia.
527 2255 636 2292 Bene
655 2265 748 2304 ergo
769 2248 837 2290 dis-

183 2310 327 2361 cipulos
347 2309 549 2360 imperitos
581 2307 766 2354 ostendit,
801 2317 840 2345 et

183 2364 399 2418 magistrum
419 2368 582 2405 Dauum.
614 2365 703 2415 quia
734 2361 842 2414 supra

184 2421 298 2469 dixit,
339 2422 428 2460 Tum
455 2419 498 2472 fi'
521 2423 601 2474 quis
627 2419 841 2474 magzflrum

186 2478 278 2528 cepit
318 2478 366 2516 ad
399 2490 477 2516 eam
510 2490 584 2515 rem
624 2475 840 2527 improbum.

186 2532 291 2571 Num
329 2534 514 2572 immemor
549 2547 585 2572 es
621 2531 841 2585 discipuli?]

188 2588 268 2628 Alii
297 2586 359 2626 hie
375 2587 613 2640 Pamphilum
641 2586 843 2641 significari

191 2654 325 2694 putant
360 2642 607 2695 discipulum:
653 2645 742 2696 quia
770 2648 845 2685 Da-

191 2710 260 2738 uus
298 2699 485 2753 magister.
549 2703 649 2742 Nam
686 2701 848 2740 nomina

1473 724 1534 755 20

880 714 970 774 13

877 854 924 905 ad
952 852 1098 905 aliquid
1121 852 1324 905 <intelligit
1344 850 1473 892 Relata
1499 859 1539 889 et

879 912 1077 952 Con-elata
1090 909 1339 962 Logicorum)
1352 905 1453 953 sunt,
1471 904 1541 946 dis-

880 968 1027 1019 cipulus
1050 977 1088 1006 et
1097 964 1284 1017 magister.
1305 968 1354 1005 Et
1365 968 1455 1002 tunc
1468 961 1541 1012 dzf

880 1025 1010 1076 cipuli,
1040 1022 1236 1076 genitiuus
1265 1020 1320 1059 est
1336 1019 1539 1073 fingularis

881 1077 993 1119 casus.
1053 1078 1131 1117 Alii
1161 1076 1393 1116 nominatiui
1416 1076 1539 1127 plura-

879 1137 925 1176 lis
948 1144 1105 1187 putant:
1132 1144 1171 1172 vt
1198 1131 1402 1185 discipulos
1434 1131 1540 1169 dixe-

881 1194 948 1240 rit,
977 1203 1111 1230 omnes
1130 1202 1200 1241 pei·
1218 1184 1311 1241 quos
1330 1189 1456 1243 agitur
1475 1186 1541 1225 fal-

879 1250 983 1297 lacia,
1003 1244 1212 1286 secundum
1230 1243 1323 1285 illud
1338 1276 1346 1292 ,
1403 1239 1546 1293 Tumst=

881 1306 966 1357 quis
1007 1300 1221 1356 magistrum
1254 1303 1348 1353 cepit
1381 1300 1431 1339 ad
1461 1313 1541 1342 eam
1585 1299 1587 1301 ’

885 1375 959 1399 rem
977 1357 1196 1410 improbum.
1229 1357 1333 1395 Num
1350 1358 1541 1394 immemor

885 1430 920 1454 es
942 1413 1126 1466 difiiptulz']
1164 1412 1305 1460 Deest,
1333 1425 1438 1450 nunc.
1494 1414 1541 1451 Et

884 1471 990 1509 bene
1011 1469 1200 1520 dcscipuli:
1225 1469 1313 1519 quia
1327 1466 1449 1519 ipsum
1465 1481 1543 1505 ma-

887 1526 1042 1580 gistrum
1060 1523 1167 1575 supra
1184 1523 1286 1563 fecit.
1343 1525 1435 1578 Eg0‚
1454 1522 1544 1576 quid

885 1595 1026 1628 narres,
1051 1580 1187 1633 nescio]
1223 1580 1336 1630 Quafi
1358 1578 1544 1618 fabulam.

886 1638 979 1692 EgO,
999 1638 1091 1690 quid
1110 1650 1255 1684 narres,
1274 1634 1408 1688 msc-io]
1437 1636 1544 1674 Sem·

886 1701 956 1745 ‘per
983 1694 1035 1730 ita
1065 1688 1272 1742 respondet
1288 1693 1419 1730 Dauus
1449 1687 1543 1736 seni,

885 1759 1068 1800 tanquam
1096 1760 1178 1786 non
1202 1746 1416 1798 intelligat,
1448 1745 1543 1797 quid

884 1805 1071 1856 loquatur.
1126 1806 1178 1845 D.

942 1916 1049 1955 Num
1080 1916 1270 1953 immemor
1298 1927 1333 1953 es
1358 1912 1543 1967 difiiput’i]

884 1974 1007 2024 Supra
1034 1972 1141 2012 enim
1170 1970 1340 2019 dixerat,
1395 1969 1436 2008 Si
1463 1973 1547 2022 quis

884 2026 1101 2083 magistrum
1131 2029 1266 2080 ceperit
1299 2026 1348 2064 ad
1368 2039 1445 2064 eam
1470 2039 1546 2064 rem

886 2083 1103 2138 improbum.
1163 2090 1291 2132 Atque
1321 2084 1373 2120 ita
1390 2081 1443 2120 est
1464 2078 1547 2120 sen·

887 2139 946 2180 sus
976 2140 1057 2179 hic:
1091 2142 1192 2179 Num
1218 2138 1405 2189 quidnam
1435 2148 1474 2175 tu
1505 2147 1546 2176 es

887 2197 1095 2236 immemor
1116 2191 1292 2246 discipuli
1310 2193 1377 2240 tui,
1392 2193 1466 2231 hoc
1478 2192 1544 2239 est,

886 2251 1085 2304 Pamphili.
1132 2254 1182 2290 Et
1201 2249 1255 2290 est
1273 2260 1547 2302 argumentum

889 2323 909 2347 a
932 2310 1078 2347 maiore
1100 2305 1148 2346 ad
1167 2307 1312 2344 minus.
1368 2308 1411 2345 E.

947 2422 1053 2472 Lego
1081 2432 1166 2457 cum
1182 2420 1341 2457 Donato
1370 2420 1551 2455 immemo-

891 2489 959 2515 res.
1015 2476 1150 2515 Altera
1174 2473 1308 2520 leem,
1342 2486 1456 2524 quam
1483 2486 1552 2524 po·

892 2529 963 2570 suit
980 2533 1155 2572 Donatus
1184 2541 1222 2568 et
1249 2529 1426 2581 expreffit
1442 2531 1553 2567 Faer-

894 2600 985 2635 nus,
1029 2590 1220 2625 immemor
1240 2599 1274 2624 es
1304 2584 1480 2636 discipuli,
1506 2582 1551 2623 sc.

894 2643 1094 2696 Pamphili,
1115 2643 1231 2694 plane
1249 2643 1386 2693 inepta
1405 2639 1469 2679 est.
1513 2644 1552 2680 B.

896 2699 1126 2740 Immemores
1147 2697 1271 2738 edidit
1285 2696 1453 2749 Sandby.
1484 2699 1525 2736 Z.
