1815 3168
543 97 957 146 EVNVCHVS.

1323 117 1417 161 401

196 232 257 275 At
279 242 412 290 quem
434 226 613 272 Deum?
657 226 734 288 qui
756 224 919 290 templa
949 222 1058 271 coeli
1089 223 1255 272 summa
1280 227 1422 276 sonitu

295 302 500 349 concutit.

195 381 294 440 Ego
327 377 566 423 homuncio
602 376 687 422 hoc
705 394 797 424 non
819 374 1036 424 facerem?
1073 391 1157 436 ego
1179 375 1288 423 illud
1318 394 1425 427 vero

292 454 349 499 ita
369 453 464 505 feci,
487 470 532 499 ac
553 452 724 504 lubens.

61 645 103 674 et
125 637 223 674 Ioue
258 631 420 685 indigna
457 630 715 682 proferuntur,

1299 530 1429 575 Dum

818 640 874 679 42
902 627 981 683 Qi
1006 627 1139 681 templa
1165 630 1258 668 coeli
1276 629 1426 680 ficmma

62 703 102 731 vt
121 691 257 729 merito
278 686 466 739 sequatur,
475 688 557 743 Ego
568 688 719 726 homun-
757 684 890 736 finitu
909 686 1088 739 concutit]
1120 684 1181 726 Ab
1202 685 1429 725 auem-itate

53 748 119 786 'cio
136 745 204 784 hoc
223 747 487 797 nmzfizcerem,
512 742 616 795 quod
633 757 716 782 non

60 801 181 843 solum
201 815 281 839 non
303 801 407 848 Ioui,
438 798 503 838 sed
524 812 576 838 ne
595 798 717 838 homi·

60 861 103 899 ni
124 858 297 910 quidem,
317 855 382 895 nist
399 854 496 904 furi,
525 866 656 906 aptum
681 868 718 895 e-

59 915 143 955 rat?
175 913 464 964 Fucumfac'tum
481 911 641 959 mulieri]
676 910 719 950 Id

60 972 136 1018 est,
165 981 208 1010 vt
222 969 357 1022 siccum
365 967 532 1021 faceret,
558 966 632 1006 hoc
654 967 718 1016 est,

61 1026 214 1067 infidias
250 1035 290 1065 et
320 1023 510 1064 fraudem.
568 1024 719 1072 Fucum,

61 1082 219 1122 astutam
249 1080 450 1123 fraudem:
486 1090 525 1119 et
561 1080 720 1128 mulieri,

62 1152 144 1192 pre,
158 1139 334 1190 ftminae.
389 1138 439 1177 D.

116 1195 252 1234 Fucum
272 1192 439 1245 fizc‘tum]
469 1192 533 1231 Sic
559 1202 649 1232 vett.
682 1201 721 1231 et

63 1255 165 1300 Acro
193 1249 241 1288 ad
260 1251 394 1287 Horat.
424 1246 488 1286 lib.
517 1260 566 1286 11.
589 1250 664 1288 Sat.
683 1260 721 1288 2.

63 1305 240 1348 Placidus
286 1304 454 1345 Lactant.
505 1314 636 1341 tamen
682 1304 722 1342 in

64 1364 158 1402 Stat.
172 1361 266 1413 legit
275 1360 430 1398 Furtum
438 1358 580 1408 fimum
593 1372 601 1396 ε
616 1358 721 1408 quod

68 1431 139 1470 pro
160 1429 250 1454 vero
269 1416 391 1454 nolim
412 1413 600 1465 probare:
629 1415 723 1452 licet

66 1472 166 1513 nihil
176 1470 426 1523 frequentiuS,
442 1483 555 1520 quam
563 1469 722 1521 fitrtum

67 1529 207 1568 amoris
236 1527 376 1581 gaudia
409 1525 538 1564 illicita
566 1539 716 1565 vocare.

66 1588 221 1624 Petron.
256 1596 286 1622 c.
331 1592 420 1624 100.
478 1581 580 1635 Ergo
619 1595 727 1619 amor

55 1641 211 1694 furtum
224 1641 367 1691 potius.
394 1649 502 1689 quam
521 1640 726 1689 praemium

67 1699 166 1736 erit?
194 1695 332 1735 Statius
352 1694 391 1732 in
412 1692 551 1732 Achill.
576 1706 604 1741 1,
631 1696 725 1746 640.

65 1777 122 1784 —
151 1751 258 1801 densa
279 1751 398 1789 nodis
410 1750 566 1803 gauisus
586 1751 627 1788 in
648 1763 726 1788 vm-

68 1807 136 1848 bra
163 1805 380 1858 Tempestiua
395 1806 482 1856 fiais
508 1816 654 1859 torpere
672 1805 726 1857 fi-

69 1864 180 1904 lentia
189 1864 337 1915 furtis.
396 1865 436 1902 L.

123 1921 244 1972 Lege,
271 1915 404 1969 Venffi
423 1914 646 1956 clanculum:
659 1926 728 1968 per

22 1993 25 1996 ·
61 1974 370 2028 pluuiamfucwn
389 1984 460 2012 etc.
514 1977 615 2014 Nam
640 1985 728 2011 cum

67 2032 299 2081 Impluuium
326 2029 370 2069 fit
400 2030 506 2067 locus
538 2029 637 2067 intra
665 2041 728 2067 ae·

72 2088 139 2126 des
161 2099 287 2133 cauuS,
309 2100 331 2124 a
350 2083 427 2124 solo
447 2084 496 2124 ad
516 2081 728 2124 coelumvs-

71 2156 149 2194 que
174 2143 342 2195 patulus,
378 2152 418 2180 vt
445 2142 573 2180 lucem
592 2140 729 2179 admit·

72 2209 136 2244 tat,
155 2210 195 2237 et
213 2211 311 2249 aqua
333 2197 384 2237 de
400 2199 500 2236 tecto
519 2196 731 2236 collecTtail-

73 2255 137 2292 luc
167 2255 343 2305 impluat:
374 2254 520 2305 Iupiter
546 2252 571 2291 fi
600 2265 671 2304 per
690 2252 729 2289 il-

71 2309 146 2349 lud
181 2307 393 2358 decidiffet‚
435 2323 517 2348 non
551 2309 727 2359 proprior

73 2369 234 2408 Danaae
252 2365 427 2404 cubiculo
452 2363 590 2414 fuisset,
613 2377 728 2415 qnam

73 2421 102 2460 si
130 2419 222 2460 foris
250 2421 293 2459 in
323 2421 381 2460 via
409 2418 513 2462 effer„
570 2421 648 2462 Sed
678 2434 728 2459 ex

74 2476 203 2517 nostra
231 2476 505 2517 emendatione
523 2477 652 2516 Imber
671 2491 729 2515 au-

75 2546 164 2573 reus
189 2545 260 2584 per
278 2533 423 2585 tegulas
440 2534 482 2573 in
503 2534 661 2587 virginis
674 2547 733 2572 cn·

29 2595 36 2599 ’
76 2588 248 2631 biculum
275 2588 467 2641 perfluxin
523 2592 563 2631 B.

767 739 975 793 personae,
1010 751 1049 779 vt
1078 740 1121 779 fit
1150 742 1192 779 in
1220 743 1424 794 exemplis.

766 796 899 836 Sonitu
918 797 1095 851 concutit]
1125 802 1281 843 Παρῳδία
1293 797 1343 836 de
1354 802 1431 839 En-

768 854 847 892 nio.
910 853 1058 905 Templa
1081 853 1190 906 coeli]
1221 855 1429 893 Sententia

768 909 933 962 tragica:
964 906 1029 948 sed
1049 909 1100 949 de
1117 908 1312 960 industria,
1341 924 1429 950 non

769 978 912 1005 errore.
971 967 1020 1004 D.

826 1020 900 1061 Etfi
909 1019 973 1058 hic
985 1019 1084 1059 nihil
1095 1020 1327 1061 mutandum
1339 1036 1430 1063 cen·

770 1076 855 1123 seo,
883 1074 1105 1129 praesertim
1124 1090 1210 1116 cnm
1229 1080 1431 1119 Lueretius

767 1147 824 1183 vl,
846 1135 939 1186 386.
959 1132 1102 1172 eodem
1121 1134 1241 1173 modo
1260 1133 1311 1173 de
1327 1136 1432 1177 louis

770 1189 945 1241 potentia
964 1190 1164 1240 loquatur:
1195 1200 1326 1230 tamen
1351 1192 1430 1231 ele-

772 1246 926 1299 gantius
947 1243 1041 1284 effet
1059 1259 1168 1292 nutu,
1199 1259 1314 1297 quam
1324 1247 1432 1298 sbni-

772 1315 829 1353 ιιι,
850 1302 939 1351 quia
960 1301 1349 1342 maior-emindicaret
1359 1317 1434 1355 po-

771 1357 951 1413 tentiam:
993 1356 1044 1394 vti
1081 1359 1272 1395 Homerus
1304 1358 1432 1407 finxit,

772 1415 800 1451 H’
815 1442 824 1459 ‚
843 1419 896 1448 καὶ
922 1417 1087 1458 κυανέῃσιν
1112 1413 1167 1449 ἐπ’
1193 1411 1319 1458 ὀφρύσι
1337 1417 1433 1453 νεῦσε

771 1474 925 1515 Κρονίων,
950 1490 1006 1499 —
1034 1490 1089 1498 —
1116 1474 1221 1514 μέγαν
1242 1469 1269 1506 δ’
1290 1472 1433 1518 ἐλέλιξεν

778 1523 930 1568 &Ausim-ou·
985 1525 1027 1562 B.

830 1577 1053 1618 Menander
1072 1578 1115 1616 in
1143 1581 1192 1623 τῷ
1212 1572 1297 1624 ἥρωι
1325 1577 1434 1628 apud

772 1635 878 1676 Stob.
909 1634 1057 1673 Δέσποιν’
1080 1631 1216 1680 Eueni-roc,-
1238 1632 1319 1672 κ’δέν
1336 1631 1434 1678 ἶσχό-

986 1690 1066 1729 Οὐδ’
1082 1689 1185 1734 ἀντ-ὃς
1211 1695 1227 1726 ὃ
1248 1691 1376 1736 κρατῶν
1402 1695 1435 1728 ἐν

773 1749 881 1794 §ymni
914 1748 1008 1786 Θεῶν
1043 1745 1153 1793 zade,
1199 1748 1273 1783 ἀλλ’
1322 1745 1434 1792 ἐκείνῳ

774 1803 872 1842 πάντ’
904 1805 1128 1848 ἀναγκασθεὶς
1155 1807 1253 1841 ποιεῖ.
1311 1803 1377 1840 W.

827 1870 880 1912 43
919 1860 998 1912 Ego
1034 1857 1224 1896 homuncio
1261 1856 1332 1896 hoc
1358 1871 1435 1897 non

766 1914 989 1968 filcerem?]
1021 1915 1220 1953 Oratorie:
1251 1916 1435 1953 vtIouem

777 1971 926 2018 extulit,
956 1971 1010 2009 ita
1029 1969 1194 2009 detraxit
1212 1969 1298 2008 fibi:
1324 1980 1436 2021 vtpu-

777 2038 833 2073 ta,
863 2027 934 2067 Ille
961 2025 1015 2065 est
1037 2025 1154 2075 deus,
1184 2036 1223 2064 et
1249 2038 1436 2078 magnus:

777 2096 855 2137 ego
883 2096 968 2121 non
1001 2081 1142 2129 homo,
1178 2079 1243 2120 sed
1271 2080 1436 2120 homun-

778 2141 851 2179 cio.
908 2141 956 2178 D.

775 1709 802 1729 ει
819 1697 926 1729 πλέον.

833 2197 915 2249 Ego
938 2192 1130 2232 homuncio
1156 2190 1223 2230 hoc
1240 2205 1313 2230 non
1328 2192 1436 2244 deace-

778 2251 911 2303 rem?]
951 2250 1119 2301 Elegans
1154 2249 1259 2286 locus
1296 2247 1438 2288 Aristo-

777 2303 1353 2358 phan.i11Nubib.1075.Maexdq
1365 2303 1436 2351 γὰρ

777 2362 814 2407 s'q'v
851 2360 964 2408 τύχῃς
1000 2359 1112 2407 οἳλὲς,
1160 2359 1247 2398 ‘take‘
1287 2365 1438 2407 ἀντερεῖς

779 2418 864 2466 weda,-
890 2416 1014 2464 αᾶτδν,
1053 2416 1106 2458 εἰς
1143 2416 1220 2454 έδὲν
1258 2417 1439 2460 filantem:

782 2474 844 2513 εἶτ’
871 2481 918 2517 εἷς
944 2473 1004 2512 τᾶν
1030 2472 1080 2511 Δι’
1107 2475 1344 2521 §musve-72:513:
1374 2473 1440 2521 1(ςέ-

781 2537 882 2574 uehat:
908 2530 952 2574 ὦς
982 2527 1084 2571 ἥτῗων
1114 2526 1233 2576 ’ἔρωτός
1270 2529 1341 2576 ἐςι,
1384 2536 1439 2565 καὶ

782 2590 955 2635 γυναικῶν,
993 2592 1056 2628 Καὶ
1080 2601 1129 2623 τοι
1157 2584 1202 2623 εὖ
1230 2584 1350 2629 &rna-0¹23
1380 2583 1434 2630 ὢν,

896 2644 969 2684 CC-
1374 2642 1444 2680 Θεέ
