1815 3168
611 75 1022 122 EVNVCHVS.

1410 87 1503 135 327

260 204 345 252 Sed
373 204 499 251 video
522 203 706 250 herilem
729 199 869 248 filium
892 204 1113 248 minorem
1131 200 1218 246 huc
1238 200 1462 248 aduenire.

260 283 424 333 Miror,
447 280 552 344 quid
577 294 627 325 ex
654 281 805 326 Piraeo
832 278 1006 325 abierit:
1043 292 1147 322 nam
1172 275 1235 321 ibi
1254 275 1393 323 custos
1416 294 1499 341 pu—

356 355 468 402 blice
490 354 704 402 estnunc.

157 430 223 482 60
257 436 365 478 Non
387 444 551 477 temere
574 429 655 487 est3
695 441 739 477 et
761 445 1007 495 properans
1032 427 1174 475 venit:
1211 424 1354 474 nescio
1388 424 1497 489 quid

354 504 699 572 circumspefflmt.

153 652 458 707 ACTVS
521 650 941 705 SECVNDI
997 647 1456 701 SCENA111.

463 742 769 783 CHAEREA.

309 884 591 929 Occtn1.

820 739 1140 783 PARMENO.

1324 955 1489 1015 Neque

168 1066 217 1113 58
251 1060 321 1101 Sed
341 1048 448 1101 video
474 1059 620 1100 herilem
631 1057 784 1114 filium]
827 1057 983 1110 Quibus
1005 1057 1184 1099 Chaerea
1205 1056 1259 1096 est
1289 1086 1298 1096 .
1338 1086 1347 1095 .
1385 1086 1394 1095 .
1435 1084 1443 1093 .
1475 1085 1485 1094 .

115 1121 209 1160 Non
240 1116 362 1169 potest
379 1119 593 1158 Terentius
611 1114 773 1164 τρόφιμον

113 1175 273 1227 proprie
301 1174 452 1213 dicere:
500 1173 590 1214 ideo
627 1171 775 1212 herilem

104 1229 230 1282 filium
251 1230 355 1269 dicit.
414 1235 465 1271 D.

166 1286 239 1326 Sed
281 1283 402 1331 video]
453 1281 527 1326 Ms.
563 1283 636 1323 Sed
671 1284 773 1324 vide-

112 1356 173 1381 on.
230 1345 271 1382 L.

166 1410 217 1451 59
248 1396 380 1435 Miror
395 1394 489 1448 quid
507 1409 554 1433 ex
564 1394 698 1434 Piraeo
708 1394 771 1434 ab·

113 1455 219 1502 ierit]
248 1453 322 1492 Hic
344 1448 449 1490 causa
469 1450 773 1498 ostendum-,cur

112 1508 234 1561 potest
264 1509 419 1561 ignotus
448 1503 527 1545 effe
546 1507 704 1554 vicinis,
731 1517 773 1546 et

111 1579 182 1618 pro
211 1562 417 1613 Eunucho
444 1561 553 1615 fingi.
608 1561 766 1616 Miror]

110 1626 183 1662 Pro
221 1617 363 1659 nescio.
422 1620 557 1658 Miror
594 1618 687 1671 quid
720 1633 769 1660 ex

111 1678 246 1716 Piraeo
278 1671 432 1720 abierit]
460 1677 513 1715 Vt
551 1685 599 1712 ex
632 1675 769 1714 Piraeo

114 1732 339 1778 discederet,
360 1727 530 1783 symbola
542 1731 771 1769 amicorum:

110 1801 150 1829 vt
170 1789 244 1827 huc
264 1787 511 1837 perueniret,
541 1785 675 1826 omifl'o
702 1799 770 1825 ne-

110 1847 240 1901 gotio,
272 1840 442 1894 aspec‘tus
471 1843 632 1894 virginis
660 1841 770 1883 fecit.

47 1896 51 1899 ⁸
108 1903 211 1942 Nam
228 1898 282 1940 ibi
300 1897 414 1950 custos
429 1896 588 1950 publice]
619 1898 770 1941 Λάμεχ·-

109 1955 167 1997 sus
204 1955 447 2009 praedonum
484 1951 654 1994 incursus
690 1955 770 1994 illic

110 2012 323 2055 excubabat
343 2012 528 2049 inuentus
546 2012 681 2051 Attica.
709 2011 772 2050 1³1·-

111 2083 244 2115 raeum,
271 2077 308 2106 vt
331 2068 493 2115 Sunium,
519 2064 574 2104 est
584 2067 773 2106 maritima

110 2137 149 2168 et
169 2121 312 2165 accessu
334 2122 486 2176 littoris,
497 2134 580 2173 pars
601 2124 773 2162 clemen-

111 2182 196 2221 tior.
255 2176 399 2219 Publice
432 2178 477 2229 est
503 2178 615 2226 nunc]
657 2179 771 2218 Nunc

110 2237 289 2289 ambigua
322 2234 567 2275 distinctione
602 2233 772 2286 pofitum

114 2292 179 2332 est.
239 2294 286 2332 D.

167 2359 219 2402 59
249 2346 308 2385 Ex
324 2346 475 2394 Piraeo]
495 2347 616 2387 Locus
630 2344 685 2385 est
696 2359 772 2385 ma-

114 2405 145 2444 ri
168 2403 312 2442 vicinus
330 2403 433 2442 iuxta
449 2401 637 2449 Athenas,
659 2413 771 2453 aptus

115 2460 165 2500 ad
184 2459 431 2509 voluptatem.
472 2459 772 2508 Deniquecom-

114 2523 304 2555 memorat
326 2512 453 2565 postea
472 2511 704 2562 adolescens,
733 2515 773 2552 il-

112 2573 161 2614 lie
179 2571 247 2612 fibi
269 2568 492 2623 conuiuium
519 2568 772 2623 praeparasse.

824 1113 1059 1167 praepositus
1086 1127 1249 1153 coenam
1282 1110 1490 1151 contuber-

824 1172 973 1211 nalibus
984 1181 1185 1224 praeparet
1197 1167 1289 1222 (Ms.
1301 1179 1463 1220 vterque
1474 1180 1487 1206 z

823 1226 969 1282 Qibus
992 1227 1151 1267 Chaerea
1168 1222 1398 1278 praepofi'tus
1412 1238 1485 1263 coe-

824 1298 909 1323 nam
931 1282 1255 1323 contubernalibus
1260 1292 1483 1333 praeparat.

823 1342 889 1378 W.
946 1338 1190 1391 Eugraphius
1218 1337 1281 1375 hic
1310 1334 1486 1375 recense-

823 1408 866 1434 re
891 1394 1012 1433 voluit
1029 1391 1168 1441 causas,
1200 1406 1266 1431 cur
1288 1391 1484 1430 aduentus

821 1449 1027 1493 Chaereae
1044 1450 1280 1490 Parmenoni
1300 1448 1490 1487 mirabilis

820 1506 864 1545 fit
887 1504 1007 1551 visus3
1038 1519 1183 1557 nempe
1200 1505 1484 1544 lociamoenita-

820 1576 902 1609 tem,
924 1561 1095 1600 conuiuii
1116 1573 1335 1614 apparatum
1365 1573 1403 1599 et
1421 1572 1482 1597 cus-

816 1618 972 1668 stodiam
1012 1615 1218 1669 publicam.
1266 1618 1331 1668 Z.)
1384 1615 1487 1655 Ideo»

819 1674 983 1721 adiecit,
1012 1687 1100 1712 nam
1122 1672 1176 1712 ibi
1201 1670 1314 1723 eustos
1335 1670 1484 1724 publice

819 1730 990 1783 estnunc.
1047 1732 1091 1769 E.

875 1789 930 1829 60
962 1785 1057 1824 Non
1076 1798 1207 1824 temere
1219 1784 1280 1838 est]
1303 1786 1481 1839 VtVirg-.

818 1845 941 1897 (Aen.
968 1854 1032 1888 lx,
1060 1842 1173 1894 375.)
1212 1842 1321 1880 Haut
1344 1854 1480 1882 temere

818 1899 865 1952 est
885 1897 1019 1949 vifiam.
1075 1898 1125 1936 Et
1139 1909 1345 1950 properans
1359 1898 1482 1952 venit]

818 1956 923 1997 Mire
942 1955 1162 1992 locuturum
1184 1966 1276 1994 ante
1285 1952 1483 2003 formauit,

819 2023 859 2052 vt
898 2010 1026 2065 gestus
1067 2009 1186 2049 verba
1233 2010 1484 2061 praecedant,

821 2067 939 2109 verba
978 2065 1154 2105 habitum
1183 2063 1483 2118 consequantur.

876 2178 967 2219 Non
1012 2171 1159 2219 temere]
1210 2176 1301 2215 Non
1338 2177 1484 2229 passim,

821 2248 904 2275 non
923 2233 1004 2272 fine
1028 2229 1147 2271 causa.
1201 2235 1245 2271 E.

882 2302 900 2332 1
938 2287 1082 2335 Occidi]
1111 2291 1155 2327 In
1182 2287 1251 2326 hac
1271 2289 1394 2328 Scena
1413 2303 1485 2329 no-

821 2357 892 2385 uus
922 2358 1030 2384 amor
1069 2339 1202 2383 adhuc'
1225 2344 1400 2396 Ephebi‚
1444 2357 1485 2385 et

823 2401 1023 2441 confilium
1067 2399 1280 2450 potiundae
1321 2402 1485 2455 virginis

824 2457 1123 2498 demonstratur:
1143 2466 1246 2495 tanta
1265 2457 1402 2496 virtute
1414 2462 1484 2498 Po-

824 2525 911 2555 etae
931 2513 1087 2560 comici,
1122 2522 1161 2550 vt
1191 2511 1266 2550 hoc
1289 2526 1484 2552 commen-

824 2581 905 2610 tum
940 2582 1023 2608 non
1051 2566 1260 2621 quaefitum
1290 2567 1388 2617 efl'e,
1418 2569 1486 2610 sed

935 2627 971 2666 X
999 2638 1030 2677 4
1356 2638 1490 2669 occur>
