1815 3168
515 141 1052 187 HEAVTONTIM.

1368 155 1460 202 539

232 268 343 316 Inde
370 268 476 316 adeo
499 268 617 331 quod
633 284 788 328 agrum
808 269 851 314 in
867 268 1069 332 proximo
1082 266 1153 312 hic
1167 277 1379 314 mercatus
1394 284 1463 320 e53
1523 325 1526 327 μ

231 349 330 391 Nec
352 347 416 391 rei
435 344 525 390 fere
545 344 641 389 sane
664 343 849 406 amplius
872 345 1105 405 quicquam
1126 342 1232 388 fuit:

233 424 409 466 Tamen
430 418 500 465 vel
521 420 658 464 virtus
681 428 754 463 tua
778 435 862 470 me,
885 418 952 464 vel
977 419 1184 467 vicinitas,

167 511 193 558 5
237 494 372 549 Quod
394 510 479 555 ego
499 495 546 540 in
569 495 820 559 propinqua
842 502 966 558 parte
989 490 1197 538 amicitiae
1214 503 1343 557 puto,

43 697 45 701 ι
101 684 206 726 gere,
216 686 330 725 quam
341 672 636 713 controuerfiam
649 685 657 712 :
676 684 758 711 non

101 731 209 767 enim
247 730 393 769 iudices
434 727 625 782 praesunt.
679 727 757 768 Sed

100 786 286 835 quoniam
312 786 394 824 talis
426 785 481 824 est
500 786 619 831 actio,
653 795 691 823 vt
708 783 759 821 vi-

101 840 238 878 deatur
267 843 344 880 vim
371 839 652 880 controuersiae
671 852 758 877 con-

100 896 240 941 tinere,
262 897 404 935 idcirco
424 896 536 935 status
556 896 618 934 hic
637 894 702 940 est,
722 904 761 933 et

99 949 315 990 secundum
334 952 446 990 istum
471 953 606 991 cunsta
627 951 759 989 dicun-

101 1018 172 1045 tur.
229 1011 331 1060 Ergo
350 1008 391 1046 in
408 1008 478 1047 hac
495 1009 622 1047 Scena
648 1006 759 1045 status

101 1062 292 1114 qualitatis
319 1063 373 1102 est
392 1062 604 1112 absolutae,
636 1074 758 1101 vtrum

99 1119 197 1157 iuste
213 1117 360 1168 fecerit,
382 1120 445 1158 vel
456 1118 582 1166 faciat,
595 1118 699 1170 quod
711 1118 760 1157 de

100 1173 139 1213 se
160 1173 278 1214 senex
298 1176 427 1229 exigat
438 1188 596 1225 poenas.
627 1176 759 1224 Quam

101 1244 183 1269 rem
215 1231 327 1271 docet
354 1230 450 1270 iuste
480 1230 586 1278 fieri,
635 1242 686 1269 ex
712 1242 758 1269 cu

101 1286 204 1337 quod
226 1284 263 1326 se
283 1287 463 1325 meritum
476 1287 579 1335 dicit,
592 1296 763 1337 propter-

103 1355 150 1380 ea
181 1343 272 1392 quia
305 1341 388 1394 ipse
418 1340 539 1381 filium
572 1340 699 1387 suum,
728 1355 764 1378 a·

102 1409 277 1436 mantem
316 1394 604 1436 adolescentum
641 1408 762 1441 more,

103 1451 250 1492 miserit
270 1454 309 1491 in
329 1453 504 1492 militiam
525 1452 668 1492 duram,
689 1448 763 1490 sae-

104 1510 190 1561 pius
221 1508 454 1554 accusando3
484 1508 582 1547 inde
614 1507 680 1546 fibi
708 1507 763 1544 iu-

102 1565 158 1604 ste
177 1565 330 1616 imponi
350 1565 415 1603 has
434 1562 551 1616 ipsas,
583 1576 675 1615 quas
694 1563 764 1600 im-

105 1620 434 1674 plet,grauiffimas
446 1633 606 1671 poenas.
626 1618 651 1653 (
665 1631 764 1656 uam-

103 1690 216 1728 quam
239 1677 344 1730 haec]
383 1675 573 1718 Chremes
604 1676 764 1719 vicinus,

104 1745 191 1771 cum
217 1730 454 1784 conspiceret
480 1729 634 1780 senem,
671 1743 764 1769 eun-

104 1787 275 1839 demque
305 1789 398 1827 olim
428 1787 609 1835 diuitem,
640 1786 764 1839 graui-

101 1855 161 1882 ter
177 1843 372 1892 laborare,
401 1857 443 1883 ac
474 1853 553 1882 tota
580 1842 645 1881 die
662 1843 702 1880 in
723 1855 761 1879 o-

104 1913 201 1951 pere
245 1899 446 1939 confistere
491 1897 759 1944 vehementer,

100 1954 251 1996 accedit
269 1956 539 2009 interrogans:
567 1964 629 2002 et,
660 1964 699 1992 vt
721 1966 760 1990 o-

102 2022 231 2064 portet
261 2011 364 2063 apud
397 2013 599 2065 ignotum,
638 2009 761 2062 longa

100 2069 219 2107 vritur
240 2070 413 2106 oratione
427 2098 437 2116 ,
486 2066 673 2116 fimulque
690 2065 760 2103 fibi

104 2124 223 2162 etiam
255 2123 520 2174 quaestionem
554 2121 666 2169 facit,
722 2131 760 2160 et

105 2178 209 2230 quasi
229 2177 309 2232 ipse
329 2178 397 2218 fibi
415 2176 635 2230 respondet.
668 2179 758 2228 Quo

104 2235 214 2286 pacio
233 2237 311 2274 vim
330 2234 497 2274 ostendit
515 2236 592 2274 eius
615 2234 680 2284 qui
705 2233 760 2270 in-

106 2301 287 2344 terrogat,
311 2304 398 2331 cum
417 2290 458 2330 fit
475 2291 643 2343 ignotus.
681 2288 760 2327 Ali·

106 2356 167 2384 ter
188 2347 294 2386 enim
312 2345 444 2387 senem
480 2347 521 2384 in
542 2346 676 2385 dolore
694 2357 760 2396 po-

104 2400 227 2448 litum,
249 2413 286 2442 et
296 2401 570 2441 calamitatibus
582 2398 758 2452 pressum,

107 2456 155 2494 ad
176 2456 257 2498 loc*
279 2459 460 2510 (utionem
487 2458 565 2497 edet
583 2456 754 2509 fhbulas.

104 2513 174 2552 Sic
198 2526 246 2551 ex
274 2511 345 2553 Ms.
381 2514 558 2553 lacunam
584 2513 758 2553 Linden-

106 2567 235 2621 brogii
264 2566 456 2621 suppleuit
474 2569 593 2609 West.
613 2570 677 2621 qui
701 2581 759 2608 re-

105 2624 166 2663 OEte
185 2637 256 2678 pro
272 2627 353 2671 edet
371 2625 540 2680 corrigit,
570 2636 606 2664 et
621 2625 671 2666 ad
693 2625 757 2679 Z.)

1326 570 1463 621 Facit,

806 684 1022 726 prouocare
1048 685 1128 710 non
1157 668 1298 725 posset,
1324 670 1393 709 nisi
1409 667 1466 709 se·

808 742 896 767 cum
914 730 955 766 in
984 726 1022 766 se
1037 728 1277 778 interrogans
1298 726 1392 764 illud
1413 727 1468 765 ita.

809 786 1050 834 loqueretur,
1079 783 1131 821 vti
1161 783 1345 820 adiiceret
1365 794 1467 832 quae

807 838 890 891 ipse
909 837 1145 890 respondere
1162 834 1350 888 potuisset.
1409 841 1469 878 Ac:

809 897 934 948 primo
947 906 1082 947 purgat
1093 891 1318 946 personam:
1332 905 1468 944 quam-

807 953 866 991 uis
887 962 1001 990 antea
1022 950 1254 989 familiaritas
1281 949 1383 987 nulla
1412 947 1468 989 fu·

810 1008 892 1053 erit,
911 1006 1048 1046 audeat
1066 1017 1196 1045 tamen
1219 1004 1340 1044 hodie
1360 1017 1467 1043 acce-

808 1064 912 1111 dere,
944 1074 984 1102 et
1004 1075 1092 1101 eum
1114 1061 1278 1111 alloqui;
1301 1061 1393 1100 dicit
1413 1073 1471 1099 er-

811 1134 874 1172 go,
895 1117 999 1169 quod
1021 1118 1159 1156 nimius
1188 1117 1316 1165 labor,
1348 1130 1468 1167 quem

808 1173 889 1227 ipse
909 1173 959 1214 de
978 1172 1013 1213 se
1034 1175 1165 1225 exigat
1183 1173 1250 1210 ille
1263 1172 1329 1223 qui
1350 1170 1469 1211 senex

810 1242 848 1269 ct
873 1230 983 1269 diues
1005 1229 1075 1277 est,
1105 1230 1147 1267 in
1175 1225 1212 1266 se
1232 1228 1470 1267 taciturnita-

812 1298 892 1326 tem
917 1282 996 1324 effe
1019 1298 1100 1323 non
1133 1281 1372 1336 permiserit,
1401 1281 1468 1323 sed

813 1343 939 1394 potius
972 1341 1202 1391 compulerit
1227 1339 1274 1378 ad
1300 1341 1469 1378 interro-

814 1398 986 1449 gandum
998 1410 1008 1441 3
1038 1395 1183 1433 etiamsi
1205 1409 1320 1447 parua
1338 1396 1470 1434 amici-

813 1455 866 1491 tia
883 1449 1009 1491 fuisset
1028 1462 1142 1501 atque
1163 1452 1313 1499 notitia,
1335 1464 1384 1489 ex
1394 1450 1469 1489 hoc

813 1507 918 1559 quod
943 1508 1113 1546 vicinum
1134 1519 1266 1558 agrum
1283 1507 1471 1546 110111011-

812 1578 864 1617 ge
885 1574 973 1602 ante
994 1574 1182 1601 mercatus
1202 1561 1267 1602 est.
1320 1565 1364 1602 E.

870 1632 892 1672 3
923 1619 1003 1657 Nec
1025 1617 1181 1668 rcistzne
1192 1617 1362 1671 amplius]
1383 1621 1466 1659 Nec

813 1674 957 1726 aliquid
968 1675 1150 1713 internos
1162 1673 1232 1712 fuit
1243 1674 1311 1722 rei,
1332 1686 1380 1712 ex
1392 1687 1469 1726 quo

811 1731 1239 1782 faciliusiungeremur.
1300 1733 1346 1770 E.

867 1801 895 1840 4
938 1785 1138 1840 Vicinitas]
1187 1786 1335 1824 Vicinia
1385 1798 1469 1824 non

811 1854 889 1882 tam
917 1841 1110 1887 homines,
1135 1842 1201 1892 qui
1220 1839 1391 1880 eundem
1410 1842 1470 1879 in—

810 1899 942 1937 colunt
960 1898 1100 1947 vicum,
1118 1894 1322 1950 fignificat,
1351 1910 1470 1947 quam

810 1954 876 2006 qui
901 1966 1024 2006 prope
1053 1953 1214 1992 domum
1240 1962 1343 1995 tuam
1362 1952 1469 1991 habi*

809 2021 905 2050 tant.
966 2010 1150 2049 Vir-initas
1167 2019 1387 2048 autemnon
1400 2007 1469 2046 ho-

809 2067 946 2114 mines,
965 2062 1028 2103 sed
1042 2064 1371 2116 propinquitatem
1382 2077 1468 2116 pro-

809 2123 893 2173 prie
915 2122 1141 2159 vicinorum.
1196 2121 1241 2161 C.

868 2179 930 2218 Vel
967 2180 1090 2216 virtus
1119 2189 1185 2215 tua
1222 2174 1295 2229 me]
1335 2177 1467 2225 Quam

807 2231 969 2272 honesto
998 2232 1116 2271 verbo
1146 2229 1246 2270 vsns:
1293 2231 1468 2271 laborem

809 2300 848 2327 et
865 2289 1119 2327 calamitatem
1140 2288 1316 2326 virtutem
1336 2289 1466 2338 potius

810 2345 1031 2384 nominauit
1066 2347 1080 2360 ·
1113 2342 1246 2394 (adde,
1276 2347 1467 2397 quammi-

798 2398 942 2454 firiam
965 2413 1001 2438 et
1011 2397 1153 2452 sbrdes.
1182 2400 1253 2450 Z).
1309 2401 1352 2438 Ε.

866 2457 931 2496 Vel
953 2455 1145 2509 vicinitas]
1187 2457 1295 2496 Seru.
1329 2456 1462 2509 Eclog.

806 2525 873 2560 111,
891 2525 955 2565 53.
1013 2515 1052 2551 L.

862 2581 887 2621 5
927 2568 975 2608 In
999 2569 1207 2620 propinqua
1228 2565 1358 2621 parte]
1395 2568 1465 2627 Vi<

807 2623 943 2666 :initas
973 2636 1154 2679 agrorum
1182 2632 1222 2664 et
1242 2623 1457 2670 domorum,

1359 2678 1462 2731 quasi
