1815 3168
553 94 964 142 EVNVCHVS.

1347 94 1441 150 389

201 227 425 276 Praeteriit
455 232 655 285 tempus:
694 230 783 284 quo
818 220 865 265 in
892 218 991 264 loeo
1023 211 1261 269 distum'ffi
1299 218 1438 280 parati

303 301 414 347 nihil
440 297 511 345 est.

132 402 163 458 ς
201 397 356 441 Homo
388 380 798 455 ipse'nusquaffsst:
847 400 992 448 neque
1024 383 1108 430 scio
1142 380 1249 444 quid
1280 380 1433 435 dicam,

300 477 374 513 aut
397 464 503 529 quid
528 460 786 510 coniestem.

195 562 336 607 Nunc
367 558 477 609 mihi
506 556 592 602 hoc
623 555 775 616 negoti
805 553 960 600 caeteri
1001 550 1181 603 dedere,
1226 557 1276 600 vt
1302 547 1434 613 illum

294 649 499 696 qblsseral'st
512 649 521 676 :

192 724 335 787 quue
367 724 474 770 adeo
505 722 661 774 visam,
697 719 729 767 fi
762 717 946 768 domi’st.
1024 717 1236 772 Quisnam
1267 715 1372 762 hinc
1404 732 1429 760 a

293 798 468 846 Thaide
495 793 614 848 exit?

190 892 236 936 Is
274 887 358 941 est,
393 906 447 934 an
469 904 560 934 non
586 885 678 933 cst?
707 887 823 950 ipsus
845 883 921 933 est.
957 885 1061 950 quid
1087 885 1172 933 hoc
1193 882 1424 931 hominis?

289 965 368 1028 qui
388 963 459 1011 hic
483 972 662 1011 ornatus
685 961 778 1009 est?

703 1036 855 1100 Bb}

110 1189 140 1230 4
177 1174 381 1216 Praeteriit
405 1184 564 1227 temptes]
608 1175 714 1226 Quia

56 1243 209 1281 tempus
239 1231 486 1270 constiturum
505 1230 569 1270 est.
626 1230 711 1284 Qu

53 1302 98 1328 ιη
118 1290 215 1339 Ioco]
246 1287 351 1338 Quia
367 1286 472 1325 locus
490 1284 713 1325 constitutus

55 1342 125 1382 est.
177 1344 227 1382 D.

113 1410 136 1449 5
157 1399 289 1437 'Homo
305 1395 395 1448 ipfi]
424 1397 530 1447 Quia
547 1395 715 1439 Chaere-

51 1466 117 1493 am
140 1454 177 1491 ei
197 1453 254 1492 rei
275 1450 542 1504 praefecimus.
598 1455 647 1492 D.

109 1509 217 1561 Qn’d
239 1508 452 1554 tonicam]
496 1506 605 1560 Quid
641 1504 714 1547 sus1

49 1567 169 1616 pices.
225 1566 266 1604 Ε.

106 1623 133 1662 6
173 1620 328 1658 caeteri·
347 1616 499 1664 dedere]
549 1619 705 1668 caeteri,

48 1675 222 1727 exceptis
240 1687 305 1713 me
323 1685 437 1726 atque
458 1674 535 1712 illo.
593 1677 641 1714 D.

100 1743 133 1784 7
166 1732 247 1785 Qi
266 1744 353 1768 nam.
377 1729 460 1769 hinc
488 1745 510 1768 a
547 1729 706 1784 Thaide]

43 1783 173 1829 Causa
195 1783 406 1825 sciscitandi
434 1785 486 1824 est
506 1785 706 1824 admiratio

44 1844 96 1882 de
122 1841 257 1880 habitu
287 1851 543 1889 commutato,
575 1852 616 1880 et
642 1841 706 1880 vix

43 1899 200 1952 agnitus
218 1895 403 1938 Chaerea.
458 1899 505 1936 D.

95 1953 280 2008 Qifizam
295 1953 395 2000 hinc]
426 1952 625 2002 Quoniam
644 1949 706 1990 su-

38 2025 110 2063 pra
151 2010 298 2048 dixerat
334 2007 531 2055 Chaerea,
569 2007 705 2058 nesciui

47 2066 224 2106 Thaidem
252 2062 357 2103 nobis
389 2067 559 2103 vicinam.
616 2066 702 2104 Pei·-

41 2135 142 2174 gens
164 2135 190 2160 e
206 2120 330 2158 vicina
350 2119 466 2157 d'omo
493 2119 704 2158 meretricis

41 2187 251 2216 exeuntem
268 2175 483 2216 Chaeream
511 2174 629 2222 videt,
659 2175 703 2213 iu

41 2232 177 2272 habitu
201 2230 400 2274 Eunuchi:
433 2230 578 2269 idcirco
601 2229 701 2279 dicit,

39 2288 229 2344 Qisnam
245 2286 327 2325 hinc
350 2283 461 2329 exit?
514 2291 559 2327 E.

95 2344 208 2396 quue
243 2342 332 2381 adeo
365 2341 506 2393 villam]
550 2338 618 2382 ΜΓ.
658 2344 700 2381 R.

39 2397 108 2440 Ibo
135 2399 187 2438 ad
205 2412 305 2447 eum,
329 2398 459 2448 vtfim.
516 2398 599 2453 Qi
617 2411 702 2437 nam

42 2457 145 2507 hinc]
176 2451 244 2494 Ms.
264 2458 305 2495 R.
340 2453 496 2506 Sedquis
508 2467 602 2492 nam.
631 2458 674 2495 L.

98 2514 171 2550 Pro
193 2510 304 2562 quue
323 2508 412 2548 adeo
434 2507 551 2547 nostri
565 2521 702 2548 omnes

41 2577 132 2608 oum
159 2565 248 2606 edd.
278 2573 367 2606 vett.
391 2563 537 2608 habeut
568 2563 635 2607 ibo
653 2565 705 2608 ad

1296 1030 1421 1087 Quid

763 1185 851 1213 eum.
898 1172 1018 1212 Male.
1092 1172 1242 1211 Verum
1281 1168 1421 1220 legen-

765 1224 1016 1269 dumcenseo
1036 1239 1125 1265 cum
1149 1224 1258 1265 codd.
1281 1235 1319 1262 et
1330 1221 1419 1261 edd.

765 1296 854 1323 vett.
910 1283 981 1322 Sed
1004 1280 1166 1334 qmfilam
1185 1295 1207 1319 a
1229 1279 1371 1318 Thaide
1389 1292 1421 1316 e-

764 1342 851 1378 xit?
882 1338 1010 1377 deieto
1030 1338 1141 1384 Hinc,
1169 1334 1274 1386 quod
1292 1333 1419 1373 versus

764 1392 923 1446 respuit,
952 1404 992 1432 et
1017 1406 1039 1430 a
1056 1391 1140 1430 cod.
1160 1391 1326 1442 quodan-

764 1449 830 1489 est.
861 1448 923 1490 Cf.
944 1447 1048 1488 And.
1070 1460 1138 1492 1v,
1170 1458 1205 1495 1,
1235 1458 1298 1500 59.
1340 1448 1420 1486 He-

763 1516 837 1546 aut.
861 1518 896 1552 1,
918 1517 951 1553 1,
973 1516 1064 1546 122.
1120 1505 1168 1545 B..

815 1623 837 1666 8
870 1617 908 1656 Is
935 1613 1000 1666 est,
1033 1626 1084 1653 an
1115 1626 1187 1652 non
1214 1611 1288 1663 est?
1318 1610 1417 1663 ipfitc

757 1673 822 1727 est]
851 1671 956 1712 Vide
981 1684 1030 1709 an
1059 1669 1227 1720 potuerit
1244 1667 1416 1705 mereri-i-

761 1742 850 1767 cem
862 1729 1035 1781 ignotam
1054 1725 1127 1763 hoc
1147 1723 1281 1762 habitu
1301 1734 1417 1772 atque

760 1794 897 1823 ornatu
914 1783 1062 1829 fallere,
1084 1781 1149 1831 qui
1162 1779 1208 1818 ab
1221 1777 1419 1829 Antipho-1

756 1854 809 1879 ne
841 1840 904 1878 vix
933 1834 1160 1891 agnoscitur.
1220 1836 1324 1891 Quid
1342 1834 1415 1872 hoe

755 1894 967 1948 hominisl]
1018 1892 1125 1934 Vide
1168 1905 1216 1929 an
1252 1893 1411 1942 longam

755 1951 1016 1990 narrationem
1038 1947 1148 2000 poffit
1169 1946 1312 1992 audire,
1342 1946 1410 1995 qui

752 2006 928 2046 nondum
949 2005 1073 2044 a'mi'co
1092 2014 1217 2041 narrat
1237 2005 1310 2054 (cuj
1323 2015 1413 2039 non-

753 2065 842 2102 dum
880 2067 1017 2100 amicus
1052 2072 1207 2104 narrat,
1255 2057 1412 2108 corrigit

753 2118 1034 2170 W'ielingius)‚
1073 2126 1111 2154 et
1144 2116 1217 2152 iam
1256 2111 1411 2151 afl'ecius

753 2174 913 2226 pendet.
978 2172 1091 2224 Qcid'
1107 2171 1172 2209 hoc
1204 2170 1356 2209 hominis
1367 2171 1383 2206 !
1391 2168 1412 2222 ]

755 2228 878 2281 Quod
906 2243 927 2267 a
943 2227 1096 2266 Thaide
1121 2225 1298 2277 ephebus
1320 2224 1412 2265 exit.

751 2285 830 2340 Qi
847 2283 906 2322 hic
928 2296 1084 2323 ornatus
1096 2281 1192 2336 est?]
1226 2282 1330 2332 Quia
1340 2284 1414 2321 Eu-

752 2339 873 2381 nuchi
895 2338 995 2379 veste
1016 2337 1170 2377 indutus
1188 2337 1250 2378 est.
1299 2340 1347 2377 D.

806 2397 969 2446 Aliquot
995 2407 1018 2433 e
1038 2394 1190 2441 nostris,
1220 2392 1326 2447 Quid
1346 2391 1413 2430 hoc

753 2450 945 2504 ornati’st?
974 2451 1101 2492 Reste.
1147 2460 1187 2488 vt
1214 2448 1322 2501 supra
1355 2464 1407 2496 11,

752 2523 789 2557 2,
811 2512 850 2552 6.
886 2507 934 2546 ad
960 2519 1081 2558 quem
1099 2504 1412 2547 locumvideDo-

752 2576 898 2609 natum.
954 2566 996 2605 Β.
