1815 3168
738 187 1033 235 ANDRIA.

1469 196 1556 232 101

239 339 296 372 10
329 318 480 368 ΡΑΜ.
516 319 621 364 Mea
643 314 823 379 quidem
843 313 991 360 hercle
1010 320 1126 360 certe
1159 311 1208 356 in
1239 307 1375 357 dubio
1404 306 1554 357 vita’st.

422 392 471 440 D
486 407 519 438 A
533 404 577 438 v.
613 400 656 437 et
677 390 782 453 quid
805 401 867 441 tu,
891 389 993 438 scio.

325 467 479 517 PAM.
526 467 723 530 Nuptiae
755 465 880 512 mihi.
939 460 1036 508 D'A
1050 473 1097 507 v.
1136 469 1180 506 et
1209 457 1239 504 fi
1268 457 1367 504 selo.
1404 455 1551 505 PAM.

424 541 570 588 hodie.
610 538 706 586 DA
723 552 770 585 V.
794 536 1015 590 obtundis,
1042 532 1203 583 tametsi
1225 533 1438 593 intelligo.

325 617 379 665 Id
402 632 551 680 panes,
583 631 640 661 ne
664 614 792 660 ducas
813 625 860 660 tu
885 613 1024 660 illam:
1061 620 1109 658 tu
1141 619 1308 661 autem,
1340 618 1387 654 vt
1409 607 1552 655 ducas.

423 688 529 738 CH.
566 706 661 736 rem
687 699 825 735 tenes.

323 763 467 816 PAM.
504 763 615 812 Istuc
640 763 794 829 ipsum.
837 761 931 809 DA
947 774 997 808 v.
1036 770 1165 825 atque
1199 757 1306 807 istuc
1326 756 1468 825 ipsum
1489 758 1553 805 ni-

421 839 485 887 hil
505 838 658 907 pericli
679 837 761 887 cst:
797 854 868 886 me
888 837 1001 887 vide.

251 1074 301 1105 10
329 1060 420 1102 Mea
444 1059 587 1114 quidem
617 1056 752 1112 hercle]
782 1056 848 1098 Vi-

195 1118 303 1159 detur
314 1116 504 1158 Charinus
522 1117 606 1166 plus
625 1111 771 1162 dixiffe‚
783 1114 848 1152 Pe-

191 1178 258 1226 rii,
283 1187 397 1225 quarn
416 1171 644 1224 Pamphilus,
666 1170 761 1209 Mea
771 1171 848 1222 qui-

191 1231 272 1270 dem
292 1229 405 1267 hercle
426 1241 518 1267 certe
540 1231 584 1273 in,
598 1227 711 1266 dubio
733 1225 782 1278 est
793 1227 847 1263 vi-

193 1300 248 1325 ta.
286 1282 363 1325 Sed
388 1297 470 1322 non
496 1281 548 1322 est
568 1281 662 1327 hoc3
692 1281 777 1333 plus
810 1294 848 1319 e-

195 1342 280 1379 nim
318 1338 540 1390 Pamphilus
584 1337 690 1376 dixit.
749 1339 849 1376 Nam

198 1397 265 1447 qui
288 1396 390 1442 viuit‚
417 1407 499 1432 non
511 1388 848 1445 potestinteriiffe:

195 1465 228 1490 is
255 1461 381 1489 autem
400 1462 465 1499 qul
491 1450 600 1497 viuit‚
633 1449 748 1486 vitam
769 1455 850 1497 pot·

195 1507 250 1546 est
276 1507 316 1543 in
347 1504 464 1542 <lubio
490 1502 647 1543 habere.
701 1501 793 1541 Ideo
813 1510 852 1539 et

198 1562 338 1601 iurauit
356 1559 491 1599 hercle:
523 1569 565 1598 et
573 1559 766 1605 affirmans
780 1557 852 1594 ius-

1397 912 1550 956 PAM.

897 1055 1115 1110 repetendo
1126 1054 1264 1101 dicere,
1277 1052 1478 1094 obtundere
1487 1050 1552 1090 est.

897 1115 1092 1154 translatio
1118 1127 1139 1152 a
1170 1110 1310 1160 fabris,
1348 1111 1412 1162 qui
1439 1106 1554 1158 saepe

897 1181 1081 1222 repetunt
1145 1166 1350 1207 tundendo
1405 1162 1554 1215 aliquid

896 1227 1059 1274 malleo,
1093 1236 1130 1265 et
1148 1223 1254 1262 idern
1274 1221 1496 1261 obtundunt
1514 1228 1554 1257 et

896 1281 1096 1321 hebetant.
1153 1279 1359 1326 obtundis,
1386 1273 1551 1328 tametsi]

897 1336 1024 1376 Potest
1061 1333 1138 1375 esse
1163 1333 1353 1381 ᾶυαςςοφῆε
1392 1331 1457 1371 sed
1480 1330 1554 1369 sm-

899 1394 1021 1432 cerius
1053 1391 1106 1431 est
1131 1402 1169 1430 et
1189 1391 1329 1431 melius
1357 1385 1557 1427 subdistin-

902 1460 1033 1501 guere.
1092 1449 1140 1486 D.
1211 1463 1214 1465 ·

951 1502 1133 1552 Plerique
1151 1500 1237 1540 libri
1249 1500 1386 1540 Faerni
1405 1497 1553 1536 habent

898 1571 935 1598 et
955 1558 999 1610 st
1010 1557 1114 1608 fiio,
1152 1556 1270 1596 nostri
1295 1555 1432 1607 partim
1458 1566 1491 1592 et
1515 1552 1556 1591 id

197 1616 414 1663 iurandum,
439 1612 711 1654 certeaddidit.
741 1616 850 1652 Bene
886 1613 983 1673 scio?
1003 1614 1141 1665 partim
1157 1611 1325 1663 etfi'fiiO.
1368 1609 1554 1649 Posterio-

197 1686 318 1712 certe:
348 1669 458 1722 >quast
485 1669 581 1713 illuc]
608 1669 756 1715 interii,
785 1666 851 1705 fal-

194 1727 276 1767 sum
316 1726 370 1766 fit.
427 1728 482 1764 Ita
507 1723 727 1774 Pamphilus
765 1722 849 1771 plus

192 1783 287 1823 fecit
315 1782 525 1832 periturum
553 1777 592 1819 se
619 1775 696 1818 esse
722 1777 853 1816 dicen-

193 1839 267 1887 do,
299 1850 413 1888 quam
440 1835 631 1889 Charinus
658 1829 849 1873 interiifl'e.

194 1895 246 1934 Et
257 1892 303 1932 'tu
319 1893 418 1945 quid,
429 1890 530 1942 fiio]
559 1891 659 1932 Mira
670 1902 753 1927 com
785 1901 851 1928 en-

193 1951 276 1997 dia,
302 1961 401 1999 quae
432 1945 618 1986 contrahit
632 1903 850 1985 Poetaiion-

193 2004 375 2059 gitudine
401 2002 570 2044 fabulae:
610 2014 685 2049 nec
715 2011 847 2039 tamen

195 2059 322 2114 perdit
335 2057 493 2100 asfefflls
507 2056 642 2109 person
649 2070 767 2096 arum.
797 2054 850 2093 Et

193 2130 238 2158 zu
258 2116 365 2168 quid]
387 2113 507 2154 Deest
523 2117 660 2153 timeas.
715 2115 765 2155 D.

250 2172 355 2212 Certe
375 2180 415 2209 et
436 2171 529 2222 quid
543 2182 584 2209 tu
601 2171 776 2209 Donatus
788 2165 850 2204 ha-

194 2226 283 2276 bet,
334 2237 409 2265 tres
454 2225 565 2273 libri,
615 2237 710 2275 quos
754 2222 851 2262 vidit

192 2286 374 2331 Faernus,
393 2291 431 2320 et
449 2281 629 2321 meliores
648 2293 697 2318 ex
707 2277 852 2318 nostris.

194 2340 320 2380 Reae.
376 2341 417 2378 B.

162 2414 163 2417 ’
255 2406 303 2436 ΙΙ
334 2395 386 2434 Et
410 2393 451 2432 id
469 2391 567 2446 fiio]
597 2391 641 2431 E'v
673 2390 850 2436 ὖποκςίσει.

199 2450 381 2499 tanquam
408 2448 526 2496 dicat,
560 2447 657 2486 nihil
676 2446 743 2486 est.
799 2445 851 2484 Et

900 1683 981 1708 rem
1003 1669 1212 1708 leffionem
1223 1666 1381 1718 requirit
1401 1662 1553 1703 senten-

900 1725 963 1764 tia.
1018 1726 1061 1762 B.

958 1791 1010 1821 12
1041 1778 1091 1818 Id
1112 1775 1247 1832 panes]
1277 1774 1395 1817 Deest
1414 1773 1486 1813 ob:
1514 1784 1553 1812 vt

899 1835 942 1875 fit
964 1832 1009 1873 ob
1030 1835 1082 1874 id.
1110 1833 1185 1872 hoc
1215 1842 1342 1872 autern
1353 1829 1553 1880 Pamphilo

899 1891 1001 1930 dicit.
1062 1891 1117 1930 Tu
1151 1902 1290 1937 autem,
1335 1900 1380 1926 vt
1413 1885 1550 1939 ducas]

896 1951 979 1994 Pro,
1008 1958 1060 1984 ne
1077 1959 1173 1993 non,
1199 1955 1238 1984 vt
1264 1941 1399 1997 posuit.
1454 1944 1552 1989 Hoc,

897 2002 1081 2045 Charino.
1140 2004 1220 2045 D„

952 2056 1136 2110 Idpaues]
1164 2053 1235 2099 Ms.
1251 2059 1291 2096 R.
1312 2066 1455 2107 pcaues.
1485 2054 1538 2098 L.v

959 2126 1006 2166 13
1050 2115 1169 2167 Atque
1208 2111 1295 2163 istuc
1332 2107 1554 2162 ipfitm]13.’u

900 2170 1082 2215 ὑποκρίσει.
1140 2168 1208 2208 Ille
1229 2168 1335 2206 enim
1354 2166 1428 2204 hoc
1448 2165 1555 2203 idem

902 2226 1052 2265 dixerat
1108 2237 1193 2262 cum
1247 2221 1552 2262 exclamatione:

902 2281 1005 2332 quod
1028 2280 1130 2331 quasi
1159 2293 1301 2319 vanum
1328 2277 1552 2316 contemnit.

901 2337 970 2377 Me
995 2336 1095 2389 vide]
1136 2338 1273 2374 Vtrum
1305 2335 1425 2373 laetus
1454 2329 1554 2375 snm?

902 2407 971 2441 an,
1010 2405 1074 2430 me
1100 2388 1222 2442 speffla
1244 2389 1335 2429 fidei
1356 2388 1554 2428 datorem?

902 2460 939 2487 vt
966 2448 1042 2486 dici
1070 2445 1185 2495 solet,
1213 2459 1267 2485 me
1291 2443 1398 2493 halec,
1428 2458 1482 2482 me
1500 2457 1556 2481 re-

199 2504 344 2555 idftio]
358 2505 520 2556 Legitur,
533 2516 579 2549 et,
594 2502 757 2554 etfi‘scio.
772 2503 853 2541 Ho-
893 2505 1008 2559 spice.
1064 2505 1114 2544 D.

199 2560 274 2601 die]
302 2561 473 2610 Tempus
492 2559 651 2607 addidit,
672 2569 854 2608 tanquam

200 2628 282 2656 rem
309 2611 438 2654 sciens.
499 2613 693 2665 Obtundis]
729 2615 855 2663 Saepe

961 2558 1058 2611 Istue
1076 2557 1189 2610 ipfitm
1215 2554 1314 2596 nihil
1336 2555 1464 2609 pericli
1489 2553 1554 2607 cst]

902 2615 1101 2657 Irridentis
1137 2613 1190 2654 est
1215 2614 1268 2652 ita
1301 2613 1432 2653 oratio.
1467 2611 1557 2661 qnia

1014 2673 1049 2712 G
1081 2683 1104 2724 3
1448 2665 1556 2717 supra
