1815 3168
607 130 1024 180 EVNVCHVS.

265 261 320 311 ld
339 258 435 309 fieri
459 256 587 326 ΡοίΤε
599 275 824 306 maxume:

1401 140 1495 188 299

859 264 1174 308 verumtamen,

265 340 416 385 Potius
448 352 578 400 quarn
598 345 641 382 te
654 335 880 381 inimicum
889 330 1085 382 habeam,
1096 329 1245 376 faciam
1258 326 1496 379 vtiuss‘eris.

167 427 234 478 95
267 411 368 460 ΡΗ.
402 413 581 460 Vtinam
601 408 706 457 istuc
727 408 912 457 verbum
923 423 973 454 ex
989 408 1135 453 animo
1147 422 1194 451 ac
1205 420 1306 451 vere
1317 403 1497 458 diceres,

128 486 133 493 ’
267 488 418 535 Potius
441 503 572 550 quam
594 495 637 532 te
654 485 884 532 inimicum
896 481 1091 528 habeam.
1115 477 1262 526 fiistuc
1273 478 1498 526 crederem

267 565 444 611 Sincere
466 561 564 615 dici,
586 560 758 625 quiduis
777 555 945 622 poffem
965 556 1154 622 perpeti.
1190 578 1195 583 κ

267 635 304 685 P
318 652 350 684 A
366 651 416 686 R.
463 636 667 691 Labascit,
688 631 829 684 vissus
851 650 940 681 vno
962 630 1113 686 verbo,
1134 647 1266 696 quam
1291 623 1403 680 cito!

134 849 246 879 nac
273 848 358 894 RE.
410 838 502 878 No‘n
522 837 612 877 dicit
628 849 700 892 qua
728 836 796 877 hoc

135 893 184 946 est
218 909 264 934 ex
289 894 362 946 re).
422 898 695 935 Veruntamen
728 891 796 932 scit

134 962 344 998 meretrix,
395 951 652 990 contentione
680 962 795 1001 quae-

137 1005 227 1046 dam
254 1006 390 1059 negari
418 1009 567 1059 (Legez
607 1017 793 1046 VERVM

135 1062 352 1115 TAMEN]
395 1062 474 1102 Scit
499 1063 682 1102 meretrix
709 1074 789 1099 con·

138 1116 279 1172 ceffione
298 1119 477 1171 quaedam
499 1119 628 1160 leuari,
658 1118 790 1167 Quam

134 1174 357 1224 leffionem,
387 1175 537 1226 opinor,
568 1172 723 1212 firmant
739 1169 791 1211 se-

138 1231 330 1282 quentia).
385 1233 490 1283 Ergo
517 1228 630 1282 fingit
649 1226 686 1268 se
712 1229 793 1267 vin-

139 1287 186 1334 ci,
207 1296 246 1324 vt
263 1283 549 1324 adolescentem
568 1284 734 1323 molliat:
754 1294 794 1322 et

137 1338 219 1393 ipsa
247 1340 369 1389 cedit,
401 1352 441 1380 vt
470 1348 511 1379 et
536 1340 603 1379 ille
629 1340 796 1378 remittat

138 1396 405 1450 pertinaciam.
461 1399 512 1436 D.

193 1465 246 1505 93
279 1453 435 1492 Suauius
448 1449 569 1499 sonat,
587 1449 633 1490 Id
642 1446 797 1502 poffifi-
826 1495 831 1499 .

140 1511 208 1558 eri,
229 1518 269 1547 vt
286 1507 387 1547 infra
404 1521 463 1556 lv,
482 1518 521 1559 7,
538 1518 577 1559 9.
636 1509 677 1545 Β.

197 1576 254 1616 94
283 1565 414 1604 Potius
433 1576 542 1615 quam
557 1574 591 1600 te
608 1562 796 1599 inimicum

119 1652 123 1653 γ
139 1618 302 1667 habeam,
311 1619 511 1671 fizciamvt
525 1615 680 1668 iusseris]
710 1618 797 1656 Hoc

137 1686 264 1715 totum
289 1675 468 1727 loquitur,
480 1683 664 1724 tanquam
674 1671 797 1723 magis

137 1729 219 1783 ipsa
243 1743 344 1770 amet
360 1728 593 1776 Phaedriam,
613 1740 729 1779 quam
747 1726 794 1765 ab

138 1788 207 1826 illo
233 1798 394 1826 ametur.
446 1785 494 1825 Te
522 1786 710 1823 inimicum
733 1782 796 1822 ha·

138 1842 257 1889 boam]
285 1843 388 1883 Huic
407 1840 639 1880 contrarium
659 1837 723 1885 est,
747 1838 798 1878 Vt

137 1913 176 1941 te
204 1900 359 1939 amicum
379 1896 542 1937 habeam.
583 1895 734 1936 Faciam
753 1906 797 1934 vt

137 1955 294 2009 iuffiris]
343 1957 426 1995 Nec
462 1953 684 2000 voluntate,
721 1962 796 1990 nec

137 2013 244 2052 vultu
274 2008 550 2050 consentientis
574 2007 650 2047 hoc
673 2019 798 2047 mere-

139 2069 212 2108 trix
230 2068 310 2120 agit
325 2067 444 2119 (lege,
465 2067 531 2105 ait.
586 2067 671 2105 Nec
691 2063 799 2107 enim

141 2125 234 2178 agit,
253 2136 327 2163 nec
347 2123 471 2161 aelura
491 2119 565 2168 est,
593 2117 663 2159 sed
686 2116 724 2159 se
744 2116 799 2157 fa-

143 2180 284 2218 &uram
303 2179 396 2229 ait)f
427 2174 494 2216 sed
523 2175 661 2215 callide
676 2182 797 2214 tentat

143 2235 286 2275 omnia.
342 2237 443 2275 Nam
483 2233 573 2284 quia
602 2229 798 2283 persisten-

143 2290 195 2330 do
213 2303 294 2329 non
311 2288 460 2342 perficit
478 2287 582 2339 quod
611 2284 800 2337 exspe51a-

144 2345 228 2394 bat,
255 2345 366 2384 docet
381 2343 608 2385 Phaedriam
635 2343 751 2381 etiarn
771 2340 800 2379 i·

144 2399 251 2454 psum
263 2401 526 2454 negligentius
537 2410 683 2452 negare
692 2410 742 2448 qu
748 2395 798 2435 od

142 2455 319 2510 poscitur.
359 2467 396 2495 et
424 2456 522 2495 adeo
549 2453 624 2494 hoc
658 2451 796 2493 subtile

143 2512 210 2560 est,
232 2522 269 2551 vt
278 2511 395 2550 statim
408 2510 682 2563 impetrauerit.
709 2513 796 2549 Per·

142 2570 342 2622 uulgatum
360 2567 414 2605 est
432 2568 548 2615 enim,
571 2565 687 2617 Quod
701 2562 796 2604 sum-

143 2639 206 2665 ma
230 2625 266 2662 vi
287 2621 517 2672 defenderis,
542 2632 662 2674 quum
673 2630 798 2661 extor-

1378 708 1431 777 *T
1446 721 1498 751 n-

844 842 1038 888 queretur‚
1057 829 1131 871 hoc
1140 830 1244 870 idem
1255 827 1501 883 postmodum

844 892 997 931 remitte
1017 887 1240 928 remittenti.
1297 888 1348 925 D.

897 960 950 1001 95·
984 946 1132 985 Vtinam
1153 942 1238 994 istuc
1256 940 1418 984 verbum]
1448 943 1498 980 Et

842 1003 928 1055 {stuc
944 1000 1116 1048 verbum,
1155 1011 1225 1052 pro
1244 1008 1323 1036 tota
1352 995 1500 1036 senten-

842 1061 902 1098 tia.
962 1056 1119 1098 Verbum
1145 1068 1214 1107 pro
1246 1053 1361 1092 dieto.
1418 1050 1499 1093 Sed

840 1115 998 1168 proprie
1017 1118 1167 1160 ἀξίωμα,
1195 1109 1235 1149 id
1254 1109 1317 1158 est,
1347 1106 1501 1147 senten-

841 1173 893 1211 tia
917 1171 980 1210 vei
1012 1167 1255 1214 enuntiatio,
1296 1177 1396 1216 quae
1421 1176 1501 1203 vno

840 1228 981 1280 ligatur
999 1235 1037 1265 et
1048 1223 1261 1275 astringitur
1281 1220 1412 1266 verbo,
1423 1234 1502 1258 ver-

843 1282 926 1321 hum
951 1297 973 1321 a
993 1279 1188 1320 veteribus
1201 1276 1410 1316 dicebatur.
1440 1277 1505 1316 Ex·

843 1339 988 1383 animo,
1017 1349 1058 1375 erc
1075 1348 1161 1373 vere
1176 1334 1330 1384 diceres]
1361 1332 1503 1371 Certe:

846 1394 938 1444 quia
974 1391 1029 1430 est
1065 1391 1131 1442 qui
1156 1402 1206 1427 ex
1232 1388 1363 1427 animo
1390 1387 1503 1436 dicat,

844 1448 950 1489 fallat
966 1458 1110 1487 tamen.
1166 1448 1218 1486 D.

900 1506 954 1556 96
986 1504 1116 1541 Potius
1134 1513 1240 1553 quam
1263 1511 1298 1537 te
1316 1499 1503 1536 inimicum

845 1559 1014 1612 habeam]
1053 1560 1224 1597 Tantum
1257 1555 1300 1592 in
1319 1555 1502 1593 animum

845 1614 1060 1656 Phaedriae
1100 1610 1172 1650 hoc
1209 1607 1426 1658 descendit,
1466 1622 1505 1648 vt

846 1671 960 1710 etiam
988 1677 1153 1719 repetat,
1182 1665 1286 1718 quod
1306 1665 1427 1703 amica
1444 1664 1504 1703 di·

844 1736 952 1767 xerat
970 1722 1176 1764 adulando.
1233 1723 1281 1761 D.

901 1793 956 1835 97
987 1780 1134 1819 Sincere
1155 1779 1241 1823 dici,
1261 1777 1409 1829 quiduis
1423 1776 1505 1828 pojl

838 1838 918 1893 sem
930 1835 1091 1890 perpeti]
1122 1834 1329 1877 sincerum,
1348 1845 1503 1884 purum,

845 1894 925 1934 fine
948 1892 1062 1941 fuco,
1091 1902 1130 1930 et
1158 1889 1339 1941 fimplex:
1371 1898 1409 1926 vt
1424 1888 1504 1926 mel

846 1950 927 1990 sine
946 1962 1040 1988 cera.
1098 1950 1208 1987 Bene
1231 1957 1324 1997 ergo
1350 1954 1390 1982 vt
1412 1945 1503 1991 mel,

845 2005 1158 2046 blandimentum
1186 2000 1396 2041 meretricis
1421 1998 1506 2038 dul-

848 2075 893 2101 ce
909 2060 1069 2107 fatetur,
1104 2056 1170 2097 sed
1197 2065 1316 2111 negat
1334 2052 1413 2095 effe
1433 2054 1504 2094 fin-

848 2131 994 2158 cerum.
1053 2117 1102 2156 D.

899 2173 1044 2212 Sincere
1065 2171 1154 2221 diez]
1187 2164 1336 2211 Charis.
1366 2165 1435 2207 lib.
1467 2164 1501 2208 1.

847 2240 885 2270 et
902 2242 940 2272 2.
993 2230 1036 2268 L.

904 2291 956 2338 98
990 2279 1184 2332 Labascit]
1211 2279 1355 2319 Omnia
1370 2276 1502 2324 incho-

847 2341 951 2380 atina
968 2337 1156 2391 trisyllaba
1172 2334 1255 2376 fere
1272 2334 1400 2375 media
1419 2346 1503 2384 pro-

849 2395 960 2435 dueta
980 2394 1249 2434 enunciantur.
1291 2391 1415 2430 Vic‘lus
1427 2403 1503 2428 vno

844 2449 967 2490 verbo,
1002 2462 1111 2504 quam
1133 2447 1252 2542 εἰτοῖἒ
1282 2447 1406 2501 Qtam
1430 2448 1505 2484 cim

845 2509 914 2556 ait,
942 2507 1011 2558 qui
1038 2506 1146 2544 illum
1175 2503 1267 2543 fala
1291 2503 1503 2555 lacrymula

845 2564 946 2602 vinci
986 2561 1202 2601 crediderat
1239 2556 1356 2611 posse.
1415 2558 1503 2597 Plus

843 2618 984 2662 factum
1009 2617 1081 2660 est:
1105 2629 1182 2657 vno
1200 2616 1317 2656 vifilus
1347 2611 1400 2655 est
1423 2625 1503 2706 tgr-

1466 2682 1499 2717 οἳ
