1815 3168
262 157 323 204 92
665 144 826 192 ACT.
864 144 916 189 ΙΙ.

969 144 1167 193 SCEN.
1202 145 1234 191 1.

397 275 458 319 Vt
491 281 533 318 te
555 271 786 318 arbitretur
809 269 886 318 fibi
908 282 1109 335 paratum
1131 270 1369 320 moechum
1386 307 1400 324 ,
1448 269 1476 318 fi
1505 271 1623 320 illam

497 346 699 394 duxerit?

393 416 504 468 CH.
544 416 676 468 Abin'
711 423 814 466 hinc
850 422 897 465 in
918 419 1076 466 malam
1097 437 1192 467 rem
1212 439 1313 468 cum
1333 422 1570 488 suspicione
1590 424 1622 469 i-

497 493 593 554 stac,
616 492 782 546 seclus?

393 569 473 620 PA
491 585 544 616 M.
584 571 825 618 Charinum
836 571 979 618 video.
999 571 1128 618 salue.
1168 567 1275 619 Cn.
1302 588 1330 619 o
1355 572 1480 627 salue,
1502 577 1621 620 Pam·

496 646 631 709 phile,

394 720 465 767 Ad
486 729 528 766 te
553 720 753 776 aduenio,
776 722 907 788 spem,
930 720 1121 775 salutem,
1153 721 1373 776 auxilium,
1396 721 1623 771 confilium

492 813 573 862 exp
579 807 715 847 etens.

315 1027 368 1068 17
397 1016 497 1056 Abin
515 1015 617 1056 reffie
640 1015 781 1070 legunt
802 1014 915 1057 codd.

256 1085 409 1126 praeter
429 1083 590 1124 quatuor
602 1072 759 1121 nostros,
778 1072 841 1112 vbi
864 1072 918 1112 est

255 1129 340 1170 Abi.
374 1132 420 1169 In
433 1130 619 1168 Vaticano
642 1139 680 1168 et
693 1129 917 1168 Vie'toriano

256 1200 282 1225 n
302 1182 476 1224 abrasum
495 1184 559 1223 est.
593 1184 728 1225 Nullus
744 1198 834 1224 vero
851 1198 918 1223 no-

255 1242 370 1281 strum
407 1240 527 1280 habet
564 1253 712 1280 crucem.

255 1311 343 1338 rem.
405 1301 448 1337 Β.

314 1360 361 1402 18
405 1352 607 1392 Charinum
639 1350 775 1404 video]
824 1353 916 1391 Non

248 1409 437 1460 imperite
472 1406 714 1458 Pamphilum
744 1407 917 1459 priorem

780 1242 918 1284 Retine

1559 892 1621 922 20

966 1026 1005 1057 et
1037 1016 1258 1070 improbum
1294 1015 1350 1056 est
1377 1015 1481 1069 quod
1511 1018 1621 1068 petit,

967 1074 1211 1113 nouiffimum
1244 1071 1369 1126 posuit
1397 1072 1619 1115 confilium:

966 1140 1005 1168 vt
1031 1128 1056 1168 fi
1082 1142 1162 1168 non
1192 1129 1303 1182 possit
1333 1128 1518 1177 concedi,
1559 1127 1621 1167 vel

965 1184 1159 1224 confilium
1171 1196 1327 1236 expetat
1348 1185 1396 1224 ad
1411 1182 1618 1223 sanandam

966 1240 1218 1280 dementiam.
1246 1241 1395 1288 Cicero,
1424 1243 1517 1292 (pro
1535 1241 1622 1291 Lig.

966 1298 1023 1347 x.)
1058 1297 1115 1335 Tu
1131 1295 1357 1345 dafidutem,
1375 1297 1440 1348 qui
1449 1294 1553 1348 spem
1564 1295 1624 1333 de·

964 1351 1004 1390 di
1036 1353 1058 1389 ι’.
1117 1354 1167 1391 D.

1022 1406 1084 1446 Ad
1097 1419 1132 1446 te
1149 1408 1256 1445 venio
1271 1404 1386 1459 spem,
1417 1405 1618 1455 auxilium,

252 1465 361 1515 loqui
384 1462 488 1512 feeit,
508 1461 575 1502 sed
595 1473 634 1502 vt
651 1461 831 1502 fiduciam
849 1463 918 1502 det
954 1461 1122 1514 stzlutem
1152 1462 1348 1516 expetens]
1399 1461 1620 1513 Pamphilus

251 1520 430 1563 Charino
469 1518 689 1570 loquendi:
735 1518 840 1570 quod
875 1528 917 1558 et

253 1577 455 1629 Virgilius,
485 1578 607 1626 (Aen.
629 1590 657 1624 1,
691 1579 806 1628 325.)
837 1575 915 1613 ele-

253 1644 409 1687 ganter,
452 1633 565 1678 Heus,
591 1632 732 1684 inquit,
772 1633 916 1670 iuuenes

254 1687 473 1738 monstrate,
518 1700 681 1727 mearum
709 1686 861 1738 Vidistis
883 1683 921 1734 [ἰ

252 1758 363 1799 quam
394 1744 452 1783 hic
476 1754 659 1788 errantem
676 1744 788 1796 forte
805 1743 914 1793 sbro-

253 1815 349 1845 rum.
380 1799 443 1841 Ad
463 1798 537 1838 hoc
546 1800 651 1852 prior
660 1799 914 1851 incipitPam-

250 1856 392 1910 philus,
413 1866 450 1894 vt
460 1855 508 1894 ad
519 1854 804 1895 confeffionem
814 1854 914 1899 Cha-

252 1914 343 1953 rino
361 1912 491 1951 minus
511 1909 634 1951 clausa
651 1924 745 1964 prae
762 1909 917 1964 pudore

249 1968 298 2009 ,fit
316 1970 389 2008 via.
443 1967 496 2008 D.

305 2026 395 2065 Alia
423 2023 610 2063 orationis
638 2024 693 2062 vis
715 2028 765 2063 ‘et
791 2022 910 2062 virtus

251 2082 338 2125 erit,
356 2081 382 2119 fi
401 2079 483 2132 post
505 2080 537 2118 Ο
547 2077 912 2130 st'zluema10remfe-

252 2138 350 2177 ceris
389 2136 758 2188 interpunffionem.
813 2136 912 2176 Nam

250 2194 354 2233 elata
383 2205 476 2232 voce
494 2190 832 2244 pronunciandum
858 2189 912 2230 est

252 2249 457 2302 Pamphile.
519 2251 560 2289 B.

310 2317 359 2358 19
392 2304 574 2353 Salutem,
603 2302 798 2352 auxilium,
828 2316 910 2343 con·

239 2359 370 2413 filium
388 2360 571 2414 expetens]
608 2362 662 2401 Vt
688 2360 731 2399 in
758 2360 910 2412 petitio-

252 2417 365 2458 nibus
399 2415 482 2456 fieri
518 2414 630 2465 solet,
670 2415 909 2456 beneficium

251 2483 411 2527 petens,
443 2473 556 2512 vritur
575 2471 746 2524 partibus
763 2471 909 2511 delibe-

251 2531 408 2573 ratiuae.
469 2526 669 2579 Consilium
713 2528 908 2581 expetens]

226 2586 486 2640 .Eleganter:
523 2584 709 2637 quoniam
745 2583 909 2626 demens

966 1529 1125 1571 propter
1151 1531 1323 1557 amorem
1340 1516 1448 1557 suum
1469 1518 1563 1556 istud
1581 1532 1621 1556 a·

964 1575 1053 1614 liter
1078 1575 1237 1626 accipit,
1265 1585 1305 1613 et
1329 1572 1525 1625 respodet,
1562 1588 1622 1613 ne·

964 1629 1187 1684 quebconfilii
1209 1631 1325 1670 locum
1343 1627 1476 1677 habeo,
1508 1643 1622 1682 neque

963 1687 1013 1725 ad
1048 1687 1233 1727 auxilium
1269 1688 1401 1738 copias.
1457 1688 1621 1725 Interro-

963 1752 1030 1795 gat
1049 1753 1178 1783 tamen
1196 1742 1274 1782 ille.
1297 1743 1480 1793 quoniam
1499 1742 1621 1794 pudo-

962 1799 1012 1837 ris
1035 1797 1159 1838 suerat
1177 1798 1313 1847 dicere,
1338 1798 1500 1837 onrem
1517 1810 1620 1838 tuam

962 1853 1094 1910 diligo',
1127 1855 1233 1907 prius
1251 1855 1466 1906 interrogat
1480 1868 1529 1892 an
1551 1853 1619 1893 du·

962 1921 1067 1950 ceret
1084 1924 1260 1951 vxorem:
1289 1907 1494 1962 respondet
1511 1913 1619 1950 Pam·

962 1965 1087 2020 philus
1125 1965 1231 2018 quod
1264 1967 1305 2004 in
1330 1966 1522 2017 opinione
1550 1965 1616 2015 est,

961 2036 1046 2063 non
1071 2026 1111 2062 in
1129 2024 1212 2062 eius
1230 2022 1436 2061 voluntate.
1466 2022 1619 2067 Adiun-

961 2080 1018 2132 git
1028 2078 1214 2119 Charinus
1230 2078 1278 2118 ad
1297 2079 1614 2129 impetrationem

960 2135 1060 2174 vitae
1095 2133 1184 2173 suae
1211 2135 1453 2186 periculum,
1513 2134 1554 2171 St
1577 2134 1619 2173 id

959 2191 1066 2241 facis,
1087 2189 1195 2230 hodie
1207 2189 1424 2243 postremum
1434 2203 1489 2229 me
1498 2190 1615 2244 vides]

958 2245 1036 2287 Sed
1070 2247 1329 2299 interrogatus
1365 2260 1386 2284 a
1415 2245 1618 2295 Pamphilo

962 2315 1031 2341 cur
1055 2302 1151 2342 istud
1171 2302 1330 2349 dixerit,
1356 2302 1508 2353 pudore
1527 2315 1618 2341 con·

958 2357 1142 2398 funditur.
1195 2359 1352 2411 Allegat
1388 2354 1539 2396 seruum
1576 2368 1617 2398 vt
1680 2393 1687 2401 ,

958 2411 1040 2466 ipse
1067 2415 1179 2456 dicat.
1236 2415 1375 2454 Seruus
1403 2427 1494 2452 vero
1518 2413 1617 2453 calli·

958 2472 1038 2520 dus,
1058 2484 1110 2511 ne
1130 2471 1258 2510 minus
1273 2469 1527 2521 impetrabile,
1550 2467 1614 2510 sed

960 2539 1064 2568 certe
1097 2523 1414 2566 contumeliosum
1457 2523 1551 2565 esset
1585 2524 1615 2565 fi

959 2583 1127 2635 diceret,
1166 2593 1268 2625 amat
1286 2594 1464 2636 vaorem
1492 2592 1611 2628 tuam,

1490 2639 1616 2694 spon!
