1815 3168
611 165 905 209 ANDRIA.

1371 174 1430 223 81

205 288 242 338 P
255 303 287 336 Α
301 304 355 337 Μ.
389 292 567 336 Memor
586 285 749 337 essem?
785 306 814 335 o
835 285 988 351 Mysis,
1001 283 1151 352 Mysis,>
1173 295 1433 345 etiamnunc

304 366 412 412 mihi

205 441 371 506 Scripta
392 439 462 487 illa
483 435 598 487 dista
624 439 722 487 sunt
741 441 789 487 in
807 440 955 487 animo
979 438 1199 503 Chrysidis

70 751 290 794 iniffionem
336 750 538 804 Pamphili.
608 748 727 792 vnum

74 808 255 862 hocfiio]
285 807 450 849 subiicit
469 808 534 846 illa
554 819 655 858 quae
672 820 727 845 ar-

74 864 234 905 dentem
246 863 456 903 incendant
472 864 605 915 magis.
624 865 724 903 Nam

73 920 173 960 dixit
195 920 262 958 ille
279 920 428 968 omnia,
459 918 596 970 quibus
619 918 724 971 cogi-

69 987 135 1016 tur
160 973 313 1015 seruare
329 974 465 1014 fidem:
495 972 560 1014 sed
577 974 627 1013 de
644 985 726 1013 me-

72 1033 147 1072 rito
173 1032 256 1070 eius
285 1041 350 1070 aut
381 1029 477 1070 nihil
507 1030 623 1080 dixit,
661 1039 726 1068 aut

69 1100 220 1141 parum.
268 1087 386 1126 Vnum
404 1085 580 1140 hocfiio]
611 1084 727 1136 Quali

68 1143 147 1184 hoc
165 1142 282 1190 dicat,
314 1142 421 1194 Quid
441 1153 481 1181 tu
499 1141 661 1182 facturus
680 1139 725 1180 fis

71 1199 258 1251 equidem
275 1197 412 1247 nescio,
434 1197 499 1238 sed
509 1211 629 1238 vnum
642 1195 725 1245 scio,

70 1256 278 1305 Vtmemor
294 1253 373 1306 cstbs
393 1252 476 1308 fin]
518 1249 725 1302 Inuidiose,

73 1310 176 1363 quafi
204 1310 346 1349 oblito:
381 1310 480 1349 adeo
508 1321 729 1349 commoue-

69 1377 134 1406 τω·
159 1365 236 1404 hoc
267 1365 366 1403 dicto
390 1365 617 1416 Pamphilus.
678 1365 729 1404 Vt

74 1435 210 1463 memor
228 1420 394 1474 effksfiu‘]
424 1424 534 1461 Bene
551 1419 729 1470 praeteri-

74 1481 138 1518 to:
178 1477 363 1529 quoniam
394 1488 493 1528 quae
524 1475 729 1527 praeterita

74 1531 170 1579 sunt,
192 1534 233 1571 in
251 1532 520 1571 recordatione
537 1532 660 1584 magis
679 1531 729 1568 la-

0 1619 2 1633 >
75 1587 303 1643 crymabilia
321 1585 407 1640 (Ms.
427 1587 547 1627 Hulst.
568 1586 675 1625 addit
692 1598 729 1624 et

0 1650 2 1655 ’
71 1643 316 1696 miserabilia)
345 1640 440 1682 sunt.
469 1653 509 1681 vt
526 1641 723 1694 Virgilius,

0 1706 3 1720 '
76 1705 196 1755 (Aen.
214 1713 278 1748 111,
296 1700 414 1750 678).
467 1721 524 1729 —-
555 1698 626 1737 Cui
640 1706 728 1749 par-

74 1771 144 1798 uus
163 1755 275 1803 Iulus,
296 1756 366 1795 Cui
379 1765 499 1806 pater,
527 1765 563 1792 et
580 1755 723 1800 coniux,

74 1813 261 1868 quondam
288 1824 353 1850 tua
371 1810 478 1859 dicta,
511 1808 726 1861 relinquor?

74 1869 185 1912 Idem
215 1866 325 1916 alibi,
354 1868 472 1917 (Aen.
506 1878 567 1913 xx,
601 1865 724 1917 300³)

0 1942 5 1950 ν
70 1927 151 1967 >Per
179 1935 287 1977 caput
314 1921 382 1960 hoc
404 1924 508 1971 iuro,
545 1931 617 1973 per
633 1919 728 1974 quod

69 1993 181 2037 >pater
195 1993 283 2019 ante
287 1976 445 2029 solebat.
499 1979 548 2017 D.

134 2037 253 2078 Vnum
279 2034 450 2085 hocfiio,
477 2034 646 2072 meritam
667 2030 729 2084 effi

76 2106 120 2134 vt
129 2106 261 2132 memor
271 2089 442 2144 effi’sfiti]
482 2088 635 2130 Adiecit
653 2101 730 2127 rur-

72 2147 136 2190 -sus
153 2145 373 2188 adolescens
391 2143 478 2185 suae
495 2144 726 2184 memoriae:

75 2203 264 2257 liquidem
273 2202 376 2246 dicit,
391 2203 433 2240 in
443 2202 574 2241 animo
586 2197 624 2239 se
633 2198 730 2238 haec

82 2259 274 2315 Chryfidis
290 2259 487 2299 morientis
505 2266 546 2296 et
564 2268 730 2295 comme-

83 2316 262 2357 morantis
315 2314 539 2368 Glycerium
596 2309 731 2363 scripta

82 2370 197 2411 verba
230 2381 446 2423 pertenere.
503 2372 549 2408 In
582 2379 656 2419 qua
691 2379 734 2407 re

87 2426 320 2467 allocutionis
348 2424 434 2466 sunt
461 2434 663 2475 praecepta
693 2433 733 2462 et

88 2480 305 2534 potestates:
334 2481 410 2521 hoc
421 2480 485 2529 est,
506 2478 643 2532 quibus
654 2491 735 2518 ver-

16 2583 18 2589 y
86 2535 146 2576 bis
165 2538 306 2588 potuit,
338 2549 376 2578 vt
395 2536 548 2590 Chryfis
563 2535 733 2574 moriens

17 2595 19 2601 “
89 2596 145 2647 ei,⁴
175 2594 458 2635 commendaret
498 2592 730 2644 Glycerium.

1360 579 1432 625 De

774 748 854 790 Sed
881 750 1067 802 quoniam
1092 748 1168 790 hoc
1193 751 1355 802 profecit
1380 756 1431 796 ad

774 804 966 855 affe-ilum,
987 817 1026 846 vt
1044 807 1189 846 exinde
1207 808 1432 860 profiteatur

773 860 1015 911 adolescens,
1046 860 1085 901 se
1104 864 1329 916 Glycerium
1347 880 1431 906 non

773 915 1019 964 deserturum,
1039 918 1187 970 singula
1198 923 1433 963 excutienda

774 971 871 1014 sunt.
927 977 1026 1015 Nam
1054 977 1220 1025 primum
1239 990 1315 1028 quo
1336 988 1433 1018 tem-

774 1043 870 1082 pore
897 1031 1024 1069 locuta
1043 1030 1104 1079 iit,
1134 1045 1218 1070 non
1241 1032 1323 1072 fine
1341 1033 1431 1075 affe-

777 1087 838 1125 &u
861 1085 926 1126 est.
971 1086 1143 1126 Moriens
1162 1101 1255 1136 eum,
1279 1089 1433 1141 inquit:

775 1154 876 1193 quae
906 1155 966 1181 res
995 1141 1111 1182 habet
1127 1144 1333 1184 maximam
1349 1147 1432 1198 pie-

775 1208 912 1244 tatem,
948 1211 1036 1237 cum
1053 1198 1243 1250 postrema
1260 1214 1335 1240 vox
1355 1202 1431 1242 est:

774 1252 879 1305 quod
898 1251 963 1293 soli
983 1251 1120 1304 sumus,
1140 1265 1180 1294 et
1199 1256 1304 1307 quod
1315 1255 1436 1298 semo-

774 1310 822 1348 tis
849 1309 1054 1350 omnibus:
1096 1312 1181 1361 plus
1204 1314 1312 1351 enim
1340 1312 1434 1354 fidei

777 1378 892 1404 meae
909 1365 1029 1413 dedit,
1054 1367 1212 1417 quando
1223 1367 1357 1408 testem
1367 1370 1432 1409 ad-

778 1419 913 1459 hibere
948 1421 1134 1473 neglexit.
1190 1423 1352 1465 Deinde
1378 1422 1434 1464 se-

781 1475 909 1526 quitur
935 1473 1013 1527 ipsa
1044 1478 1183 1525 oratio,
1229 1492 1328 1530 quae
1354 1494 1433 1520 ma-

779 1543 901 1584 gnum
927 1530 1105 1570 afl'eRum
1124 1544 1243 1574 tenet.
1298 1539 1342 1576 E.
1391 1566 1394 1570 .

832 1587 940 1626 Hanc
957 1589 1145 1641 meritam]
1168 1592 1209 1628 ln
1221 1591 1333 1643 regio
1345 1592 1430 1633 cod.

775 1640 821 1680 τδ
841 1640 936 1681 hanc
957 1642 1197 1683 defideratur.
1253 1649 1292 1685 L.

829 1698 940 1737 Hanc
985 1696 1091 1736 abest
1138 1713 1159 1737 a
1202 1702 1430 1742 melioribus

776 1752 887 1793 codd.
911 1765 985 1792 nec
1002 1755 1165 1793 ancillae
1190 1756 1241 1794 de
1262 1759 1433 1798 Domina

774 1809 951 1860 loquenti
970 1811 1165 1849 conuenit.
1201 1813 1361 1852 Deinde
1371 1813 1434 1865 esse

776 1878 882 1917 pone
914 1875 1006 1904 ante
1029 1869 1213 1917 meritam,
1242 1869 1307 1920 qui
1337 1870 1432 1910 ordo

777 1920 832 1960 est
851 1921 894 1960 in
909 1923 1055 1961 Donati
1072 1921 1182 1962 Msto.
1227 1926 1432 1965 Oxonien·

776 1976 821 2025 fi,
853 1987 894 2017 vt
927 1979 1104 2017 meritam
1121 1978 1223 2020 clare
1242 1981 1350 2030 possit
1369 1995 1433 2022 au-

778 2032 862 2073 diri.
919 2036 961 2073 B.
1420 2057 1421 2061 =

832 2101 888 2142 47
930 2089 964 2128 Ο
996 2087 1136 2139 Μχήὶ,
1170 2091 1309 2146 Myfi‘s]
1355 2093 1435 2133 Pri..

777 2158 885 2183 mum
914 2146 1094 2194 vocandi,
1125 2147 1290 2186 alterum
1315 2149 1436 2191 incre·

778 2200 900 2256 pandi
919 2200 985 2240 est.
1040 2206 1111 2243 D.‘

831 2262 883 2311 48
914 2256 1043 2296 Etiam
1072 2270 1169 2296 nunc
1185 2257 1353 2313 firipta]
1393 2260 1438 2301 Id

779 2323 1049 2366 argumentum
1077 2313 1150 2361 est,
1176 2327 1291 2365 quam
1320 2318 1438 2355 viuae

778 2381 930 2408 memor
946 2368 998 2416 fit,
1037 2371 1102 2420 qui
1125 2370 1240 2408 etiam
1261 2382 1436 2412 mortuae

778 2424 981 2464 verborum
1003 2426 1224 2464 meminerit
1242 2426 1440 2480 Chrysidis>

782 2480 833 2521 de
849 2480 1040 2532 Glycerio.
1093 2483 1142 2520 D.

834 2539 890 2577 Vt
916 2535 1144 2589 ambiguitas
1164 2538 1340 2576 Genitiui
1369 2539 1437 2579 tol-

783 2593 1006 2687 'amffiffia‘'
1022 2592 1221 2645 ponepost
1230 2598 1364 2634 animo.
1393 2598 1435 2637 B,
