1815 3168
296 159 391 205 3¹0

672 145 835 192 ACT.
872 145 924 189 ΙΙ.
963 142 1160 190 SCEN.
1196 142 1247 188 11.

439 271 561 327 Quid
591 271 787 322 interest!
825 271 910 317 hoc
943 269 1052 317 adeo
1086 286 1137 315 ex
1166 269 1247 315 hae
1269 283 1317 314 re
1339 268 1459 315 venit
1480 269 1526 313 in
1549 284 1668 315 mens

540 361 627 394 tem
651 350 775 395 mihi.

441 427 646 471 Conueni
676 423 807 470 hodie
836 421 1074 468 adueniens
1105 418 1324 484 quendam
1356 419 1443 465 mei
1463 417 1550 466 loci
1569 418 1674 465 hinc

542 511 670 562 atque
693 498 871 555 ordinis,

439 577 690 621 Hominem
721 575 826 619 haut
850 575 1101 638 impurum,
1133 563 1454 634 itidem'patria
1477 571 1553 632 qui
1575 567 1677 615 abli-

546 653 736 710 gurierat
759 649 891 695 bona.

303 734 455 788 flzdtum
474 745 585 773 vocar
611 734 820 785 {implicem
843 730 973 784 patasi-

309 802 382 838 tus,
397 802 433 829 et
447 791 504 844 (se
517 787 750 828 interserunt
760 788 849 828 edd.
863 790 972 840 vett.)

307 846 572 900 intelligentem
604 848 760 883 malum.
819 844 877 882 Di
910 845 974 882 im·

312 901 508 954 mortales]
540 901 777 939 Admirantis
790 900 976 939 exclama-

313 960 371 998 tio
400 956 474 1006 est,
508 970 594 995 cum
613 955 762 1007 parafiti
782 955 977 1008 gesticula-

315 1015 437 1054 tione.
492 1012 549 1051 Di
584 1010 806 1050 zmmormles
838 1009 980 1048 homini

315 1070 424 1109 homo
455 1069 545 1121 quid
572 1066 792 1119 praestat?]
831 1067 980 1105 Morata

315 1126 484 1165 narratio
511 1140 533 1164 a
567 1122 757 1163 sententia
784 1122 905 1174 incipi
925 1117 979 1159 so—

315 1183 384 1230 let,
408 1178 654 1232 quaedicitur
674 1177 865 1226 oreouv'flmv.
897 1177 979 1215 Ho-

317 1241 410 1278 mini
429 1239 535 1276 homo
555 1237 649 1289 quid
662 1234 821 1288 praestat
834 1235 871 1290 ἲ]
902 1233 982 1273 Alii

321 1294 547 1347 distingunt,
574 1290 847 1350 Qtidpraestat
860 1289 979 1341 stulto

323 1349 558 1405 intelligens?
587 1350 676 1397 Alii,
704 1347 830 1388 Stulte
849 1347 982 1386 intelli-

321 1420 412 1461 gens
429 1406 522 1459 quid
541 1404 711 1456 interest?
741 1404 832 1456 quia
853 1402 902 1443 fic
921 1413 984 1441 ve-

322 1474 425 1502 teres
445 1461 714 1513 loquebantur.
771 1462 819 1500 D.

377 1521 436 1559 Di
460 1519 683 1558 immortales
697 1519 714 1555 !
725 1516 743 1571 ]
773 1519 882 1555 Haec
901 1515 986 1555 Sce-

325 1590 379 1615 na
401 1572 696 1614 exsultationem
716 1573 915 1619 continet,
943 1571 986 1609 in

326 1646 403 1684 qua
413 1631 664 1670 nihilominus
676 1627 849 1679 pai-alitus
861 1626 989 1678 loqui-

328 1699 402 1736 tur,
422 1688 529 1727 cuius
546 1685 596 1728 de
615 1685 785 1726 moribus
805 1693 842 1725 et
858 1680 988 1736 perfo-

329 1760 380 1785 na
434 1774 443 1783 .
500 1774 508 1783 .
566 1774 575 1783 .
633 1774 642 1782 .
697 1737 791 1794 (Ms.
813 1739 912 1780 alter
938 1738 990 1777 la-

329 1814 470 1840 cunam
496 1812 577 1838 non
596 1797 722 1837 habet.
776 1796 905 1838 Alter:
926 1792 989 1833 ad-

329 1859 399 1905 dit,
423 1854 629 1894 collocauit.
660 1857 723 1894 W.
780 1854 894 1902 Forte
908 1851 988 1903 leg.

330 1916 434 1954 cuius
454 1911 496 1950 de
514 1909 680 1950 moribus
701 1922 736 1947 et
752 1907 911 1958 persona
920 1905 990 1955 su-

323 1981 414 2026 pra,
436 1981 542 2020 quam
559 1979 694 2004 nouam
719 1964 777 2002 hic
797 1963 991 2002 collocauit

335 2042 384 2066 ex
411 2021 644 2070 Menandro,
673 2019 770 2071 apud
786 2031 886 2072 quem
905 2017 993 2056 diei-

334 2096 401 2125 tur
422 2094 451 2119 c.
481 2081 539 2131 Z.)
573 2090 658 2116 cum
682 2075 778 2114 dixit
794 2074 924 2122 colax,
950 2070 990 2112 id

334 2138 401 2187 est,
422 2135 604 2176 adulator.
663 2135 761 2172 Nam
782 2144 867 2168 cum
887 2142 990 2181 para-

332 2195 493 2236 sitorum
509 2187 698 2241 personae
716 2197 830 2226 antea
844 2185 899 2225 his
910 2197 989 2223 mo-

335 2252 442 2291 ribus
469 2244 608 2293 essent,
639 2245 691 2283 vti
722 2242 846 2295 plagis
875 2251 991 2291 atque

332 2302 560 2347 verberibus
581 2298 694 2340 risum
716 2297 883 2337 dominis
900 2309 991 2335 con-

334 2364 507 2405 citarent,
529 2358 592 2396 hic
612 2368 718 2395 nouo
744 2366 853 2393 more
872 2363 993 2391 artem

335 2416 510 2458 exerceri
528 2412 779 2458 monstratur3
803 2421 841 2449 vt
861 2409 993 2448 omnia

335 2473 516 2515 omnibus
527 2466 818 2514 consentiendo,
840 2464 914 2504 hoc
929 2477 994 2518 ge-

334 2543 405 2572 nus
443 2529 529 2568 artis
559 2534 748 2564 exerceat.
805 2524 860 2562 Ita
888 2521 995 2561 enim

331 2587 449 2628 dixit,
484 2583 584 2622 hanc
621 2592 766 2619 nouam
792 2575 996 2630 personam

334 2644 384 2683 de
403 2643 553 2684 Graeco
573 2633 651 2680 effe
672 2635 904 2679 translatam.
933 2636 997 2686 En⁴

1537 661 1560 705 5
1604 648 1678 690 V1-

1024 744 1074 785 go
1110 730 1174 770 hic
1203 741 1332 769 mores
1369 729 1554 780 exprimit
1583 724 1679 769 suos.

1022 791 1070 828 Et
1097 786 1139 826 fit
1170 786 1404 839 comparatio
1439 798 1509 836 per
1527 785 1686 835 qualita-

1024 855 1122 891 tem,
1162 857 1262 893 quae
1281 842 1417 881 melior
1437 853 1494 879 ars
1518 842 1556 878 in
1581 853 1686 891 para-

1024 899 1093 938 sno
1129 897 1208 939 effe
1236 900 1427 937 viaeatur:
1466 908 1590 935 vnum
1619 897 1684 935 illa

1028 967 1130 1007 quae
1157 955 1279 1007 plagis
1311 966 1354 992 ae
1386 952 1605 992 tei-neribus
1634 953 1685 990 vi·

1026 1022 1105 1050 tam
1122 1013 1283 1062 turpiter
1310 1009 1536 1048 continebat
1565 1009 1687 1062 (lege,

1029 1069 1208 1105 contineat
1232 1067 1312 1116 Z),
1343 1080 1391 1104 an
1412 1064 1506 1103 haec
1528 1077 1627 1116 quae
1637 1060 1687 1103 as-

1027 1118 1217 1160 sentando
1237 1131 1277 1159 et
1297 1121 1500 1160 arridendo
1524 1118 1602 1172 ipsa
1621 1133 1688 1172 po-

1026 1178 1101 1216 tius
1120 1175 1267 1217 habere
1286 1173 1453 1216 videatur
1471 1189 1512 1214 m
1532 1176 1691 1228 potesta-

1031 1244 1070 1272 te
1118 1232 1311 1272 dominos.
1380 1233 1531 1271 Homini
1580 1233 1689 1272 homo

1034 1290 1123 1343 quid
1150 1286 1324 1341 praestat]
1356 1284 1492 1327 Sensus
1521 1288 1594 1326 est:
1622 1286 1692 1327 ho-

1032 1345 1131 1385 mini
1139 1344 1250 1384 stulto
1263 1343 1377 1382 homo
1388 1355 1469 1382 non
1480 1350 1495 1392 (
1497 1346 1546 1381 W
1552 1343 1691 1384 este1·h.·‚

1035 1402 1178 1441 omittit
1223 1414 1298 1439 non
1340 1401 1407 1448 Z.)
1467 1399 1693 1452 intelligens

1036 1456 1132 1510 quid
1153 1456 1330 1508 praestat,
1360 1453 1398 1493 id
1419 1453 1492 1503 est,
1524 1455 1695 1506 praecel-

1035 1515 1093 1554 lit.
1149 1517 1234 1553 Hoc
1250 1512 1298 1551 ad
1317 1511 1584 1552 Sallustianum
1604 1513 1697 1564 (Ca.

1036 1571 1095 1610 til.
1129 1571 1185 1621 1.)
1206 1567 1373 1608 accedit:
1430 1568 1557 1606 Omnis
1584 1566 1698 1607 homi-

1034 1641 1118 1675 nes,
1155 1627 1220 1677 qui
1241 1623 1321 1676 fifi·
1338 1622 1486 1672 student
1508 1622 1696 1675 praestare

1037 1683 1189 1732 caeterp's
1205 1677 1432 1720 annualibus.
1489 1681 1533 1720 E.

1092 1740 1217 1778 Homo
1262 1736 1430 1791 homini]
1476 1734 1697 1788 Symmach.

1037 1793 1106 1835 lib.
1124 1807 1179 1835 ιν.
1200 1791 1315 1845 Epist.
1328 1795 1392 1845 56.
1421 1791 1670 1843 Antiphanes
1683 1806 1696 1832 ε

1039 1849 1163 1897 Α’νδςδς
1180 1853 1326 1894 διαφέρει
1344 1847 1424 1886 rff‘r’
1442 1847 1536 1895 ἃνῆς.
1590 1850 1630 1887 L.

1095 1919 1121 1946 2
1147 1904 1252 1960 Qid
1279 1893 1481 1955 interest?]
1520 1905 1608 1942 Hoc
1635 1900 1705 1941 ad-=

1037 1961 1210 2002 mirantis
1221 1959 1287 2010 est,
1309 1968 1350 1997 et
1365 1957 1455 1997 ideo
1465 1956 1514 1997 fic
1524 1971 1700 2010 pronun-

1040 2016 1231 2056 ciandum.
1287 2016 1337 2055 D.

1094 2085 1116 2126 3
1161 2072 1322 2111 Conueni
1349 2068 1550 2123 hominem]
1597 2069 1700 2109 Con..

1040 2127 1181 2180 uenzffi,
1207 2140 1287 2165 non
1306 2123 1439 2164 vidisse
1459 2123 1700 2173 tantun1‚sed

1041 2185 1156 2224 etiam
1176 2183 1406 2222 collocutum
1425 2177 1536 2220 fuisse
1555 2180 1701 2233 fignifi-

1041 2251 1113 2280 cat.
1166 2241 1252 2279 Mei
1293 2239 1363 2277 loci
1398 2250 1507 2290 atque
1537 2237 1698 2291 ordinis]

1044 2297 1148 2343 Loci,
1167 2295 1396 2349 ingenium:
1428 2295 1583 2340 ordinis,
1605 2307 1701 2346 pau·

1042 2365 1187 2406 perem.
1245 2349 1346 2390 Illud
1381 2350 1586 2397 natalium,
1624 2349 1701 2389 hoe

1041 2408 1223 2450 fortunae
1243 2405 1309 2447 est.
1366 2407 1415 2444 D.

1100 2466 1184 2505 Mei
1209 2464 1281 2502 loci
1299 2473 1409 2515 atque
1427 2461 1585 2515 ordinis]
1615 2461 1702 2507 Mei

1044 2521 1116 2561 loci
1135 2531 1344 2571 pauperem
1365 2516 1468 2565 dicit,
1486 2519 1625 2559 ordinis
1637 2531 1702 2570 pa-

1043 2575 1203 2621 rasitum.
1258 2578 1302 2616 E.

1097 2645 1127 2689 4
1153 2632 1352 2675 Hominem
1377 2629 1470 2674 haut
1494 2628 1700 2688 impurum]

1611 2688 1702 2727 Non
