1815 3168
317 134 413 194 536

754 131 1174 180 «PROLOGVS

457 259 681 307 Statariam
703 274 830 320 agere
853 269 898 305 vt
922 258 1045 304 liceat
1066 274 1147 323 per
1169 255 1410 314 filentium3

457 340 534 384 Ne
562 334 730 398 semper
754 335 899 381 seruos
923 349 1115 386 currens,
1137 335 1269 379 iratus
1291 333 1430 385 senex,

457 411 576 458 Edax
598 408 818 473 parafitus,
845 408 1109 473 sycophanta
1130 418 1274 455 autem
1295 407 1543 472 impudens.

459 490 632 533 Anat-us
654 485 771 541 leno,
797 483 951 531 affidue
975 483 1133 544 agendi
1154 482 1236 530 {int
1259 486 1383 536 mihi,

362 567 432 623 4ο
470 562 671 608 Clamore
694 560 876 612 summo,
898 575 999 606 cum
1019 558 1167 606 labore
1193 576 1413 606 maxumo.

463 640 567 685 Mea
581 635 698 683 causa
713 635 877 683 causam
888 635 1000 682 hanc
1010 632 1163 682 iustam
1176 631 1258 682 effe
1272 636 1470 682 animum
1479 633 1693 683 inducite}
1753 647 1755 649 ’

326 838 570 882 Comoediae
597 836 802 876 astionem.
857 838 904 876 Et
919 833 990 876 be-

328 909 385 936 ne
405 895 503 934 dixit
520 893 743 932 Statariam.
795 893 872 946 Agi
882 893 990 931 enim

329 951 467 990 dicitnr
492 948 641 996 fabula,
683 961 769 986 cum
796 949 989 987 recitatur.

330 1007 444 1047 Stare
473 1018 559 1044 cum
589 1004 727 1054 placet.
781 1003 844 1043 Est
874 1004 992 1042 etiam

329 1061 575 1104 Comoediae
594 1072 694 1110 quae
713 1057 853 1097 dicitur
870 1059 993 1098 Stata-

331 1122 393 1159 νέα
416 1127 481 1156 aut
503 1116 676 1163 motoria,
698 1128 720 1153 a
737 1113 895 1154 statariis
908 1113 994 1152 ac’ti-

332 1173 405 1213 bus
429 1173 489 1212 vel
510 1171 695 1211 motoriis.
752 1172 798 1211 C.

389 1232 442 1283 36
470 1228 677 1267 Statariam
696 1240 820 1281 agere,
837 1240 879 1266 vt
887 1225 995 1265 liceat

330 1297 399 1339 per
408 1283 617 1337 filentium]
649 1281 821 1334 Quidam
833 1282 997 1333 statari-

331 1356 396 1382 am
416 1353 541 1395 genus
568 1337 645 1379 effe
669 1332 814 1390 putant'
825 1342 997 1382 Comoe-

336 1397 447 1437 diae:
481 1397 566 1445 alii,
598 1396 641 1434 in
674 1394 816 1447 quibus
844 1395 999 1442 stantes,

335 1454 441 1493 vnde
459 1453 559 1492 hanc
566 1451 767 1504 flamiam
777 1452 998 1490 nominant.

334 1509 445 1549 Mihi
476 1509 585 1548 enim
616 1509 756 1559 (autem
793 1508 856 1558 Z.)
893 1505 999 1546 vide-

339 1577 410 1615 tur,
422 1565 621 1617 statariam
640 1577 746 1619 agere
755 1577 798 1603 vt
815 1563 924 1604 liceat
932 1575 1000 1614 per

328 1623 530 1676 silentium,
558 1620 649 1660 ideo
673 1617 829 1669 dixiffe‚
856 1629 894 1658 vt
916 1632 1002 1671 per-

337 1689 462 1732 petuo
483 1690 522 1718 et
541 1677 727 1716 stabiliter
745 1687 879 1729 agatur
905 1675 1002 1715 haec

337 1735 577 1780 Comoedia,
614 1745 748 1785 neque
776 1732 914 1784 populi
939 1731 1003 1770 ad-

337 1790 456 1830 uersis
484 1789 674 1842 suffragiis
697 1788 802 1828 foras
823 1788 1000 1840 pellatur.

337 1846 434 1887 Ideo
454 1847 605 1893 adiecit,
628 1858 671 1884 vt
688 1844 797 1884 liceat
811 1856 880 1896 per
891 1843 1002 1895 film-

337 1906 446 1949 tium,
469 1913 508 1941 et
527 1899 746 1953 subiungit:
778 1903 840 1940 Ne
855 1898 1003 1950 fitnper

1634 716 1697 758 Vt

1038 835 1113 875 tius
1130 834 1284 885 fauere,
1315 847 1430 889 qnam
1448 831 1606 876 aduerso
1630 831 1698 874 suf-

1038 891 1166 946 fragio
1187 890 1347 931 conatus
1366 892 1505 931 facere.
1559 894 1603 932 E.

1094 950 1301 990 Statariam
1324 947 1447 1002 agere]
1461 945 1504 987 sc.
1516 945 1700 996 fabulam,

1042 1004 1084 1043 in
1105 1017 1182 1055 qua
1197 1018 1277 1043 non
1297 1001 1700 1056 suntmagnilabores,

1042 1059 1357 1099 vehementiores
1402 1061 1700 1100 commotiones,

1042 1117 1142 1156 Nam
1181 1115 1333 1154 ratione
1377 1116 1696 1164 commotionum,

1043 1168 1110 1211 sou
1130 1174 1197 1209 τῶν
1218 1173 1355 1217 παθῶν,
1385 1171 1615 1220 Comoedia,
1639 1185 1703 1210 au-

1045 1228 1150 1267 &ore
1167 1229 1338 1274 Donato,
1359 1225 1497 1265 dicitnr
1514 1227 1575 1265 vel
1584 1227 1703 1278 stata-

1046 1286 1124 1329 ria,
1150 1283 1215 1333 vbi
1241 1280 1359 1322 sedati
1388 1292 1427 1321 et
1445 1282 1612 1322 leniores
1638 1283 1706 1327 do-

1046 1340 1244 1379 minantur
1265 1337 1436 1386 affectus,
1457 1339 1517 1376 vel
1529 1342 1704 1389 motoria,

1048 1409 1147 1447 quae
1177 1393 1535 1434 vehementioribus
1555 1391 1710 1448 affutg'it

1048 1451 1230 1500 motibus,
1266 1451 1327 1489 vel
1347 1453 1481 1497 mixta,
1504 1451 1543 1488 in
1564 1447 1638 1502 qua
1657 1462 1710 1490 vt-

1048 1521 1215 1559 rumque
1243 1506 1341 1546 illud
1368 1517 1625 1558 temperatum
1654 1507 1710 1547 est

1050 1577 1188 1618 genus.
1241 1566 1281 1604 Z.

1106 1631 1160 1673 37
1202 1619 1265 1658 Ne
1290 1618 1437 1670 fimper
1454 1617 1598 1668 straus
1631 1633 1710 1660 cur-

1050 1677 1154 1730 rens]
1184 1675 1375 1726 Exprimit
1386 1675 1503 1713 varias
1514 1673 1708 1727 personas,

1051 1745 1151 1785 quae
1167 1732 1206 1771 in
1221 1730 1445 1773 Comoediis
1460 1731 1712 1771 introducun-

1053 1799 1133 1835 tur,
1178 1786 1315 1838 quibus
1339 1800 1397 1825 ars
1428 1788 1573 1826 comica
1599 1788 1710 1828 valde

1052 1844 1286 1884 nobilitatur.
1343 1842 1542 1881 Inducitur
1577 1854 1710 1884 autem

1050 1902 1131 1940 leno
1143 1903 1333 1950 periurus,
1357 1911 1506 1936 amator
1514 1901 1707 1949 feruidus,
1735 1927 1741 1931 -

329 1959 389 2015 [ἓν
399 1972 467 1997 uus
479 1971 640 2004 currens,
651 1955 907 2006 iratusstnex‚
920 1948 996 1995 &cst
1039 1954 1172 2007 straus
1184 1953 1348 1999 callidus,
1366 1959 1401 1992 e't
1410 1956 1527 1994 amica
1543 1955 1710 2005 illudens,

338 2013 474 2069 affidue
493 2014 631 2068 agendi
639 2012 719 2063 stnt
735 2011 840 2056 mihi,
855 2009 1002 2050 Clamo-

339 2071 548 2122 refitmmo,
581 2082 660 2108 cum
680 2066 805 2107 labore
824 2069 1000 2106 maximo.

338 2130 450 2168 Haec
468 2137 607 2173 autem,
628 2137 729 2176 quae
748 2136 856 2162 nunc
875 2123 1004 2161 nomi-

341 2194 504 2231 nantur,
536 2181 696 2234 propria
722 2180 904 2219 videntur
924 2176 1003 2217 effe

340 2238 602 2292 personarum.
667 2239 767 2276 Nam
793 2233 893 2275 serui
921 2234 1005 2280 offi-

342 2298 446 2336 tium
475 2295 528 2335 est
545 2307 711 2340 currere5
740 2289 840 2331 senis
866 2291 1006 2343 irafii:

343 2351 525 2405 parasitus
553 2360 682 2389 autem
710 2348 804 2389 edax
828 2347 902 2396 est,
932 2350 1005 2387 im-

338 2409 479 2463 pudens
505 2404 763 2461 sycophanta,
798 2404 892 2443 leno
918 2417 1007 2443 aua-

312 2499 315 2503 ,
342 2478 408 2505 rus
437 2464 502 2506 est.
547 2474 643 2514 ergo
676 2458 766 2500 sunt
793 2459 891 2499 haec
917 2474 1007 2512 pro-

342 2522 428 2573 pria
439 2519 636 2565 sermonis,
661 2530 761 2568 quae
776 2514 930 2556 necesse
941 2515 1007 2556 ha-

342 2576 421 2617 beo
442 2590 489 2616 ex
507 2573 729 2616 necestitate
748 2569 1002 2623 personarum

343 2632 552 2687 complere.
610 2628 775 2673 Debetis
805 2629 901 2672 mihi
926 2628 1021 2685 p0-‘

1049 2023 1087 2050 et
1111 2024 1209 2050 vxor
1241 2007 1425 2056 inhibens,
1456 2024 1492 2049 et
1512 2025 1631 2051 mater
1658 2016 1713 2052 in-

1050 2066 1218 2122 dulgens,
1239 2079 1274 2105 et
1290 2078 1449 2118 patruus
1474 2066 1711 2123 obiurgator,

1050 2137 1086 2163 et
1110 2122 1259 2173 sodalis
1293 2122 1511 2174 opitulator,
1542 2134 1578 2163 et
1609 2124 1713 2164 miles

1047 2180 1275 2233 praeliator,
1301 2177 1460 2230 parafiti
1481 2179 1627 2230 edaces,
1646 2193 1713 2234 pa-

1053 2248 1172 2275 rentes
1183 2247 1333 2282 tenaces,
1353 2247 1390 2274 et
1403 2239 1608 2277 meretrices
1622 2248 1714 2291 pro.

1056 2305 1163 2332 cates.
1222 2293 1267 2333 C.

1112 2358 1165 2400 41·
1195 2349 1285 2387 Mea
1313 2345 1421 2398 causta
1449 2346 1592 2399 caufizm
1620 2348 1714 2389 hanc

1055 2403 1203 2457 iustam]
1232 2409 1473 2450 Πκςονομοεσίικ.
1504 2408 1507 2411 ’
1533 2405 1580 2446 C.
1666 2424 1667 2429 ¹

1109 2461 1200 2500 Mea
1230 2459 1336 2510 caufiz
1373 2459 1635 2511 cmfhmhanc
1656 2462 1714 2499 iu-

1046 2514 1143 2568 stam
1171 2518 1209 2555 in
1239 2518 1402 2554 animum
1432 2517 1618 2565 inducite,
1662 2516 1715 2557 Vt

1054 2572 1177 2625 aliqua
1193 2581 1280 2625 pars
1298 2570 1436 2612 laboris
1453 2576 1642 2612 minuatur
1652 2574 1716 2612 mi-

1051 2626 1111 2684 hi]
1142 2628 1344 2682 Quantum
1364 2628 1533 2679 adeum,
1554 2630 1619 2681 qui
1638 2629 1715 2668 Co-

1613 2698 1718 2724 moe-
