1815 3168
378 165 445 194 Lx
640 152 913 196 VICTOR
947 128 1036 198 DE
1075 156 1475 208 coMoEmA.

375 281 455 317 tes,
481 270 584 321 quod
602 272 853 312 Grammatici
881 273 1016 312 dicunt
1044 280 1238 321 ὁμωνυμίανε
1271 281 1332 318 vel
1359 282 1465 333 plura
1492 282 1730 335 significatio-

373 326 436 365 nis
457 324 650 374 eiusdetn,
682 328 786 378 quod
809 340 946 368 vocant
965 338 1171 375 συνωνυμίαντ
1200 334 1261 372 vel
1280 340 1474 388 proprium
1495 341 1653 390 aliquod
1673 342 1733 380 lu«

375 380 512 420 dentes
533 397 678 422 nomen
699 397 742 422 ea
762 385 920 434 quidem
938 386 1109 433 ratione,
1141 400 1214 439 qua
1233 403 1302 429 nos
1320 393 1514 433 interdum
1537 408 1728 439 oratorem

374 437 537 477 dicimus
556 450 763 487 aratorem,
793 440 897 490 quod
923 441 978 480 illi
999 455 1228 495 nuncupant
1254 457 1477 496 παρωνυμίκν,
1509 452 1570 489 vel
1589 452 1729 493 eadem

373 491 518 544 saepius
545 509 625 534 non
653 495 857 534 inuenuste
886 497 1253 550 repetend0‚.quod
1284 505 1481 554 appeliant
1508 509 1730 552 αἰδολεσχῑανς

371 547 579 589 cuiusmodi
602 550 655 589 est
675 551 766 589 illud
779 552 1003 591 Ennianum
1026 553 1073 592 ab
1093 555 1195 594 Aulo
1215 556 1527 608 Gellio‘citatum,
1556 564 1618 601 vbi
1641 576 1729 603 ver-

371 605 465 645 bum
498 607 569 645 hoc
586 606 737 658 frustra
766 619 805 644 et
818 607 1021 658 frustrari,
1054 610 1183 649 decies
1209 608 1467 654 eodem-loco
1496 618 1727 660 inculcatur:

369 664 432 701 vel
453 660 682 713 aspernandi
703 663 825 701 studio
844 664 1075 704 diminutiua
1093 664 1329 708 formantes:
1357 672 1417 710 vel
1435 673 1599 724 aliquam
1621 675 1723 716 haud

370 715 535 757 absurde
568 719 718 757 literam
744 731 946 759 mutantes.
1003 718 1192 773 Denique
1220 738 1289 775 per
1323 739 1404 765 non
1434 729 1536 767 tritas
1566 730 1731 771 dicendi

370 773 512 826 figuras
540 775 773 826 elegantiam
801 776 976 824 alicuius,
1010 788 1075 816 aut
1106 778 1203 817 rude
1227 781 1432 834 ingenium
1452 786 1724 836 exprimentes,

368 830 562 870 theatrum
592 843 710 869 omne
739 829 812 869 risu
843 831 1128 875 diffundebant.
1186 839 1333 876 Verum
1359 837 1454 877 haec
1474 841 1648 881 vniuersa
1667 845 1725 883 ni·

367 886 438 926 hili
473 900 754 937 nonnunquam
781 898 909 934 erant,
953 888 1021 928 nifi
1049 903 1183 929 vocem
1210 891 1407 934 histriones
1435 895 1590 949 fingulis
1618 897 1726 938 adhi-

367 939 534 981 buiffent
551 943 901 985 accommodatam:
929 945 1246 997 quandoquidem
1275 951 1400 988 omnis
1427 951 1627 992 oblectatio
1644 956 1722 995 Co-

364 998 546 1038 moediae
575 999 856 1049 propemodum
881 1001 924 1038 in
951 1001 1103 1041 actione
1131 1003 1308 1044 consistit.
1362 1008 1557 1047 Hacienus
1596 1021 1729 1051 autem

362 1067 466 1105 quae
491 1054 675 1103 diximus,
703 1055 806 1095 bono
842 1057 974 1096 omine
1001 1059 1232 1109 procedant:
1261 1074 1314 1100 ne
1342 1062 1451 1114 (licet
1477 1063 1563 1103 huic
1586 1064 1721 1105 libell'o

363 1110 415 1149 de
434 1111 626 1162 perplexis
646 1112 744 1150 adeo
769 1112 1055 1164 quaestionibus
1081 1116 1314 1168 propofitum
1339 1131 1422 1158 non
1444 1118 1486 1159 sit
1512 1119 1723 1175 disputare)

364 1166 483 1206 nimis
500 1169 620 1207 multa
640 1165 718 1206 efl'e
736 1170 947 1209 videantur.

477 1224 517 1263 Si
535 1222 710 1264 funditus
730 1226 888 1265 Latinae
907 1226 1149 1268 Comoediae
1168 1243 1327 1281 quaeras
1353 1228 1568 1282 perspicere
1588 1233 1721 1274 condi-

362 1279 541 1318 tionem:
568 1281 747 1331 inprimis
775 1283 857 1320 eius
886 1283 1078 1335 originem
1108 1299 1174 1335 par
1203 1283 1280 1325 effe
1310 1287 1470 1326 arbitror
1500 1302 1579 1326 non
1607 1291 1721 1341 igno-

362 1347 470 1373 rare:
501 1336 649 1386 quippe
668 1350 756 1375 cum
773 1337 820 1375 ad
841 1351 911 1377 nos
929 1352 952 1377 e
969 1339 1116 1378 Graeco
1146 1339 1257 1380 fonte
1281 1341 1455 1380 deriuata
1472 1356 1543 1394 per
1561 1346 1720 1394 Latinos

362 1390 465 1441 quafi
489 1391 660 1430 traduces
679 1394 877 1432 emanarit.
936 1396 983 1432 In
1003 1405 1179 1434 veterum
1207 1397 1340 1447 itaque
1366 1398 1521 1437 Fabulis
1543 1401 1722 1452 quinque

360 1446 575 1498 perhibent
594 1444 672 1486 effe
689 1447 950 1498 differentias,
978 1460 1194 1501 temporum
1220 1450 1379 1500 scilicet,
1409 1453 1499 1504 stili,
1524 1458 1718 1506 materiae,

361 1515 631 1550 numerorum,
664 1514 704 1542 et
720 1516 933 1555 apparatus.
989 1505 1114 1546 Nobis
1138 1508 1258 1560 igitur
1276 1520 1451 1561 tempora
1479 1512 1718 1553 confideran-

360 1557 484 1603 tibus,
515 1561 586 1598 tria
614 1561 916 1601 comoediarum
944 1575 1089 1614 genera
1116 1561 1198 1602 sese
1229 1563 1399 1604 offerunt
1430 1566 1716 1621 distinguenda.

359 1615 532 1655 Primum
560 1616 667 1654 enim
693 1615 765 1663 est,
804 1619 907 1668 quod
937 1633 1009 1657 vna
1036 1632 1123 1658 cum
1141 1621 1510 1672 Peloponnefiorum
1539 1626 1715 1676 imperio,

358 1668 586 1720 sarm-ione,
620 1672 681 1709 vel
699 1674 937 1713 Sannirione
952 1675 1082 1713 floruit
1097 1676 1320 1717 inuentore.
1379 1679 1577 1729 Alterum,
1609 1681 1715 1732 quod

358 1726 408 1765 ab
430 1725 615 1778 impofitis
635 1741 704 1779 per
720 1729 1048 1769 Lacaedemonios
1066 1730 1366 1772 Athenienfium
1391 1735 1621 1785 ceruicibus,
1652 1739 1716 1776 tri·

360 1783 469 1835 ginta
488 1782 589 1834 quast
616 1783 710 1836 iugo
740 1786 917 1837 tyrannis
943 1786 991 1826 ad
1018 1798 1181 1827 aetatem
1209 1787 1328 1840 vsque
1345 1791 1512 1842 Philippi
1532 1794 1717 1833 Macedo-

358 1840 420 1877 nis
449 1837 503 1877 est
531 1851 803 1892 propagatum,
846 1841 1026 1882 videlicet
1053 1856 1123 1894 per
1158 1858 1280 1883 annos
1317 1847 1467 1885 circiter
1505 1845 1716 1901 sexaginta.

355 1895 556 1943 Tertium,
585 1897 702 1947 quod'
718 1896 765 1935 ab
786 1898 996 1937 Alexandri
1022 1900 1260 1950 temporibus
1286 1901 1385 1941 adeo
1412 1901 1574 1943 faustum
1594 1902 1718 1947 sumfit

356 1950 538 2001 initium,
567 1962 606 1990 vt
624 1953 740 1992 etiam
759 1967 780 1992 a
798 1955 944 1994 Latinis
965 1955 1008 1993 in
1030 1954 1246 2005 praesentia
1279 1958 1506 1998 celebretur.
1561 1964 1714 2002 Verun-

354 2017 487 2046 tamen
508 2020 584 2060 ego
603 2008 861 2048 comoediam
879 2013 1070 2050 Graecum
1099 2009 1176 2051 effe
1202 2013 1410 2053 inuentum
1438 2015 1601 2055 minime
1618 2019 1717 2058 arbi·

354 2073 452 2102 tror:
482 2076 614 2114 neque
643 2064 700 2114 (vt
722 2065 895 2104 Thomas
926 2066 1127 2120 Magister,
1165 2079 1205 2107 et
1231 2082 1322 2108 eum
1352 2067 1497 2118 secuti,
1522 2073 1712 2115 'videntur

353 2118 572 2172 aestimare)
591 2118 638 2158 ab
657 2121 833 2173 agricolis
856 2123 1000 2162 ciuium
1021 2124 1180 2163 iniurias
1201 2126 1527 2176 conquerentibus
1544 2127 1622 2168 effe
1644 2130 1712 2170 de-

352 2176 525 2214 riuatam.
580 2178 665 2215 Hoc
684 2189 830 2229 nempe
846 2176 993 2217 causam
1011 2177 1239 2230 asperitatis,
1270 2193 1309 2220 et
1335 2183 1549 2235 iurgiorum
1574 2186 1615 2223 in
1636 2188 1713 2227 Ve-

351 2231 425 2270 teri
451 2232 668 2273 Comoedia
693 2233 839 2273 reddit:
871 2248 988 2285 quam
1018 2249 1109 2274 mox
1135 2236 1203 2288 ipsi
1223 2239 1346 2291 longe
1364 2239 1477 2279 aliam
1495 2237 1573 2280 effe
1596 2241 1712 2283 doce-

352 2287 504 2328 bimus:
536 2301 667 2338 neque
687 2289 838 2329 videtur
855 2292 1063 2342 quicquam
1076 2322 1085 2339 ‚
1116 2304 1155 2331 vt
1172 2306 1278 2340 reor,
1311 2294 1359 2332 ad
1378 2296 1618 2336 Comoediae
1636 2300 1712 2349 pri-

351 2343 503 2383 mordia
528 2345 744 2395 pertinere:
776 2348 961 2398 quoniam
990 2347 1188 2399 Orpheus,
1220 2363 1337 2401 quem
1363 2351 1507 2390 constat
1532 2366 1603 2403 per
1621 2367 1712 2394 cen-

353 2411 432 2440 tum
455 2400 618 2450 amplius
638 2415 761 2441 annos
781 2414 871 2442 ante
886 2403 1050 2443 Troiani
1069 2403 1161 2443 belli
1182 2417 1357 2457 tempora
1376 2405 1518 2455 vixifl'e‚
1539 2406 1604 2447 sub
1614 2413 1710 2450 Lao-

351 2456 539 2495 medonte
557 2454 698 2495 scilicet
711 2489 720 2507 ,
748 2471 791 2496 ac
808 2458 976 2499 Athenis
985 2464 1124 2513 Aegeo
1143 2462 1380 2513 imperante,
1413 2463 1554 2503 Bacchi·
1570 2465 1712 2518 myste-

351 2513 406 2552 ria
435 2511 482 2551 ab
512 2514 719 2565 Aegyptiis
749 2516 881 2554 tralata
912 2512 984 2555 suis
1018 2516 1297 2557 Thracenfibus
1332 2517 1530 2559 indicauit.
1583 2523 1709 2573 Atqui

353 2568 614 2616 Comoediae,
647 2570 974 2621 quemadmodum
996 2572 1102 2612 idem
1122 2571 1249 2613 afl'erit
1264 2574 1453 2624 Thomas,
1488 2577 1587 2615 veris
1614 2588 1709 2618 tem·

351 2637 449 2676 pore
467 2625 511 2665 in
528 2624 826 2683 Bacchanalibus
844 2627 1071 2681 agebantur.
1125 2629 1242 2672 Vnde
1263 2632 1379 2671 etiam
1395 2632 1497 2686 apud
1515 2637 1708 2681 Romanos

369 2704 371 2707 -
1644 2704 1710 2731 ara.
