1815 3168
302 140 394 186 144

671 127 832 174 ACT.
870 125 941 171 ΙΙΙ.
994 124 1281 172 SCEN.11.

428 250 476 300 D
493 267 523 299 Α
540 266 590 299 v.
630 256 742 309 Quis
762 255 895 314 igitur
915 269 1015 298 eum
1035 251 1086 302 ab
1111 251 1185 299 illa
1205 249 1416 311 abstraxit,
1440 250 1517 298 nisi
1535 254 1653 314 ego?

527 347 629 376 nam
653 346 805 376 omnes
832 345 911 373 nos
935 327 1116 389 quidem

335 420 402 466 40
429 407 623 457 Scimus,
656 421 785 467 quam
807 402 957 448 misere
982 402 1093 448 hanc
1116 404 1282 450 amarit.
1315 420 1434 450 nunc
1452 400 1531 450 fibi
1550 420 1656 450 vxo-

529 497 623 527 rcm
655 480 830 542 expetit.

428 556 650 604 Postremo
687 553 732 600 id
761 553 871 600 mihi
904 552 956 600 da
985 553 1158 614 negoti:
1209 562 1258 599 tu
1290 562 1434 600 tamen
1463 554 1540 600 has
1576 570 1657 599 nu·

528 634 637 695 ptias

427 711 564 767 Perge
595 705 734 753 facere
762 707 841 758 ita,
883 715 930 751 vt
961 704 1085 753 facis:
1134 714 1176 750 et
1205 703 1251 750 id
1279 703 1405 769 spero
1433 703 1657 751 adiuturos

520 782 639 827 deos.

430 855 460 904 S
475 870 508 902 1.
548 861 645 903 Imo
678 856 745 903 abi
774 858 910 903 intro:
948 855 1008 902 ibi
1031 871 1101 901 me
1125 855 1345 919 opperire,
1369 865 1425 908 et,
1447 854 1567 919 quod
1586 871 1660 919 pa·

514 943 607 978 rato
630 949 741 996 opus
763 931 835 984 est,
874 948 991 996 para.

430 1012 541 1056 Non
558 1007 735 1074 impulit
756 1024 845 1060 me,
883 1008 988 1054 haec
1009 1023 1129 1054 nunc
1151 1006 1334 1052 omnino
1356 1016 1403 1053 vt
1423 1005 1659 1055 crederem.

348 1241 402 1283 39
441 1227 537 1284 Qis
563 1230 677 1282 igitur
705 1240 784 1266 eum
816 1225 862 1266 ab
890 1225 953 1266 illa

294 1285 531 1338 abstraxit?]
570 1287 662 1323 Non
689 1281 829 1335 frigide
855 1285 953 1321 intu-

294 1345 351 1389 lit,
373 1338 508 1380 dixisse
527 1338 585 1379 se:
614 1336 678 1376 sed
703 1351 789 1376 cum
810 1351 953 1390 magna

293 1396 586 1438 affeueratione.
613 1405 653 1433 et
672 1392 850 1444 abstraxit
869 1406 955 1445 pro-

294 1455 402 1508 prie,
442 1464 480 1493 vt
497 1450 626 1504 supra,
654 1450 761 1488 Mea
786 1448 955 1499 Glycerio

293 1511 466 1561 anstrum
500 1506 716 1558 abstrahat?
759 1517 798 1544 et
826 1505 953 1558 (Virg.

296 1570 396 1608 Aen.
418 1579 466 1612 11,
490 1566 628 1617 434),
658 1561 886 1601 Diuellimur
901 1564 954 1601 in-

297 1623 340 1662 de
379 1620 524 1674 Iphitus
566 1635 601 1660 et
638 1619 758 1658 Pelias
804 1630 953 1658 mecum.

295 1680 396 1736 Qis
422 1681 544 1733 igitur
571 1676 667 1729 eum]
706 1677 790 1714 Hoc
818 1674 867 1714 fic
893 1688 954 1713 au-

298 1734 487 1775 diendum
505 1731 560 1771 est
578 1730 670 1783 (Ms.
682 1731 803 1770 Hulst.
816 1730 952 1770 etedd.

297 1802 389 1830 vett.
439 1792 523 1830 Hoc
545 1787 841 1838 fitbaudiendum
876 1785 953 1841 est),

296 1847 400 1901 quafi
419 1847 531 1894 dicat,
553 1844 663 1884 Dixi.
719 1846 767 1883 D.
866 1896 869 1898 -

307 1917 309 1919 ’
325 1917 381 1956 40
391 1902 533 1955 Mifi’re
545 1900 654 1954 hanc]
666 1899 817 1949 IMzfin,
827 1897 952 1943 valde,

297 1961 423 2000 nimis.
482 1958 592 1997 Nunc
610 1955 686 2007 fibi
713 1968 866 1994 vxorem
892 1967 953 1991 ex-

292 2016 411 2070 petit]
460 2013 651 2060 Oratorie‚
681 2024 750 2062 pro
779 2023 826 2050 eo
848 2009 951 2060 quod

298 2072 362 2121 est,
385 2083 466 2110 non
486 2066 641 2114 recusat,
660 2073 810 2119 expetit.
847 2068 897 2105 D.

353 2128 513 2168 Colloca
543 2124 659 2164 verba
691 2124 763 2162 ita:
798 2121 950 2170 Scimus,

298 2184 392 2224 hanc
420 2194 527 2235 quam
554 2180 681 2232 miftre
711 2182 858 2219 amarit.
914 2188 954 2216 vt

296 2243 437 2281 Heaut.
467 2254 503 2286 r,
536 2249 583 2284 2,
619 2239 680 2279 16.
710 2232 876 2287 Adelph.
896 2247 954 2281 lv,

299 2308 406 2405 ςἰῗξ
437 2351 486 2390 Id
514 2348 605 2389 mihi
624 2350 673 2389 da
693 2346 853 2403 negotii]
892 2349 956 2387 De

297 2408 545 2461 proieftione
565 2405 677 2457 pueri
698 2418 768 2457 pro
796 2401 955 2443 foribus.

301 2465 348 2504 Id
380 2463 471 2502 mihi
496 2463 543 2501 da
562 2462 719 2516 negotii]
751 2463 805 2499 Vt
823 2472 955 2498 cauea-

298 2532 358 2559 tur
384 2519 431 2558 ab
465 2517 704 2571 appositione
729 2516 840 2568 pueri
866 2525 957 2554 ante

298 2575 445 2616 ostium.
501 2577 553 2617 Tu
575 2588 697 2613 tamen
711 2572 825 2626 idem]
856 2571 956 2611 Idem

1585 1098 1651 1144 45

1002 1223 1183 1264 abundat.
1240 1223 1357 1276 Apud
1380 1234 1553 1273 veteres,
1588 1224 1659 1264 Ta-

1002 1293 1081 1319 men
1098 1282 1201 1327 idmn,
1225 1280 1424 1332 integrum
1443 1278 1528 1319 fuit.
1555 1279 1660 1319 vnde

1004 1334 1106 1386 apud
1125 1347 1207 1382 nos,
1224 1334 1395 1380 Tandem,
1412 1345 1451 1374 et
1466 1348 1588 1374 tamen
1597 1348 1662 1374 na·
1678 1378 1682 1380 ,

1005 1403 1085 1430 tum
1106 1389 1169 1430 est.
1202 1389 1252 1429 fic
1285 1401 1324 1429 et
1343 1390 1437 1429 idem
1466 1402 1506 1430 et
1532 1404 1662 1430 eorun-

1005 1447 1085 1486 dem
1111 1446 1264 1486 dichim.
1322 1446 1376 1485 Tu
1404 1460 1525 1489 tamen
1546 1447 1660 1502 idem]

1005 1504 1138 1543 Tamen
1157 1502 1261 1551 idem,
1282 1513 1344 1541 aut
1361 1517 1432 1556 pro
1456 1513 1587 1542 tamen
1597 1516 1663 1554 po-

1004 1559 1116 1599 situm
1143 1558 1208 1607 est,
1243 1569 1308 1598 aut
1327 1573 1397 1610 pro
1418 1560 1594 1599 tandem:
1623 1569 1662 1598 vt

1003 1613 1058 1663 sit,
1084 1614 1140 1653 Tu
1159 1615 1305 1654 tandem
1323 1615 1388 1655 has
1416 1618 1565 1669 nuptias
1580 1628 1663 1669 per·

1003 1686 1049 1728 ge
1057 1671 1203 1724 facere,
1224 1675 1276 1710 ita
1297 1685 1337 1710 vt
1348 1672 1464 1724 facis.
1523 1674 1572 1711 D.

1059 1730 1189 1779 Lege,
1219 1726 1403 1778 Postremo
1431 1728 1473 1767 id
1497 1729 1546 1767 da
1570 1727 1664 1768 mihi

1004 1788 1144 1838 negoti.
1167 1794 1204 1821 vt
1223 1784 1320 1823 Prol.
1342 1798 1378 1833 v,
1400 1796 1435 1824 2.
1493 1788 1532 1824 Β.

1056 1853 1110 1893 42
1148 1842 1340 1878 Recentes
1371 1841 1509 1880 Faerui
1546 1839 1658 1880 codd.

1003 1905 1042 1933 et
1071 1907 1166 1933 vnus
1196 1904 1343 1934 tantum
1382 1908 1405 1933 e
1433 1895 1566 1934 nostris
1596 1894 1662 1934 ha·

1002 1951 1098 1989 bent
1117 1950 1317 1989 adiutores.
1345 1952 1467 1993 Male.
1524 1953 1564 1994 B.

1058 2016 1109 2058 43
1149 2005 1264 2059 Qcod
1281 2018 1419 2059 parato
1459 2017 1549 2059 opus
1589 2005 1656 2060 est]

1002 2059 1154 2102 Diserte
1173 2072 1212 2100 et
1229 2063 1364 2104 Latine
1388 2063 1502 2112 dixit,
1539 2062 1661 2119 Qod

998 2128 1134 2171 parato
1157 2130 1246 2168 opus
1272 2118 1318 2170 est
1387 2122 1433 2159 D.

1057 2186 1113 2227 44
1142 2174 1236 2213 Non
1272 2176 1417 2227 impulit
1449 2189 1523 2223 me,
1569 2173 1659 2214 lnce

1003 2243 1099 2270 nunc
1119 2233 1266 2271 omnino
1283 2244 1324 2270 vt
1336 2232 1530 2285 crederem]
1566 2233 1661 2271 Non

1004 2285 1162 2339 impulit,
1186 2299 1264 2325 non
1276 2285 1464 2338 persuafit,
1483 2301 1563 2326 non
1574 2300 1661 2339 per-

1005 2342 1116 2391 fecit,
1155 2352 1193 2381 vt
1217 2343 1414 2383 crederem
1435 2345 1659 2396 Glycerium

1005 2396 1205 2452 peperiffe.
1261 2403 1307 2439 Et
1327 2413 1411 2439 cum
1430 2399 1520 2439 dicit
1541 2402 1658 2438 omni-

1004 2470 1064 2503 no,
1087 2454 1252 2492 ostendit
1273 2456 1463 2506 quaedam
1483 2453 1520 2494 se
1539 2455 1658 2495 credi-

1004 2509 1110 2556 disse,
1130 2512 1171 2548 in
1194 2510 1504 2560 quibusdamiam
1517 2514 1659 2563 (tamen

1004 2578 1163 2619 vterque
1184 2565 1299 2621 liber)
1325 2565 1402 2608 effe
1421 2570 1660 2608 circumuen-

1563 2634 1658 2664 tum.
