1815 3168
608 118 686 163 IN
718 118 1039 165 EVNVCH.

1418 122 1514 179 267

275 244 463 296 Dehinc,
490 260 547 290 ne
565 243 792 290 frustretur
814 245 902 308 ipse
921 245 976 297 se,
1003 256 1077 291 aut
1096 243 1354 305 fic'cogitet3

182 335 202 368 1
218 337 241 382 ς
274 317 520 366 Βεὶυηξὶιιε
544 321 629 365 iam
652 320 758 371 sum,
780 320 891 366 nihil
914 319 974 366 est
994 320 1111 383 quod
1137 320 1247 366 dicat
1270 322 1396 368 mihi.

274 399 317 441 Is
340 411 394 441 ne
416 405 544 446 erret,
569 411 744 447 moneo,
770 405 813 441 et
841 393 1001 442 definat
1022 392 1233 441 laceffere.

274 468 433 517 Habeo
457 470 536 517 alia
556 469 706 524 multa,
726 486 838 535 quae
858 487 978 518 nunc
1003 470 1351 528 condonabitur3

139 704 330 749 Almzkmlg
361 703 492 755 γναῗμιᾳ,
523 716 581 746 καὶ
610 711 753 752 ἀπῆλθεν
786 712 804 746 ὅ

139 762 286 809 κθῆςδς,
326 762 367 807 ὦς
385 764 480 810 παραὶ
500 767 565 802 τῶν
586 768 663 802 θεῶν
690 767 804 802 ταῦτα

143 816 240 864 ἔχων.
276 818 377 869 quafi
401 820 479 859 Dei
498 833 658 870 munus,
689 831 727 860 vt
750 821 804 859 lo·

142 874 275 924 quitur
296 875 600 928 Tryphonianus
628 876 653 916 1.
684 879 749 930 63.
769 879 804 928 §.

144 941 179 971 1.
201 928 242 968 ff.
271 930 322 968 de
342 932 483 982 acquir.
516 942 556 971 et
584 932 691 971 omit.
712 929 805 985 pofll

143 985 170 1024 l.
204 998 239 1033 2,
273 987 319 1027 C.
348 986 502 1027 Theod.
541 987 590 1028 de
615 988 802 1028 Thesaur.

140 1040 277 1082 Liban.
312 1042 488 1095 Sophista
534 1043 694 1084 declam.
733 1057 805 1092 Χῖ,

141 1110 230 1150 pag.
247 1109 337 1150 379.
369 1099 515 1146 Oncoev‘etp
533 1116 586 1144 τις
604 1106 807 1148 mean-§nrm-

141 1170 202 1202 κε,
233 1157 287 1195 Oe}
306 1154 346 1191 τὲ
365 1157 464 1200 δῶρον
490 1156 658 1203 ἂνγικρδς.
686 1161 738 1198 At
749 1157 807 1195 {u-

145 1221 190 1247 re
211 1210 314 1247 ciuili
335 1211 445 1250 aliter
465 1208 669 1252 sancitum:
698 1212 806 1252 Insti-

144 1274 215 1304 tut.
234 1268 270 1304 T
273 1267 311 1303 it.
333 1265 384 1304 de
403 1264 511 1306 diuis.
532 1280 604 1307 rer.
636 1269 661 1306 1.
683 1272 745 1322 63.
766 1266 806 1307 ff.

145 1319 196 1359 de
213 1321 356 1371 acquir.
373 1332 413 1360 et
431 1323 538 1361 omit.
560 1321 709 1375 postess.
759 1327 808 1364 E-

145 1387 282 1426 ratque
305 1375 383 1415 {iue
407 1377 498 1430 lege
514 1378 591 1417 fiue
612 1377 809 1417 consuetu-

145 1431 244 1470 dine
269 1442 488 1482 receptum,
519 1444 559 1472 vt
584 1436 808 1485 quicunque

144 1484 362 1527 thesaurum
374 1486 591 1537 inueniffet‚
612 1492 653 1529 in
667 1488 731 1528 suo
743 1499 809 1528 aut

146 1544 190 1582 in
208 1543 350 1591 alieno,
370 1546 594 1595 Imperatori
617 1545 807 1584 eiusindi-

145 1599 250 1637 cium
285 1609 326 1638 vt
362 1598 529 1645 facerem
566 1612 604 1639 rt
636 1600 807 1639 videmus

146 1654 248 1705 apud
259 1656 375 1696 Corn.
389 1656 568 1695 Tacitum
587 1656 718 1696 vltimo
732 1663 807 1696 An-

148 1710 224 1748 nal.
258 1709 321 1749 vbi
342 1709 550 1752 Caesellius
573 1708 699 1752 Bafi'us
727 1711 809 1750 Ne-

148 1766 234 1804 roni
248 1767 650 1819 exp1·omit,repertum
662 1769 702 1805 in
714 1779 807 1820 agro

147 1819 213 1859 suo
244 1819 396 1873 specum
414 1823 617 1863 altitudine
642 1824 805 1862 immen-

145 1875 199 1925 sa,
228 1890 304 1928 quo
329 1891 471 1931 magna
500 1881 553 1918 vis
581 1880 662 1918 auri
684 1879 808 1917 conti·

146 1945 314 1973 neretur.
354 1937 405 1974 Et·
428 1933 637 1975 Philostrat.
663 1936 704 1973 in
731 1935 806 1973 vita

145 1990 282 2038 Attici,
316 1991 419 2029 euius
448 1990 543 2031 haec
564 1991 613 2030 ad
635 1993 807 2031 Neruam

145 2047 241 2096 Imp.
263 2044 378 2085 rerba
398 2046 638 2087 referuntur:
675 2058 804 2089 Θησαυ-

147 2100 220 2148 ςδν,
255 2097 283 2137 αἶ
308 2106 469 2152 fixo-mesi,
503 2104 560 2141 ἐπὶ
581 2105 644 2146 τῆς
673 2105 806 2147 ἐμαυτέ

145 2162 246 2199 οἰκίας
266 2155 397 2203 ἕυᾳηκα.
430 2167 462 2196 τὶ
482 2156 536 2197 οὖν
555 2165 626 2206 περὶ
645 2161 739 2197 αᾶτὲ
756 2175 808 2195 κε-

147 2219 268 2258 λὲυεις;
298 2227 415 2264 quem
434 2215 560 2253 locum
580 2219 746 2255 Zonaras
765 2214 807 2252 in

148 2271 279 2307 Nerua
297 2267 561 2323 transscripfit,
592 2282 631 2309 et
650 2269 806 2309 Photius

153 2323 195 2361 in
238 2323 414 2364 biblioth.
482 2326 561 2367 Sed
600 2326 640 2365 id
675 2324 807 2376 postea

151 2379 334 2418 mandatu
354 2384 400 2422 D.
422 2382 607 2422 Hadriani
637 2382 810 2420 immuta-

151 2444 242 2472 tum.
275 2438 459 2486 Spar-sian.
491 2440 532 2477 in
559 2438 743 2478 Hadrian.
770 2446 810 2476 et

151 2489 268 2529 Instit.
299 2491 332 2529 d.
363 2492 434 2530 loc.
489 2494 674 2545 Quamuis
696 2493 810 2532 Calli-

150 2546 281 2584 stratus
301 2547 322 2584 1.
347 2559 381 2590 2.
403 2552 433 2597 ξ.
452 2562 511 2589 10.
524 2549 563 2588 ff.
575 2549 626 2588 de
644 2549 712 2587 iur.
734 2546 808 2587 fise.

151 2601 249 2640 diuis
267 2601 441 2642 tratribus
461 2604 535 2643 hoc
547 2605 700 2652 tribuat,
715 2617 809 2656 quo·

153 2671 233 2696 rum
285 2657 615 2701 constitutionibus
635 2691 646 2711 2
700 2659 810 2713 quod

1389 566 1516 617 Quae

854 719 946 748 tunc
972 707 1099 757 dubii,
1131 720 1239 746 nunc
1275 708 1366 747 certi
1393 718 1515 759 atque

855 765 1037 815 explorati
1056 765 1148 803 iuris
1172 764 1236 804 est.
1258 763 1515 805 Vid.Nouell.

852 822 977 862 Leon.
998 833 1054 860 [J.
1108 823 1151 860 L.

910 888 963 929 14
979 876 1146 930 Dehinc]
1175 876 1215 916 Si
1233 876 1422 926 loquatur.
1451 876 1516 916 Ne

847 932 1061 987 frustretur
1081 933 1154 986 ipse}
1170 931 1234 987 fi]
1265 932 1357 978 παμέ
1373 938 1516 980 προσδο-

855 996 930 1028 κίαν
948 989 1104 1028 dicitur:
1124 986 1188 1027 sed
1207 986 1288 1039 post
1298 988 1417 1039 addit,
1436 993 1518 1028 Aut

846 1045 902 1099 fic
912 1045 1069 1100 cogitet]
1103 1045 1143 1084 Si
1160 1055 1295 1084 taceat.
1350 1047 1402 1084 D.

914 1101 976 1140 Ne
993 1100 1209 1153 frustretur
1238 1100 1331 1154 ipſse]
1363 1097 1436 1140 Ms.
1469 1102 1513 1140 R.

854 1157 1038 1211 Frustra,
1059 1158 1100 1196 in
1120 1157 1201 1196 aliis
1212 1157 1387 1209 fraudet.
1429 1159 1471 1195 L.

913 1226 963 1267 15
993 1213 1204 1265 Defunc'tus
1218 1217 1291 1252 iam
1302 1212 1410 1266 fiam]
1428 1214 1518 1258 Σχῖῖ·

855 1287 904 1316 μοι
921 1276 1082 1318 διανοίας,
1117 1270 1283 1317 ἦθοποιιια,
1314 1269 1354 1308 id
1375 1268 1449 1317 est,
1478 1281 1518 1307 0-

856 1327 940 1364 mni
960 1325 1094 1364 labore
1112 1324 1294 1363 liberatus
1321 1322 1422 1372 sum,
1452 1337 1518 1362 au·

859 1381 1031 1419 &oritate
1048 1380 1124 1419 iam
1146 1378 1367 1419 confirmata
1394 1391 1433 1418 et
1456 1381 1519 1418 in-

857 1435 1041 1475 uiolabili.
1093 1436 1302 1486 Deflendus
1322 1438 1397 1474 iam
1406 1435 1517 1488 fhm]

856 1491 901 1532 ld
931 1492 1003 1539 est,
1032 1492 1108 1529 inm
1130 1492 1206 1544 egi·
1222 1490 1367 1531 fabulas
1386 1504 1520 1530 meas:

858 1557 922 1586 aut
939 1547 1017 1585 iam
1038 1546 1163 1585 destiti
1184 1547 1389 1598 periclitari
1415 1548 1457 1585 in
1479 1560 1520 1586 e-

858 1602 1000 1642 dendis
1035 1602 1268 1641 comoediis:
1305 1613 1370 1641 aut
1399 1614 1517 1650 certe,

856 1659 934 1697 iam
964 1656 1072 1695 edidi
1101 1670 1214 1708 quam
1240 1667 1281 1696 tu
1308 1658 1520 1708 reprehen-

857 1714 917 1753 dis
951 1711 1135 1752 fabulam.
1205 1713 1414 1765 Defimc‘ius
1442 1718 1519 1753 iam

846 1768 961 1823 fiaem:
988 1768 1081 1807 nibil
1095 1767 1143 1819 est
1163 1769 1262 1821 quod
1277 1770 1379 1808 dicat
1405 1770 1517 1823 mihi]

855 1829 949 1868 Non
977 1823 1040 1874 fit,
1067 1825 1216 1876 inquit,
1252 1825 1304 1864 de
1322 1823 1395 1866 suis
1414 1827 1519 1865 vitiis

855 1878 1008 1920 secums
1027 1891 1186 1933 propter
1200 1881 1437 1930 vetustatem,
1460 1882 1520 1920 ni·

855 1935 1070 1976 hilominus
1109 1937 1216 1976 enim
1246 1951 1267 1976 a
1292 1950 1358 1977 me
1386 1950 1521 1990 repro-

854 1991 1059 2033 hendetur.
1116 1996 1169 2034 D.

909 2051 961 2092 16
991 2048 1028 2087 Is
1048 2062 1091 2087 ne
1110 2061 1228 2098 erret,
1254 2048 1400 2102 moneo]
1429 2052 1523 2094 Σχῆ-

856 2121 923 2153 μα,
964 2104 1134 2145 ἐπιείκεια.
1190 2106 1239 2144 D.
1516 2144 1519 2145 ⁷

913 2160 1070 2212 Dqfi'nat
1088 2160 1265 2214 lacessire]
1293 2156 1362 2202 Ms.
1376 2161 1417 2200 R.
1439 2155 1529 2212 Cqfi'

846 2215 910 2268 fit
928 2215 1100 2268 lacaeffire.
1152 2221 1194 2258 L.

915 2284 966 2326 17
990 2272 1099 2325 Qae
1117 2284 1210 2311 nunc
1228 2269 1518 2324 condonabnur]

857 2328 920 2368 Sic
948 2329 992 2367 in
1017 2326 1274 2376 Phormione,
1309 2329 1519 2383 Argentum

859 2384 958 2436 quod
1003 2383 1130 2433 hahes,
1183 2383 1430 2423 condonamus
1467 2396 1516 2423 te.

859 2443 956 2480 Nam
970 2451 1008 2478 et
1018 2441 1128 2482 dono,
1149 2440 1314 2479 ablatiuo
1327 2437 1424 2478 casui
1435 2441 1518 2479 iun-

860 2495 1007 2549 gebant
1038 2507 1206 2536 veteres:
1234 2495 1400 2536 condono
1425 2509 1517 2534 vero

859 2550 1084 2591 accusatiuo.
1140 2555 1187 2592 D.
1272 2560 1288 2600 ᾗ

911 2608 1081 2661 Egregie
1108 2608 1191 2647 cod.
1211 2607 1253 2647 C.
1274 2608 1320 2650 C.
1357 2607 1517 2646 collocat

858 2676 957 2705 nunc
974 2678 1079 2721 quae.
1136 2667 1177 2705 B.
