1815 3168
260 160 356 217 264
733 156 1112 203 PROLOGVS

301 304 360 336 ιο
399 289 544 350 Atque
566 301 590 334 a
610 284 840 333 Thesauro
858 282 1043 350 scripfit,
1084 282 1249 333 causam
1280 282 1422 334 dicere

260 535 429 563 nouerca
457 519 683 576 superduRa
701 518 919 563 adolescen-

259 581 299 628 ti,
321 580 533 632 virginem,
565 593 683 632 quam
717 593 765 620 ex
791 580 918 618 vicino

259 635 428 688 quodam
455 647 706 688 conceperat,
732 634 864 674 furtim
883 647 919 673 e-

260 692 432 739 duezam,
463 705 549 732 cum
582 691 742 731 haberet
766 693 806 730 in
829 691 921 730 late·

258 748 337 787 bris
363 748 462 798 apud
484 749 652 788 vicinum
684 749 916 798 proximum,

259 803 336 844 hoe
364 804 483 844 modo
509 803 634 844 secum
655 803 823 843 habebat
843 801 922 841 affi-

259 860 340 899 due
375 862 484 900 nullo
515 858 682 900 conscio:
721 860 922 910 parietem,

260 917 326 967 qui
347 917 498 956 medius
518 918 622 956 inter
641 915 801 955 domum
811 914 921 953 mari-

261 974 288 1012 ti
309 985 351 1012 ac
371 973 487 1013 vicini
508 971 644 1019 suerat,
674 973 725 1010 ita
744 969 922 1023 perfodit,

259 1039 302 1070 vt
329 1030 367 1068 in
395 1028 477 1081 ipso
509 1027 665 1068 transitu
691 1025 835 1067 sacrum
866 1026 925 1064 lo-

261 1098 350 1125 cum
370 1085 448 1126 esse
473 1084 701 1124 fimularert‘
742 1085 924 1133 Cumque

259 1141 456 1180 transitum
487 1138 713 1180 intenderet
734 1137 923 1187 (obtende-

260 1211 318 1237 ret
347 1200 408 1247 Z.)
438 1193 543 1235 sertis
569 1209 612 1235 ac
637 1191 780 1235 fronde
804 1192 923 1236 felici,

261 1268 342 1295 rem
363 1253 537 1294 diuinam
563 1251 676 1303 saepe
698 1249 855 1296 faciens,
887 1262 924 1287 e·

261 1310 424 1349 uocabat
440 1309 487 1348 ad
511 1306 548 1348 se
568 1309 772 1362 virginem.
804 1303 924 1356 Quod

262 1377 350 1406 eum
398 1361 729 1404 animaduertisset
781 1357 925 1400 adoles-

263 1435 364 1465 cens,
390 1423 557 1471 primum
573 1418 724 1472 aspeRu
739 1417 925 1470 pulchrae

260 1479 435 1531 virginis,
454 1477 557 1515 velut
567 1477 737 1516 numinis
751 1471 826 1513 risu
839 1486 925 1525 per-

263 1532 404 1581 culsus,
434 1532 652 1572 exhorruit:
685 1530 790 1570 vnde
814 1526 926 1578 Phast

263 1607 321 1630 ma
341 1590 395 1630 est
412 1603 562 1629 nomen
584 1588 746 1628 fabulae
777 1585 925 1625 deinde

265 1647 446 1699 paularim
464 1659 506 1685 re
530 1646 700 1699 cognita,
735 1641 867 1683 exarfit
885 1642 927 1680 in

268 1715 439 1741 amorem
461 1703 615 1754 puellae
671 1702 720 1739 ita
741 1710 780 1738 vt
804 1710 931 1738 reme.-

267 1760 371 1797 diurn
391 1770 521 1797 tautae
541 1757 769 1810 cupiditatis,
793 1754 861 1795 uisi
881 1766 931 1792 ex

271 1816 432 1866 nuptiis,
464 1828 546 1853 non
575 1815 818 1865 reperiretur.
877 1813 932 1848 lta

271 1885 320 1910 ex
359 1871 563 1909 commodo
596 1870 724 1910 matris
755 1881 797 1906 ac
822 1866 933 1918 virgi-

273 1928 353 1971 uis,
382 1937 420 1965 et
440 1939 489 1965 ex
508 1936 596 1965 voto
613 1925 811 1972 amatoris,
843 1935 935 1961 con-

271 1980 463 2034 sensuque
485 1983 612 2034 patris‚
631 1981 852 2032 nuptiarum
873 1990 933 2016 ce·

273 2038 496 2078 lebra'tione
524 2036 642 2083 finem
661 2036 801 2088 accipit
825 2032 934 2084 fabu-

274 2096 322 2136 la.
386 2098 527 2136 Vtrum
565 2106 660 2146 ergo
701 2091 783 2131 hoe
818 2090 932 2136 dicat,

274 2150 397 2204 quod,
428 2161 547 2189 totam
576 2148 746 2188 fabulam
776 2145 922 2186 transfe

275 2207 410 2254 rendo5
429 2203 580 2246 laeserit
592 2207 630 2243 L.
657 2205 853 2244 Lauinius:
882 2214 933 2240 an

273 2263 348 2304 hoe
371 2274 529 2303 tanturn,
556 2262 609 2306 de
625 2273 705 2314 quo
723 2258 932 2312 repre-heu

279 2320 342 2358 dat
369 2317 456 2367 (ΜΓ.
475 2318 595 2358 Hulst.
625 2315 768 2358 Boend
809 2326 847 2355 et
871 2311 934 2353 ed.

279 2380 421 2415 Venet.
449 2387 565 2428 1490.
598 2387 640 2413 ac
673 2387 750 2412 non
777 2372 859 2418 hoc,
891 2371 937 2410 de

281 2446 351 2485 qao
381 2446 522 2470 temtum
544 2428 797 2483 reprehendat.
851 2430 937 2467 For-

280 2500 320 2528 te
346 2488 470 2527 locum
493 2496 712 2538 corruptum
731 2483 777 2523 fic
798 2482 940 2522 restitu-

1489 377 1628 430 Prius,

968 518 1026 571 ofi’
1057 520 1169 572 ere).
1209 517 1273 560 sed
1309 518 1366 561 his
1393 518 1512 574 signis
1539 519 1630 560 velit

969 576 1192 626 ostendere,
1224 589 1340 628 quem
1364 575 1464 616 dicat
1495 573 1632 617 vitiose

969 630 1183 672 thesaurum
1212 630 1485 684 composuisse:
1517 643 1554 671 vt
1590 634 1630 671 in

971 685 1146 728 thesauro
1163 689 1204 728 fit
1224 689 1348 740 culpa,
1371 701 1452 727 non
1473 689 1512 726 in
1525 685 1632 740 phas-

972 747 1104 789 mate?
1138 746 1252 784 Nunc
1272 743 1516 797 nuperdedit]
1552 743 1633 782 Nu-

967 813 1044 855 per,
1066 813 1115 841 ex
1133 802 1207 841 illis
1232 800 1356 839 verbis
1375 799 1440 849 est,
1461 812 1634 852 quaeve-

973 869 1074 898 teres
1128 868 1286 909 propter
1337 855 1633 909 ambiguitatem

973 927 1062 952 cum
1103 914 1324 953 adie‘c'tione
1371 911 1633 963 proferebant.

971 972 1072 1010 Nam
1109 968 1177 1009 nifi
1210 967 1367 1008 adderet
1403 981 1519 1008 nunc:
1556 966 1633 1006 hoc

972 1037 1096 1077 nuper,
1123 1026 1227 1074 olim,
1254 1024 1421 1077 pridem,
1440 1035 1479 1064 et
1498 1025 1574 1063 iam
1595 1023 1636 1062 fi-

974 1079 1195 1134 gnificasset.
1271 1081 1372 1120 Idem
1426 1079 1636 1118 Menandri

975 1136 1133 1185 Phastna
1149 1149 1244 1175 nunc
1256 1147 1368 1189 nuper
1388 1136 1508 1189 dedit]
1529 1137 1638 1187 (ver-

973 1190 1024 1230 ba
1041 1189 1243 1243 sequeutia
1270 1206 1351 1231 non
1370 1189 1454 1231 sunt
1469 1192 1636 1242 Donati)

974 1251 1087 1288 Hanc
1122 1246 1290 1286 fabulam
1322 1258 1440 1286 totam
1468 1247 1637 1294 damnat,

975 1313 1015 1342 vt
1047 1313 1229 1355 apparet,
1267 1303 1442 1342 filentio:
1468 1301 1638 1342 Thesau-

975 1373 1056 1400 rum
1089 1372 1200 1408 vero,
1230 1368 1477 1407 monitorum,
1507 1355 1571 1398 sed
1592 1370 1641 1396 ex
1672 1370 1675 1372 ·

975 1429 1051 1455 vno
1074 1417 1176 1454 loco.
1207 1418 1270 1466 (In
1299 1412 1444 1454 anati
1465 1413 1644 1456 Mstore-

975 1474 1060 1525 peri
1086 1471 1280 1517 additum,
1312 1471 1433 1518 Item,
1460 1467 1502 1510 id
1519 1470 1577 1524 est,
1591 1468 1643 1522 si·

973 1529 1120 1569 militer.
1151 1528 1210 1578 B.)
1266 1529 1313 1568 D.

1020 1586 1132 1624 >last-m
1151 1584 1355 1623 Menandri
1372 1581 1531 1633 Phofitza
1551 1593 1644 1621 nunc

978 1653 1094 1694 nuper
1125 1640 1244 1693 dedit]
1280 1640 1403 1679 Aliter
1420 1642 1534 1688 jana.
1575 1650 1645 1675 no-

978 1711 1069 1738 meu
1091 1696 1246 1737 fabulae
1268 1696 1373 1735 Fana
1396 1695 1460 1734 est.
1515 1697 1561 1734 Et
1577 1693 1646 1731 be·

981 1767 1033 1793 ue
1061 1752 1212 1793 addidit
1228 1765 1320 1790 nunc
1340 1764 1472 1803 nuper,
1507 1760 1544 1788 vt
1569 1750 1642 1788 cri-

979 1823 1075 1850 men
1101 1808 1220 1852 istud,
1254 1808 1358 1858 quod
1380 1806 1529 1853 obiicit,
1560 1818 1641 1844 non

981 1867 1094 1919 longi
1116 1866 1317 1916 temporis,
1350 1861 1416 1903 sed
1448 1873 1486 1900 vt
1503 1873 1644 1900 recens

982 1923 1173 1962 memoria
1207 1920 1380 1959 videatur
1408 1918 1559 1971 peccati
1589 1913 1646 1956 es-

982 1976 1034 2018 se.
1094 1981 1139 2017 E.

1037 2036 1100 2073 Ne
1130 2041 1229 2070 totus
1258 2027 1385 2070 versus
1421 2028 1536 2068 instar
1562 2040 1646 2067 are-

982 2102 1059 2128 nae
1075 2087 1156 2127 {ine
1175 2088 1280 2126 calce
1296 2087 1348 2134 fir,
1369 2087 1470 2139 lege,
1490 2085 1581 2123 Item
1601 2096 1644 2123 vt

983 2155 1056 2185 etc.
1078 2144 1116 2183 h.
1134 2157 1157 2183 e
1178 2142 1352 2194 stmiliter
1368 2156 1421 2181 ac.
1480 2144 1518 2181 Β.

996 2223 997 2227 =
1046 2212 1097 2241 10
1126 2202 1248 2252 Atque
1268 2203 1307 2237 in
1321 2195 1643 2247 Thensiurofiri-

983 2253 1052 2308 psit
1062 2254 1207 2306 catastam
1219 2254 1351 2308 dicere]
1391 2255 1413 2291 'J
1420 2253 1645 2302 'hensaurum

985 2312 1114 2352 Latini
1135 2322 1281 2351 veteres
1302 2307 1508 2349 secundum
1528 2312 1646 2348 Grae·

986 2381 1070 2415 cos,
1103 2366 1183 2406 fine
1213 2366 1364 2405 nlitera
1384 2364 1645 2416 proferebant.

986 2426 1104 2477 Atque
1120 2425 1161 2462 in
1176 2422 1390 2474 Thenfizuro
1398 2418 1549 2473 firipfi't
1567 2432 1645 2459 cau-

976 2480 1062 2531 fizm
1091 2479 1226 2532 dicere]
1269 2479 1406 2532 Arguit
1436 2477 1645 2518 Terentius

281 2545 378 2584 eris:
408 2559 456 2584 an
474 2543 542 2582 hoc
561 2555 706 2582 tantum
724 2542 835 2585 dicat,
866 2553 939 2578 non
990 2535 1095 2588 quod
1115 2533 1268 2574 Luscius
1291 2529 1647 2573 contrasconsuetu·

284 2614 354 2654 quo
372 2600 636 2653 reprehendat,
662 2598 732 2649 fid
749 2596 806 2634 his
819 2594 939 2649 sfgnis
990 2593 1122 2631 dinem
1161 2591 1414 2642 litigantium,
1454 2587 1648 2629 defensio-

281 2658 370 2698 velat
386 2656 580 2711 ostendere,
601 2668 712 2709 quam
736 2654 837 2694 dicat
854 2653 937 2694 viti-

987 2661 1080 2690 nem
1107 2658 1198 2688 ante
1226 2643 1505 2687 accusationem
1535 2643 1649 2706 inciu-

1525 2709 1645 2746 xer-113
