1815 3168
223 1007 323 1060 fidus
341 1007 406 1045 ‘ille
426 1007 474 1047 Te
499 1007 635 1054 colere,
662 1014 816 1046 arcanos*
837 1008 889 1044 e't-

780 195 1072 240 ANDRIA.
1541 195 1601 252 87

371 319 479 371 CH.
502 323 610 378 *Qui
633 322 741 387 scis?
778 319 866 368 ΒΥ.
898 320 1014 385 apud
1049 320 1197 367 forum
1228 317 1362 365 modo
1396 317 1451 364 de
1470 320 1601 366 Dauo

465 399 626 445 audiui.
662 393 770 444 CH.
810 413 887 445 vae
915 396 1070 444 inisero
1091 395 1201 442 mihi
1223 390 1234 445 !

1538 472 1601 515 Vt·

232 628 308 659 nec
336 615 693 663 adducitu‘rtamen,
715 614 893 655 vtstatim
996 613 1120 658 Hodie
1158 610 1342 666 nuptum]
1389 613 1435 651 In
1455 607 1525 653 Ms.
1555 613 1598 652 R.

234 674 420 719 credat‚et
430 671 890 711 accommodetanimum.
941 668 984 708 ro*
1004 669 1110 709 hodie
1133 668 1253 707 deest.
1309 670 1348 707 L.

233 731 393 780 Saepius
429 741 525 783 ergo
555 728 698 778 repetit
725 727 891 767 interro·
994 725 1070 766 Etfi
1110 725 1150 763 in
1184 723 1363 763 omnibus
1394 722 1504 762 codd.
1534 720 1600 759 bic

234 784 377 838 gando.
430 788 480 826 Et
517 782 624 821 bene
661 784 743 831 illa,
785 783 890 822 velut
940 781 1036 820 ordo
1065 780 1266 819 verborum
1295 779 1499 829 reperitur,
1534 778 1600 816 da-

232 840 416 880 amatorie
451 840 502 879 de
538 849 640 877 certa
665 839 889 889 loqueretur
939 851 1048 876 turne
1083 836 1144 875 illa
1180 836 1289 875 hodie
1315 835 1508 886 Pamphilo
1536 846 1600 872 mt-

233 894 407 949 persona.
462 896 525 936 Sic
542 894 743 948 Virgilius,
765 895 887 946 (Aen,
933 894 1064 946 ptum?
1084 894 1196 931 metri
1216 903 1346 930 tamen
1359 892 1477 944 gratia
1487 892 1599 928 Faer-

229 965 292 1000 1V,
310 952 424 1006 421).
478 975 533 982 —
550 949 676 1000 solam
701 962 785 990 nam
806 949 886 1003 pff·
937 963 1011 988 nus
1030 949 1133 988 recle
1159 949 1211 987 ita
1229 949 1405 986 correxit.
1448 949 1489 985 Β.

979 1017 1018 1045 ·2
1046 1004 1270 1058 Qifii5?]
1299 1006 1388 1043 Non
1401 1003 1479 1041 vult
1491 1001 1599 1041 enim

231 1067 305 1103 iam
331 1062 403 1103 tihi
425 1063 569 1102 credere
584 1061 728 1113 finfits.
780 1066 886 1116 Ergo
937 1069 1072 1100 verum
1105 1058 1193 1101 effe.
1249 1058 1346 1114 Qi,
1392 1069 1594 1110 quatenus,

231 1133 311 1160 non
329 1123 496 1168 Aeneas,
516 1115 672 1158 sedille.
721 1120 772 1157 Et
793 1118 889 1157 item
937 1116 1042 1156 vnde
1074 1114 1147 1155 hoc
1181 1114 1275 1156 scis.·
1319 1115 1432 1168 Apud
1460 1115 1599 1165 forum

230 1176 302 1221 hic,
321 1188 404 1214 non
418 1175 643 1223 Philumena,
667 1172 733 1213 sed
753 1173 813 1214 illa
831 1173 886 1212 di·
934 1174 1041 1212 modo
1067 1173 1109 1211 de
1145 1172 1259 1211 Dauo
1288 1171 1433 1220 audiui]
1489 1168 1601 1221 Apud

228 1233 299 1272 xit.
353 1230 458 1285 Quid
480 1234 547 1279 ais,
570 1230 781 1285 Byrrhia2]
813 1229 888 1270 Mi·
925 1231 1089 1282 forum,
1120 1228 1170 1267 de
1199 1229 1297 1267 loco.
1352 1230 1415 1268 De
1449 1236 1598 1277 tempo-

232 1297 334 1326 ratur
364 1288 498 1339 magiS‚
527 1299 640 1337 quam
661 1287 886 1337 interrogat,
936 1298 988 1327 re,
1009 1285 1131 1324 modo.
1191 1287 1253 1325 De
1273 1282 1445 1336 persona,
1465 1281 1598 1320 deDa-

232 1343 294 1383 vel
311 1343 438 1394 potius
454 1341 695 1394 indignatur.
735 1341 798 1380 Sic
821 1340 886 1394 est]

233 1400 320 1439 Hoc
351 1411 437 1436 cum
462 1396 737 1448 indignatione
755 1396 889 1435 stoma-

235 1452 296 1492 chi
316 1452 422 1492 dixit.
475 1455 525 1493 D.

285 1508 391 1562 Qid
425 1510 480 1546 ais
494 1538 503 1556 ,
541 1505 731 1556 Byrrhia?
762 1507 890 1545 datur-

233 1579 277 1604 ne
296 1565 356 1604 illa
375 1564 479 1603 hodie
496 1561 744 1615 Pamphilo?]
788 1561 890 1604 Cha-

235 1619 586 1671 rinusjndignatur,
599 1617 704 1669 quod
713 1617 782 1656 fibi
792 1631 888 1656 nun·
911 1665 914 1668 Α

233 1678 371 1716 ciarum
381 1672 764 1722 eflet‚1>hilumenam,
774 1686 888 1723 quam

233 1731 300 1771 dili
305 1731 432 1785 gebat,
441 1728 640 1779 Pamphilo
651 1726 728 1768 ess'e
748 1738 888 1779 nuptu-

234 1802 332 1827 ram:
377 1784 603 1825 vehementi
639 1783 773 1822 dolore
809 1780 886 1821 suc-

231 1840 376 1891 censuS‚
394 1843 519 1893 primo
537 1837 798 1890 conqueritur,
820 1837 886 1877 de·

231 1899 326 1938 inde
346 1897 550 1945 deliberat,
576 1909 625 1934 an
642 1893 887 1947 Pamphilum

231 1955 458 2002 conueniat,
487 1962 528 1992 vt
555 1964 641 1990 eam
667 1964 750 1989 non
769 1950 886 1990 ducat

231 2022 400 2050 vxorem.
463 2002 766 2051 Deliberatiuae'
803 2005 881 2045 for·

230 2080 334 2106 mam
363 2069 412 2104 -in
446 2065 518 2103 hac
555 2061 668 2103 scena
695 2059 883 2102 debemus

232 2121 539 2162 animaduertere
554 2135 561 2158 ε
582 2131 626 2158 ac
637 2119 813 2171 primum,
830 2132 882 2157 an

232 2192 361 2218 verum
381 2177 435 2225 fit,
455 2176 613 2228 quaerit.
655 2176 748 2215 ldeo
766 2172 884 2213 inter-

231 2245 354 2288 rogat,
368 2232 469 2285 quasi
481 2245 612 2271 verum
621 2230 795 2270 audierit.
824 2229 887 2270 Est

233 2302 272 2330 et
291 2290 477 2329 familiare
505 2287 750 2335 timentibus,
777 2286 887 2326 nolle

232 2346 365 2386 audire
391 2344 496 2398 quod
525 2344 726 2383 inimicum
753 2341 796 2381 fit
822 2355 887 2381 vo-

232 2402 383 2443 luntati.
411 2405 630 2452 Inter-rogat
640 2410 769 2437 autem
781 2411 863 2439 rem
877 2411 887 2446 ;

232 2453 586 2514 Qidais,Byrrhia
599 2456 618 2499 ’ζ
630 2454 790 2494 Deinde
800 2463 888 2494 cum

231 2511 434 2566 consensus
454 2512 506 2552 est
524 2510 805 2560 commodatus,
839 2510 888 2550 fic

232 2580 272 2608 et
287 2567 487 2621 personam
507 2568 666 2622 quaerit,
684 2581 706 2605 a
726 2580 802 2619 quo
822 2580 887 2607 au-

234 2625 356 2666 dierit.
409 2627 453 2665 E.
694 2630 697 2631 ’

935 1355 997 1380 uo.
1026 1341 1102 1389 (ita
1131 1340 1246 1379 verba
1275 1339 1547 1379 collocauimus
1574 1348 1599 1374 e

937 1394 1010 1438 Ms.
1030 1395 1150 1435 Hulst.
1181 1409 1299 1448 quem
1317 1394 1497 1434 ordinem
1510 1389 1599 1439 ‘sen-

939 1449 996 1490 sus
1027 1451 1162 1503 exigit.
1204 1453 1286 1502 Ζ).
1317 1450 1512 1501 VPlurima
1544 1447 1599 1486 di·

937 1508 996 1546 xit
1025 1506 1073 1545 ad
1093 1505 1404 1545 confirmandum
1419 1503 1592 1557 Byrrffla,

938 1562 1095 1614 quando
1112 1563 1369 1616 interrogatus
1380 1560 1444 1609 est,
1465 1574 1486 1599 a
1497 1559 1595 1607 loco,

938 1633 959 1656 a
985 1629 1181 1668 tempore,
1217 1633 1239 1669 a
1270 1615 1444 1669 persona.
1520 1616 1598 1654 Vae

937 1673 1096 1726 mistro]
1152 1673 1336 1711 Tandem
1383 1672 1595 1722 anquando

936 1729 1128 1780 pernicius
1159 1726 1247 1780 (Ms.
1282 1727 1430 1768 Boend.
1470 1737 1508 1766 et
1534 1726 1597 1765 ed.

935 1787 1012 1824 Du.
1051 1780 1097 1822 B.
1126 1784 1353 1836 produc‘tuu
1388 1781 1490 1822 forte
1518 1782 1594 1834 leg.

928 1839 1150 1892 perduc'lus)
1161 1839 1226 1888 est,
1238 1850 1276 1878 vt
1288 1838 1474 1878 crederet.
1497 1837 1595 1891 Vae]

934 1895 1154 1935 interieffio
1182 1897 1225 1934 in
1255 1894 1314 1934 his
1335 1894 1473 1944 rebus,
1500 1905 1596 1946 quas

934 1964 1173 1991 execramur.
1231 1953 1280 1992 D.
1357 1973 1361 1977 -

986 2009 1068 2064 Qi
1086 2007 1184 2062 fiis]
1231 2011 1286 2047 At
1310 2018 1402 2046 vero
1429 2005 1595 2045 nuncius

932 2063 1212 2116 compendium
1228 2062 1527 2116 interrogationi
1548 2060 1601 2100 fa*

933 2120 1060 2168 ciens,
1095 2126 1134 2158 ‘et
1168 2118 1373 2171 personam
1401 2128 1440 2158 et
1466 2118 1595 2156 locum

936 2176 1040 2221 dicit,
1070 2175 1133 2215 vbi
1166 2174 1340 2214 audierit.
1393 2174 1505 2227 Apud
1522 2174 1595 2227 fo·

935 2237 1029 2280 rum,
1050 2231 1189 2283 inquit,
1210 2232 1321 2273 modo
1341 2229 1384 2269 de
1402 2231 1517 2269 Dauo
1531 2242 1596 2268 au-

937 2282 1032 2342 diui]
1083 2289 1218 2338 Quare
1262 2285 1506 2340 confirmatus
1548 2286 1594 2324 in

937 2342 1181 2395 quaestione,
1204 2343 1394 2382 *continuo
1419 2342 1594 2394 prorupit

937 2397 1168 2450 adolescens,
1200 2401 1265 2450 qui
1287 2399 1402 2444 dixit;
1437 2399 1508 2437 Vae
1524 2400 1595 2436 mi-

925 2456 1017 2507 firo
1039 2455 1149 2509 mihi]
1175 2455 1300 2508 Quod
1322 2466 1427 2493 nunc
1446 2464 1594 2493 certum

937 2512 1148 2565 periculum
1165 2511 1218 2560 fir,
1241 2523 1333 2550 ante
1349 2510 1514 2550 incertus
1533 2508 1594 2549 fu-

937 2566 1020 2607 iffet
1045 2568 1228 2609 inuentus
1256 2566 1375 2618 (forte
1399 2563 1594 2614 euentum:

936 2635 975 2666 et
1011 2634 1060 2663 ex
1094 2623 1249 2664 diuersis
1275 2624 1388 2663 rebus
1415 2621 1457 2661 fit
1484 2628 1592 2673 argu·

1045 2681 1074 2719 F
1102 2693 1131 2733 4
1400 2680 1403 2687 “
1486 2689 1594 2716 men.-
