1815 3168
320 159 411 218 396
696 155 854 202 Ac'r.
888 156 960 200 111.
1002 155 1196 200 scEN.
1233 154 1285 201 V.

445 285 611 347 Neque
633 283 669 330 is
691 279 904 329 deduffcus
925 284 1054 329 etiam
1079 280 1186 330 dum
1209 280 1262 328 ad
1283 297 1392 327 eam.
1432 281 1684 332 submonuit

546 373 618 404 me
641 362 855 405 Parmeno

448 433 517 480 Ibi
547 433 719 493 seruus,
755 433 874 496 quod
905 448 989 493 ego
1020 433 1201 496 arripui.
1231 427 1342 478 AN.
1379 432 1487 496 quid
1511 433 1556 480 id
1585 432 1679 480 est?

544 506 590 555 C
610 527 655 556 τι
700 511 852 554 tacitus
876 510 1001 553 citius
1024 507 1198 563 audies3

446 586 506 631 Vt
533 581 693 630 vestem
717 600 816 629 cum
842 598 895 628 eo
916 592 1109 636 mutem,
1143 587 1187 628 ct
1206 598 1291 647 pro
1314 582 1389 629 illo
1411 582 1584 631 iubeam
1604 599 1676 630 me

540 658 641 704 illoc
666 657 884 704 deducier.

343 749 406 795 25
443 729 557 780 AN.
605 737 690 779 Pro
725 727 988 780 Eunuchon
1000 730 1021 780 ?
1066 727 1173 779 Cn.
1214 729 1271 779 fic
1303 730 1376 779 est.
1412 731 1523 781 AN.
1562 733 1671 797 quid

540 823 591 853 ex
613 824 661 853 ea
682 824 731 854 rc
754 809 932 855 tandem
951 817 998 854 vt
1022 824 1195 872 caperes
1220 808 1473 854 commodi?

437 877 546 928 CH.
583 879 763 942 Rogas?
801 883 1007 935 viderem,
1033 883 1243 936 audirem,
1273 881 1402 929 effem
1423 901 1528 937 vna,
1563 900 1669 947 qua-

536 973 637 1003 cum
660 955 903 1021 cupiebam,
929 958 1145 1022 Antipho.
1305 969 1307 971 “

436 1034 566 1079 Num
589 1047 725 1094 parua
745 1030 877 1086 causa,
897 1041 971 1079 aut
986 1048 1123 1099 parua
1141 1031 1338 1082 ratio'st?
1370 1034 1551 1083 traditus
1575 1034 1667 1082 sum

536 1106 727 1153 mulieri.

348 1320 402 1350 22
433 1307 672 1354 Submonuit]
698 1310 855 1351 Leniter
875 1323 958 1351 mo-

295 1366 402 1411 nuit3
434 1376 473 1404 et
492 1367 606 1414 reete,
627 1367 719 1418 quia
739 1370 884 1419 arripui
903 1366 953 1406 di-

293 1421 418 1460 &urus
436 1420 499 1460 est.
557 1425 606 1462 Et
634 1433 760 1462 totum
783 1425 955 1475 optime·

292 1490 382 1515 nam
410 1488 449 1516 vt
476 1489 560 1515 non
590 1487 674 1517 erat
697 1477 793 1517 boni
813 1476 956 1519 adoless

289 1534 425 1581 centis,
448 1531 547 1571 hanc
565 1533 748 1574 technam
757 1536 952 1586 reperire:

288 1586 338 1626 fic
358 1588 405 1627 ab
423 1589 490 1628 illo
505 1600 711 1641 repertam,
738 1589 815 1629 fuit
831 1592 951 1643 plane

289 1645 373 1683 veri
396 1647 576 1684 amatoris
595 1648 776 1698 arripere.
834 1649 884 1687 D.

340 1700 416 1742 Etfi
432 1704 542 1740 etiam
558 1702 645 1741 dum
655 1702 697 1741 in
711 1704 796 1755 eod.
808 1701 944 1743 Bemb.

284 1757 498 1808 1Nepe1itur:
538 1771 626 1798 cum
659 1769 793 1799 tamen
828 1761 871 1799 in
906 1771 950 1798 re

286 1810 480 1863 praesenti
523 1814 599 1853 dici
627 1811 762 1864 soleat,
799 1814 950 1868 praefe-

282 1867 451 1906 rendum
470 1878 564 1919 puto
581 1871 689 1908 ctiam
712 1883 808 1918 tum,
842 1870 947 1921 quod

282 1924 327 1961 in
356 1937 398 1963 re
418 1925 620 1975 praeterita
641 1925 718 1962 dici
709 1936 791 1963 ·tu1.
846 1929 886 1965 B.

337 1990 390 2031 23
422 1980 702 2028 Tacitus‚citius
723 1981 866 2033 audies]
895 1984 940 2020 In

279 2036 460 2075 oratione
477 2033 638 2075 solemus
664 2038 860 2088 corripere
879 2049 942 2075 ex-

278 2103 335 2130 tra
363 2090 540 2130 ordinem
558 2102 845 2143 percontantes.
890 2096 940 2133 Et

276 2147 384 2186 bene
405 2147 644 2186 celeritatem
663 2148 844 2198 promifit,
864 2162 939 2200 qua

275 2203 392 2243 facile
414 2214 571 2242 tenetur
589 2203 751 2245 auditor.
807 2207 855 2243 Et
870 2205 938 2243 mi-

274 2272 336 2306 re,
374 2272 558 2310 tanquam
585 2257 664 2298 sola
682 2259 937 2313 interrogatio

272 2328 406 2356 morae
426 2314 480 2354 fit.
534 2317 582 2356 D.

1584 1186 1664 1234 Illa

1007 1307 1138 1351 nescio
1154 1312 1213 1365 Z.)
1229 1309 1282 1352 fit.
1328 1314 1377 1353 Et
1394 1321 1508 1363 turpe
1521 1309 1663 1350 fastum

1006 1368 1238 1419 plerumque
1248 1364 1548 1419 perseuerante
1538 1379 1662 1418 unpu-
1670 1382 1673 1385 ·

1005 1423 1141 1462 dentia
1161 1423 1367 1463 1··.eleuatu1
1427 1425 1478 1462 D.

1061 1480 1155 1519 Cum
1176 1493 1216 1518 eo
1235 1476 1383 1526 mutem]
1411 1476 1484 1520 Ms.
1503 1482 1544 1520 R.
1569 1479 1662 1520 Cum

1002 1533 1066 1573 illo
1090 1548 1236 1576 mutem.
1291 1539 1332 1577 L.

1050 1593 1200 1631 Omnes
1220 1590 1331 1631 codd.
1352 1590 1480 1641 nostri,
1500 1600 1548 1632 et
1567 1590 1657 1631 edd.

997 1658 1087 1686 vett.
1119 1648 1210 1687 Cum
1239 1646 1324 1685 illo:
1360 1648 1474 1687 reae.
1529 1648 1657 1687 Dein-

996 1702 1048 1744 de
1074 1716 1144 1755 pro
1164 1703 1333 1743 deducier
1351 1700 1476 1743 versus
1495 1703 1657 1756 postulat

1002 1760 1138 1799 ducier.
1191 1763 1233 1800 B.

1055 1827 1110 1869 25
1141 1815 1331 1870 Qidnam
1364 1829 1411 1854 ex
1439 1829 1478 1854 ea
1506 1831 1546 1855 re
1571 1829 1655 1856 tan·

998 1871 1092 1923 dem]
1125 1870 1276 1910 Tranfit
1305 1886 1326 1910 a
1352 1870 1653 1923 reprehenfione

992 1926 1083 1966 faeti
1099 1925 1147 1964 ad
1166 1924 1312 1964 causam
1332 1926 1441 1976 ipsius
1464 1925 1564 1966 faoi.
1593 1931 1645 1969 D.

1047 1985 1086 2021 A
1110 1990 1200 2019 vett.
1222 1980 1310 2019 edd.
1324 1993 1361 2019 et
1379 1995 1524 2020 nouem
1537 1983 1650 2022 codd.

991 2036 1095 2075 abest
1114 2050 1182 2076 vt:
1211 2049 1306 2089 ergo
1326 2037 1417 2075 olim
1437 2035 1567 2077 sedem
1585 2038 1651 2078 hau

989 2093 1074 2132 buit
1092 2091 1176 2144 post
1197 2094 1295 2144 quid.
1353 2095 1393 2132 Β.

1042 2151 1096 2190 26
1123 2152 1243 2200 Lege,
1263 2150 1415 2203 quicum.
1452 2147 1513 2190 Cf.
1531 2149 1658 2190 Adel:

988 2216 1059 2250 1v,
1098 2214 1147 2257 7,
1183 2215 1248 2257 33.
1320 2203 1472 2245 Phorm.
1517 2219 1566 2255 v,
1610 2218 1645 2257 1,

988 2272 1097 2368 3227
1109 2263 1228 2355 Bissum
1246 2327 1382 2368 parua
1400 2317 1530 2368 causc'z,
1576 2329 1646 2359 aut

326 2371 496 2419 Tacitus,
524 2367 654 2417 citius]
683 2374 731 2414 V.
756 2371 804 2413 C.
834 2369 936 2411 Taci-
979 2384 1101 2424 parua
1122 2373 1223 2411 ratio
1244 2371 1341 2426 est?]
1372 2374 1433 2412 Sic
1455 2374 1593 2413 illata
1581 2389 1644 2414 m-

270 2440 333 2469 zus
339 2425 407 2477 sis,
430 2430 533 2467 citus.
589 2430 630 2467 L.

985 2428 1216 2481 ter-rogatio
1222 2427 1294 2476 est,
1330 2428 1433 2479 quasi
1462 2429 1511 2468 ad
1541 2429 1644 2469 hane

322 2497 378 2536 24
408 2482 460 2521 Et
478 2495 549 2535 pro
567 2481 630 2521 illo
652 2481 798 2522 iubeam
818 2497 874 2523 me
891 2483 932 2522 il·
981 2495 1181 2529 annuere,
1212 2494 1251 2523 et
1281 2485 1387 2522 vultu
1421 2483 1642 2528 consentire

266 2539 323 2579 luc
343 2539 481 2587 ducier]
512 2537 664 2578 Iubeam
682 2541 807 2579 amico
820 2538 927 2589 dixit,
979 2538 1158 2589 Antipho
1176 2538 1219 2578 fit
1236 2540 1396 2579 coaetus.
1459 2544 1506 2581 D.

265 2607 292 2635 t
294 2609 452 2647 mquam
465 2595 567 2633 inter
580 2594 741 2634 honesta
752 2596 805 2643 fit,
822 2571 927 2647 quod

263 2654 343 2692 vile
365 2651 552 2705 (vtileed.
565 2650 760 2695 Westexh.
773 2649 925 2702 sedeur,
975 2647 1148 2705 sequitur
1166 2681 1178 2702 ,
1225 2652 1550 2706 quemadmodum
1587 2655 1637 2692 ad

1040 2596 1220 2635 Traditus
1238 2595 1326 2646 ficm
1348 2596 1513 2644 mulleri]
1553 2600 1639 2638 Per-

1539 2707 1602 2749 eff
1597 2722 1634 2749 e
