1815 3168
300 82 402 139 686
713 79 873 130 ACT·
903 81 957 127 v,
1001 81 1199 128 scEN.
1233 82 1270 131 1.

435 212 548 258 Non
569 205 648 254 tibi
669 222 752 268 ego
763 203 949 273 exempli
964 208 1056 255 satis
1079 207 1201 255 sum?
1223 205 1283 256 C.
1307 224 1413 273 prae
1433 210 1666 264 iracundia,

434 283 714 336 Menedeme,
728 301 819 330 non
831 284 922 330 sum
937 284 1054 348 apud
1065 301 1151 330 me.
1175 281 1273 330 ME.
1286 295 1385 331 tene
1397 282 1501 330 istuc
1514 286 1670 350 loqui?

436 364 607 407 Nonne
635 358 680 404 id
703 357 980 419 flagitium'st‚
1002 369 1048 406 te
1069 359 1160 406 aliis
1183 357 1410 406 confilium
1434 359 1550 414 dare,

330 433 403 501 '50
439 437 567 483 Foris
588 434 748 499 sapere,
771 433 851 484 tibi
873 423 966 480 noh
986 431 1109 499 poffe
1134 435 1408 482 auxiliarier?

438 506 551 559 CH.
591 508 713 564 Quid
730 508 910 555 faciam?
951 509 1062 558 ME.
1099 509 1145 556 id
1174 510 1296 574 quod
1324 527 1396 558 me
1417 506 1559 559 feci'ffe
1582 514 1670 562 aie-

538 586 614 634 bas
642 601 823 649 parum:
889 622 891 625 .

439 665 528 710 Fac
545 672 588 708 te
611 670 780 724 patrem
807 655 888 705 effe
908 658 1081 707 sentiat:
1119 660 1185 707 fac
1207 670 1254 707 vt
1272 660 1425 709 audeat

438 734 550 784 Tibi
573 735 749 782 credere
775 736 936 788 omnia,
959 734 1032 782 abs
1058 746 1100 782 te
1123 747 1273 800 petere
1295 748 1338 783 et
1359 737 1560 802 poscere3
1602 789 1607 795 ,

435 817 514 861 Ne
539 827 669 876 quam
691 811 815 857 aliam
835 821 1012 873 quaerat
1032 814 1217 876 copiam,
1240 829 1286 858 ac
1305 824 1346 859 te
1368 813 1565 862 deserat:

339 905 401 955 55
437 884 543 937 CH.
582 890 728 934 Immo
752 884 874 933 abeat
895 886 1036 934 multo
1057 887 1172 935 malo
1196 889 1353 952 quouis
1382 893 1596 950 gentium,
1617 938 1620 941 ,

1524 964 1674 1015 Quam

357 1090 461 1132 Nam
489 1087 586 1144 iam]
626 1084 792 1131 Affefflo
819 1086 874 1128 est
899 1088 965 1129 illa
1067 1102 1120 1144 52
1147 1087 1222 1130 Fac
1248 1099 1284 1131 te
1311 1091 1474 1147 patrem]
1503 1093 1673 1135 comoe-

301 1145 518 1197 irascentis,
551 1145 602 1185 de
631 1159 705 1198 qua
734 1144 848 1197 saepe
868 1145 965 1185 dixi·
1012 1145 1160 1186 diarum
1182 1148 1265 1186 vice
1290 1146 1393 1187 versa
1416 1146 1499 1187 sunt
1525 1152 1667 1191 omnia.

297 1216 399 1245 mus.
455 1206 509 1244 Vt
544 1202 649 1254 quod
684 1203 735 1241 ait
771 1199 961 1255 Virgilius
1011 1205 1111 1242 Nam
1139 1204 1205 1242 ille
1240 1205 1302 1255 qui
1338 1204 1551 1256 accipiebat
1578 1216 1674 1248 ante

300 1263 427 1315 (Aen.
449 1274 479 1308 1,
503 1261 625 1313 139),
645 1257 859 1314 Qosego?
889 1261 932 1298 Ε.
1014 1258 1234 1306 confilium,
1270 1270 1376 1299 nunc
1408 1260 1499 1300 dare
1527 1263 1670 1313 coepit.

358 1328 413 1371 47
450 1316 545 1355 Non
580 1329 648 1371 ego
687 1313 761 1353 tibi
789 1314 960 1368 exempli]
1012 1318 1144 1356 Mores
1175 1317 1284 1354 enim
1313 1329 1384 1368 per
1413 1317 1672 1358 comoediam

300 1377 522 1420 Πωράδειγμα
533 1370 598 1421 est,
623 1370 671 1410 ad
680 1369 963 1411 deterrendum
1013 1372 1202 1424 expressit,
1225 1383 1265 1410 et
1285 1373 1406 1424 qualis
1424 1372 1594 1414 humana
1604 1373 1675 1414 ho·

301 1429 461 1469 difium.
518 1432 564 1469 E.
1010 1429 1162 1467 minum
1180 1428 1257 1468 vita
1275 1429 1497 1470 declaratur.
1555 1434 1601 1472 E.

353 1491 405 1536 48
445 1484 540 1524 Tene
567 1483 657 1538 zstuc
688 1480 838 1538 loqui?]
878 1483 964 1525 Vir·
1067 1487 1250 1536 Repone‚
1279 1485 1353 1524 Fac
1371 1485 1497 1538 ²⁶³1²ffe
1519 1487 1672 1540 pa‘trem

300 1541 417 1595 gilius
437 1543 559 1593 (Aen-
578 1553 611 1589 1,
637 1542 749 1593 37),
776 1541 891 1580 Mene
911 1541 965 1579 in·
1011 1538 1221 1591 vtsbnziat:
1238 1541 1313 1592 fite
1332 1553 1404 1582 etc.
1460 1546 1515 1582 lta
1521 1543 1672 1594 patrem

301 1609 405 1651 cepto
426 1596 585 1647 defistere
602 1598 747 1635 vitiam.
806 1597 853 1637 C.
1014 1597 1069 1636 est
1095 1599 1137 1637 in
1155 1598 1242 1636 iesu.
1300 1598 1419 1638 Certe
1447 1599 1511 1650 eff&
1522 1609 1673 1651 patrem

357 1666 411 1707 49
431 1652 527 1692 Aliis
539 1651 727 1704 confilium
737 1652 840 1700 dare]
860 1653 964 1692 Hinc
1013 1652 1068 1693 est
1086 1655 1128 1693 in
1148 1653 1233 1693 cod.
1252 1654 1370 1695 Acad.
1390 1663 1429 1694 et
1457 1654 1554 1695 Edd.
1575 1666 1669 1696 vett.

300 1709 398 1749 illud
421 1708 551 1750 Seruii
571 1709 728 1759 Sulpitii
755 1708 804 1747 ad
831 1709 959 1750 Cicer.
1013 1720 1062 1757 et,
1084 1723 1138 1758 vt,
1162 1709 1282 1749 habet
1304 1710 1388 1750 cod.
1414 1721 1489 1754 vet.
1545 1715 1587 1752 B.

299 1766 422 1818 (Fam.
446 1779 511 1814 lv,
541 1767 597 1818 5.)
626 1765 796 1818 Denique
825 1764 902 1803 noli
929 1777 964 1804 te
1066 1777 1119 1819 54
1151 1767 1317 1822 Copiam]
1357 1770 1501 1807 Facere
1530 1769 1670 1820 copiam

298 1821 467 1872 obliuisci
485 1822 692 1861 Ciceronem
711 1820 783 1873 qffi’,
810 1835 844 1860 et
866 1834 957 1871 eum,
1008 1819 1062 1862 sui
1082 1821 1184 1874 quasi
1208 1821 1248 1861 se
1265 1822 1493 1862 familiarem
1513 1823 1671 1863 exhibe·

297 1879 367 1932 qui
383 1879 465 1918 aliis
485 1877 714 1927 conficeueris
731 1879 956 1932 praecipere,
1008 1891 1075 1929 re,
1102 1889 1140 1917 et
1167 1877 1423 1930 praesentiam
1449 1875 1552 1918 suam
1583 1893 1670 1921 non

297 1948 335 1974 et
353 1935 444 1974 dare
461 1933 651 1985 confilium.
711 1935 756 1974 C.
836 1987 839 1988 ⁷
1009 1935 1222 1987 denegare.
1288 1935 1489 1975 Interdum
1525 1935 1668 1990 fignifi-

351 1992 488 2031 Nonne
526 1991 567 2029 id
589 1988 845 2044 flagitium’st]
894 1993 956 2031 Fr.
1009 2002 1068 2030 cat
1087 1990 1306 2031 concedere
1323 1991 1551 2030 facultatem.
1590 1994 1666 2032 Fac

295 2045 397 2087 Pith.
422 2047 560 2085 Nonne-
579 2045 673 2096 istud
682 2042 728 2096 fl
786 2051 827 2087 L.
1008 2060 1116 2100 ergo,
1136 2061 1189 2086 ne
1206 2057 1364 2099 quaerat
1381 2047 1494 2087 aliam
1509 2046 1665 2088 faculta-

352 2114 407 2155 50
436 2104 547 2142 Foris
561 2102 718 2154 fizpcre5
757 2101 831 2141 tihi
859 2101 953 2156 non]
1006 2114 1098 2143 tem.
1157 2106 1203 2146 C.

293 2159 546 2201 Menander:
592 2161 688 2198 Μισῶ
712 2157 858 2207 σοφιςῆν,
890 2156 955 2203 ἕςις
1060 2173 1112 2214 55
1143 2161 1260 2200 Immo
1292 2157 1413 2209 abeat]
1441 2162 1527 2200 Hoc
1554 2159 1666 2203 terri-‘

293 2216 348 2262 ἐχ
363 2215 457 2259 αὖα-ιζ
483 2212 595 2259 σαφὲς.
651 2218 693 2256 L.
1005 2215 1136 2256 biliter
1152 2216 1505 2270 pronunciandum:
1532 2228 1571 2256 et
1582 2231 1665 2258 ver-

349 2270 476 2311 Codd.
504 2269 622 2310 nostri
642 2282 779 2311 omnes
796 2266 954 2320 habent,
1005 2271 1054 2311 ba
1076 2274 1236 2326 proprie
1257 2273 1373 2326 rigidi
1401 2283 1438 2313 et
1457 2270 1577 2322 asperi
1597 2288 1665 2325 pa-

294 2327 400 2379 quod
422 2324 545 2366 versus
566 2327 741 2379 postulat,
765 2340 845 2367 non
856 2327 954 2380 posfi·
1004 2330 1082 2369 tris.
1149 2331 1294 2386 ¹Qouis
1325 2329 1509 2383 gentium]
1563 2329 1661 2370 Gen-

294 2393 336 2424 te
354 2385 585 2423 auxiliarier.
644 2387 683 2424 Β,
1002 2388 1120 2435 tium,
1150 2387 1191 2424 in
1218 2385 1297 2424 fine
1316 2385 1660 2437 superfluaradiun-

349 2452 398 2491 51
434 2443 551 2493 Lege,
578 2440 625 2479 id
640 2439 741 2494 quod
758 2453 801 2479 tu
817 2440 874 2481 mb
888 2441 952 2494 fl·
1000 2443 1096 2482 ffio:
1136 2441 1227 2482 ficut
1261 2445 1399 2482 interea
1437 2442 1518 2481 loci.
1582 2445 1660 2483 Dat

293 2495 373 2549 cisse
392 2497 497 2535 aibczs
511 2507 654 2549 parum.
714 2498 834 2538 Certe
854 2510 949 2540 vnus
1001 2507 1133 2538 tamen
1171 2498 1368 2550 quandam
1402 2495 1536 2547 αὔξησιν
1572 2512 1661 2552 pro-

293 2564 346 2592 ex
362 2553 560 2599 Meadinis
580 2552 696 2596 habet
711 2565 771 2607 Vsu.
827 2556 868 2598 B.
997 2556 1213 2600 nuncianti.
1268 2556 1317 2614 Ο,
1575 2610 1659 2658 Am
