1815 3168
294 152 354 203 22

700 156 859 204 ACT.
891 158 927 203 I.
973 154 1167 205 SCEN.
1202 158 1241 208 Ι.

432 281 556 337 Quin
579 291 628 329 tu
651 300 741 330 vno
763 284 899 332 verbo
922 283 1012 338 dic,
1052 285 1158 348 quid
1181 284 1263 338 est,
1299 283 1420 350 quod
1441 300 1513 332 me
1530 284 1652 335 velis»

430 361 502 407 81.
538 361 602 405 Ita
622 358 785 405 faciam.
808 359 893 406 hoc
903 362 1100 424 primum
1124 362 1170 406 in
1182 360 1262 406 hac
1273 379 1320 408 re
1332 360 1536 425 praedico
1547 361 1652 421 tibi;

333 447 397 485 20
435 437 558 488 Quas
585 434 722 479 credis
746 430 828 478 esse
848 435 947 486 haS,

983 451 1074 481 non
1094 434 1191 482 sunt
1209 451 1335 483 verae
1353 438 1548 499 nuptiae.

430 511 511 558 So·
552 511 642 556 Cur
662 507 832 555 {imulas
855 508 1019 569 igitur?
1053 513 1126 557 81.
1155 526 1252 558 rem
1284 526 1460 559 omnem
1489 528 1518 575 a·
1531 512 1654 578 prin·

759 584 876 649 cipio
905 583 1079 640 audies;
1252 582 1254 584 ’

295 802 631 850 commemoratio,
674 801 779 854 quali
806 801 862 841 est
889 814 951 841 ex-

294 857 736 910 probratiogimmemoris
748 857 827 897 ben
833 856 951 897 eficii:

296 914 337 953 id
365 913 417 954 est
428 921 448 962 ,ἢ
477 914 584 952 cuius
615 927 731 954 nemo
758 915 952 954 memine-

296 970 355 1009 rit.
409 971 458 1010 D.

351 1024 479 1080 Qasi
492 1023 736 1077 exprobratio
758 1024 832 1080 est]
885 1030 954 1068 Be-

296 1081 525 1122 neficiorum
537 1084 853 1121 commemoratio
865 1096 954 1121 cum

296 1136 530 1185 ostenditur,
559 1138 702 1192 ingrati
723 1139 953 1190 exprobatio

296 1193 445 1234 dicitur.
501 1197 543 1233 E.

351 1253 457 1302 Lege
475 1251 681 1289 immemori
695 1247 851 1301 benefici.
881 1251 957 1290 Da-

298 1306 420 1344 tiuum
441 1305 551 1344 enim
579 1306 688 1358 leges
720 1306 879 1358 linguae
892 1317 958 1354 po-

295 1361 434 1404 stulant
453 1371 491 1400 et
511 1361 684 1399 contexti
703 1361 811 1399 ratio.
878 1363 919 1400 B.

359 1424 405 1467 18
431 1416 538 1470 Qin
559 1428 601 1454 tu
616 1429 688 1453 vno
701 1414 830 1470 verbo]
863 1417 955 1454 Vno

296 1472 437 1520 verbo,
472 1485 551 1510 vno
569 1476 752 1519 ἂξίωματι,
781 1485 857 1511 vna
875 1469 957 1509 sen-

297 1529 433 1568 tentia.
491 1531 588 1568 Nam
611 1533 738 1575 ἀξίωμα
766 1526 957 1566 sententia

296 1584 364 1633 est,
391 1584 453 1622 vel
471 1584 709 1632 enuticiatio,
730 1597 816 1635 5¹¹0
836 1582 956 1622 verbo

301 1654 442 1680 nexam
464 1640 669 1680 continens
690 1651 728 1679 et
743 1638 958 1691 perfefihm

297 1696 611 1749 intelligentiam.
670 1699 798 1741 ἀξίωμα
847 1695 955 1734 enim

299 1751 447 1791 constat
479 1765 528 1790 ex
562 1752 742 1790 uomine‘
761 1762 802 1790 et
826 1749 955 1790 verbo.

300 1807 379 1849 Sed
398 1806 473 1856 hic,
502 1806 606 1859 quod
624 1807 676 1847 est
695 1807 852 1854 ἁξέωμαιῖ
880 1805 957 1845 hoc

302 1863 377 1909 est,
409 1863 490 1903 Has
515 1862 599 1902 bene
625 1876 669 1902 vt
693 1862 866 1916 affimules
891 1874 958 1901 nu·

297 1922 412 1974 ptiar.
454 1932 548 1972 ergo
567 1919 692 1958 omnis
713 1921 848 1965 virtus,
882 1916 962 1957 aab

303 1975 460 2014 mulatio
482 1974 547 2015 est.
601 1976 708 2031 Qin
734 1989 774 2015 tu
792 1988 863 2014 vno
881 1987 962 2013 ver-

305 2031 361 2071 bo.
420 2032 510 2069 Vna
538 2028 750 2073 sententia:
778 2041 818 2070 vt
844 2031 885 2070 in
910 2032 963 2069 A·

305 2085 477 2138 delphis:
524 2110 581 2117 --
596 2092 601 2097 ’
615 2100 690 2125 non
725 2099 855 2127 meum⁷
873 2085 965 2125 illud

305 2142 459 2182 verbum
467 2143 599 2194 fi1ci0,
628 2144 724 2196 quod
745 2157 797 2190 zu,
823 2142 959 2190 Mitio,

307 2200 403 2240 Bene
423 2213 465 2237 ac
478 2198 668 2250 ftpienter
684 2201 784 2239 dixti
801 2199 963 2238 dudum.-

306 2257 440 2294 vitium
479 2268 664 2294 commune
707 2258 870 2295 omnium
905 2253 961 2305 est,

307 2311 425 2369 de
448 2313 602 2350 nimium
630 2311 682 2350 acl
707 2326 783 2351 rem
803 2313 843 2350 in
859 2309 962 2361 fine-

307 2368 365 2405 c‘ta
390 2370 523 2406 attenti
547 2366 691 2417 fiamus.
739 2370 837 2408 Nam
863 2367 964 2405 male

310 2423 513 2475 intelligit,
550 2424 617 2473 qui
647 2433 754 2474 putat
789 2420 963 2475 affimules

310 2477 473 2518 verbum
492 2477 712 2530 significare.
747 2481 875 2530 (Haec
890 2492 964 2516 ma-

1585 663 1656 710 Eo

1056 803 1118 857 19¹.
1153 803 1213 844 Ita
1236 803 1411 859 fizciam]
1465 805 1554 845 Hoc
1586 803 1653 852 est,

1000 871 1078 898 vno
1097 859 1216 899 verbo
1235 861 1372 900 dicam.
1407 870 1448 899 et
1458 859 1564 911 quod
1575 873 1657 899 ver-

1000 914 1097 953 bum
1115 917 1313 968 promittit,
1341 916 1396 955 ibi
1415 915 1517 963 dicit,
1541 916 1658 955 Nunc

1002 984 1103 1010 tuum
1132 972 1291 1025 offi'cium
1316 972 1381 1024 est,
1409 972 1474 1011 has
1500 971 1587 1012 bene
1608 968 1659 1011 'vt

1002 1025 1173 1081 affimules
1194 1030 1354 1082 nuptias.
1409 1030 1460 1069 D.

1062 1140 1229 1179 Primum
1256 1141 1297 1179 in
1315 1138 1385 1179 hac
1408 1152 1447 1178 re
1460 1137 1660 1193 praedico]

1004 1200 1232 1247 Antequam
1270 1196 1532 1234 narrationem
1565 1195 1662 1234 inci-

1005 1253 1087 1305 piat
1115 1263 1287 1304 ponere,
1319 1248 1503 1290 summam
1535 1251 1661 1302 primo

1006 1309 1202 1359 proponit,
1222 1319 1323 1357 quae
1344 1307 1428 1344 talis
1447 1305 1524 1344 est:
1551 1305 1664 1360 Qas-

997 1362 1122 1408 ,credis
1130 1361 1192 1414 ff
1205 1361 1280 1406 has,
1299 1374 1374 1399 non
1377 1362 1470 1411 sitm
1479 1375 1585 1399 verae
1595 1373 1663 1399 nu·
1675 1366 1679 1368 '

1000 1420 1114 1471 ptiae.
1168 1417 1332 1466 Partitur
1349 1415 1412 1455 hie
1437 1414 1575 1465 senex,
1600 1429 1664 1455 ea·

1007 1486 1084 1526 que
1117 1473 1271 1523 partitio
1308 1473 1447 1524 triplex
1481 1472 1546 1511 est.
1604 1471 1663 1511 Eo

997 1530 1109 1583 pcu‘t'o
1133 1542 1170 1568 et
1193 1530 1304 1582 gnati
1330 1530 1468 1576 vitam,
1499 1539 1534 1568 et
1552 1526 1665 1581 corfi-

1006 1587 1096 1626 lium
1123 1598 1236 1623 meum
1265 1584 1474 1638 cognosces,
1509 1597 1546 1623 et
1574 1582 1667 1637 quid

995 1643 1126 1695 ficere
1152 1642 1193 1678 in
1213 1640 1281 1679 hac
1305 1652 1342 1678 te
1364 1639 1542 1689 re2velim.
1598 1642 1667 1679 Er·

1003 1710 1055 1750 go
1074 1694 1287 1735 secundum
1306 1692 1414 1747 supra
1433 1694 1666 1743 diuifionem

1005 1751 1167 1804 positam
1201 1752 1309 1804 gnati
1342 1751 1420 1790 vita
1439 1764 1526 1789 cum
1548 1763 1667 1801 expo-

1006 1810 1136 1856 nitur,
1181 1807 1453 1846 conief’turaiia
1489 1808 1668 1846 continet

1009 1873 1249 1917 argumenta.
1313 1861 1526 1910 Consilium
1575 1875 1666 1903 cum

1009 1919 1217 1971 exponitur
1227 1947 1237 1965 ‚
1265 1932 1334 1970 per
1361 1919 1583 1970 qualitatem
1594 1949 1597 1963 ς
1609 1918 1669 1957 di-

1011 1977 1119 2015 citur.
1175 1975 1290 2031 Qid
1305 1975 1436 2027 fizcere
1463 1977 1503 2013 in
1529 1974 1596 2014 hac
1631 1986 1669 2014 te

1011 2045 1052 2071 re
1063 2030 1184 2070 velim.
1213 2030 1399 2070 Similiter
1412 2031 1601 2081 qualitatis
1611 2044 1670 2069 ra-

1012 2089 1122 2127 tione
1154 2086 1335 2125 consistat.
1390 2090 1565 2137 Vtraque
1604 2099 1671 2125 au-

1011 2155 1092 2183 tem
1138 2143 1299 2194 qualitas
1350 2142 1556 2195 negotialis
1601 2141 1668 2181 est.

1009 2199 1148 2251 Incipit
1165 2199 1289 2251 primo
1311 2198 1392 2237 nati
1409 2198 1533 2237 vitam
1591 2199 1638 2238 E.

1065 2322 1120 2351 20
1173 2307 1281 2365 Qus
1317 2308 1435 2351 credis
1476 2306 1539 2362 effi
1573 2305 1668 2363 has]

1011 2364 1201 2419 Syllepfis.
1255 2370 1307 2408 D.

1066 2489 1093 2519 2
1101 2489 1116 2519 Ι
1143 2475 1371 2529 Curfi'mulas
1381 2476 1528 2531 igitur?
1538 2475 1557 2530 ]
1583 2476 1671 2516 Vir.

310 2533 450 2575 nifeste
468 2534 555 2573 loco
573 2544 679 2573 mota
697 2532 792 2582 sunt,
812 2532 966 2572 subiun-
1015 2534 1081 2587 gil.
1107 2535 1212 2586 (Ecl.
1236 2548 1274 2582 Ι,
1301 2535 1398 2586 27.)
1440 2546 1530 2586 quae
1559 2542 1669 2572 tanta

313 2588 443 2643 genda
467 2590 543 2639 eis,
574 2603 675 2641 quae
699 2590 889 2632 continuo
914 2586 965 2630 se-
1001 2590 1091 2643 fuit
1120 2590 1278 2632 Romam
1306 2587 1378 2631 tibi
1403 2589 1516 2643 causa
1547 2587 1671 2629 viden-

258 2704 260 2706 *
314 2647 517 2699 quuntur.)
570 2648 620 2688 D.

1013 2645 1081 2688 di?
1134 2649 1188 2689 D.
