1815 3168
309 162 405 192 xxx
564 142 654 186 DE
687 139 1026 189 TRAG.'ET
1065 137 1390 183 COMOED.

307 265 560 315 semumque
585 262 754 300 ciuilium
777 272 818 298 ac
839 259 1094 308 priuatorum:
1125 255 1262 307 quibus
1283 252 1435 294 discitur
1456 253 1548 306 quid
1577 252 1676 293 sitin

311 322 389 362 vita
412 321 522 367 vtile,
553 318 645 370 quid
666 329 797 356 contra
815 314 1053 353 euitandum.
1113 316 1179 360 11)
1206 315 1314 352 l-lanc
1344 313 1480 351 Graeci
1511 310 1556 348 iic
1585 307 1678 348 defi-

313 379 444 424 niere,
478 379 624 420 κωμωδία
661 379 722 412 ἐζὶν
758 373 952 418 ἶδιωτικῶν,“
988 376 1044 406 καὶ
1078 370 1254 406 πολιτικῶν
1288 373 1489 413 πραγμάτων
1516 370 1677 408 ἀκίνδυνος

311 433 465 481 meto-xxi.
525 429 781 473 Co'moediam
800 424 876 466 effe
896 425 1034 465 Cicero
1057 424 1129 471 ait,
1160 425 1398 462 imitationem
1415 427 1532 471 vitae,
1550 421 1679 473 specu-

311 491 389 532 hem
420 487 711 538 consuetudinis,
749 485 941 536 imaginem
972 481 1156 519 veritatis.
1213 479 1457 519 Comoediae
1492 489 1619 516 autem
1654 490 1677 516 a

312 559 424 587 more
450 545 608 594 antiquo
637 542 783 580 dic'tae:
815 539 902 589 quia
929 538 968 574 in
998 536 1090 574 vicis
1121 532 1339 573 huiusmodi
1368 536 1536 573 carmina
1564 533 1677 571 initio

312 602 543 656 agebantur,
583 595 684 649 apud
709 597 898 635 Graecos:
937 603 973 630 vt
1010 592 1050 629 in
1080 590 1184 630 ltalia
1204 580 1483 642 ‘Conspitah'tiis
1510 589 1676 635 ludicris,

312 657 470 698 admisto
491 651 823 707 pronunciationis
851 647 1028 696 modulo,
1058 659 1156 697 quo,
1189 644 1279 684 dum
1305 647 1405 684 a&us
1438 657 1678 684 commutan-

313 727 395 763 tur,
431 713 498 763 12)
525 710 692 762 populus
721 705 980 745 detinebatur.
1037 706 1115 743 Aut
1145 701 1214 740 ἀπὸ
1241 704 1307 738 τῶν
1335 703 1469 749 κωμῶν,
1510 701 1586 740 hoc
1610 700 1677 750 est,

312 770 360 811 ab
383 770 465 808 ablu
487 767 586 805 vitae
605 764 824 808 hominum,
853 760 916 812 qui
947 760 988 798 in
1018 759 1110 797 vicis
1131 756 1372 805 babitabant,
1403 757 1453 795 ob
1479 756 1681 796 mediocri-

313 838 432 866 tatem
452 823 712 863 fortunarum:
743 832 827 858 non
850 817 891 855 in
915 816 1009 854 aulis
1038 815 1174 867 regiiS‚
1205 824 1244 852 vt
1271 811 1355 852 sunt
1382 811 1569 864 personae
1586 817 1681 853 Tra-

313 884 434 936 gicae.
483 876 709 918 'Comoedia
742 887 852 920 vero,
880 873 970 924 quia
999 883 1139 923 poema
1168 867 1234 908 sub
1262 870 1478 908 imitatione
1500 869 1602 909 vitae
1627 878 1679 907 at-

311 952 390 991 que
414 948 566 975 morum
593 930 844 984 similitudine
873 926 1127 980 compoiitum
1159 925 1234 972 est,
1262 926 1300 964 in
1322 925 1429 979 gestu
1451 936 1490 966 et
1508 938 1680 976 pronun-

313 995 481 1034 ciatione
507 988 683 1029 consistit.
739 985 998 1028 Comoediam
1016 982 1117 1035 apud
1135 985 1304 1022 Graecos
1332 981 1491 1020 dubium
1522 980 1575 1020 est
1594 981 1680 1032 quis

314 1044 518 1090 inuenerit
545 1042 710 1098 primus:
742 1042 846 1095 apud
873 1042 1202 1093 Latinorcertum
1231 1037 1296 1078 est.
1349 1037 1607 1079 Comoediam
1639 1046 1679 1075 et

311 1103 578 1158 Tragoediam
603 1105 796 1154 Togatam
828 1099 952 1148 primo
980 1096 1108 1136 Liuius
1140 1094 1387 1134 Andronicus
1413 1094 1579 1145 reperit:
1611 1093 1678 1131 ait-

313 1175 414 1214 que,
447 1158 681 1200 comoediam
708 1155 769 1208 effe'
787 1151 1026 1208 quotidianae
1054 1155 1157 1190 vitae
1173 1149 1389 1202 speculum:
1423 1163 1499 1188 nec
1526 1149 1677 1188 iniuria.

311 1221 414 1259 Nam
438 1229 477 1255 vt
504 1215 645 1254 intenti
673 1210 827 1265 speculo
855 1210 1022 1249 veritatis
1049 1209 1289 1246 lineamenta
1314 1203 1428 1245 facile
1447 1219 1518 1258 per
1544 1205 1678 1257 imagi-

313 1287 386 1315 nes
424 1272 668 1324 colligimus:⁴
707 1269 760 1307 ita
801 1268 967 1307 leffione
1005 1262 1244 1306 Comoediae
1274 1263 1536 1311 imitationem
1566 1262 1679 1307 vitae,

312 1324 676 1377 consuetudinisque
703 1336 784 1363 non
805 1323 1022 1375 aegerrime
1050 1319 1405 1364 animaduertimus.
1466 1314 1588 1357 Huius
1615 1328 1680 1354 au-

314 1397 395 1427 tem
418 1384 583 1437 originis
603 1382 700 1420 ratio
717 1379 927 1418 ab'exteris
948 1375 1188 1420 ciuitatibus,
1215 1371 1462 1424 moribusque
1481 1373 1675 1422 peruenit.
1701 1385 1704 1388 ’

313 1438 574 1484 Athenienses
596 1449 765 1487 namque
776 1435 942 1474 Atticam
962 1431 1217 1470 custodientes
1237 1429 1484 1481 elegantiam,
1507 1440 1593 1466 cum
1605 1427 1680 1467 vel-

313 1499 400 1537 lent
427 1496 528 1535 male
556 1495 731 1534 viuentes
763 1501 920 1536 notare,
955 1489 998 1527 iu
1027 1488 1128 1526 vicos
1157 1496 1196 1524 et
1223 1486 1394 1536 compita
1422 1498 1470 1524 ex
1499 1484 1680 1524 omnibus

314 1555 408 1593 locis
437 1552 546 1599 laeti,
577 1546 797 1601 alacresque
818 1544 1051 1585 veniebant:
1082 1542 1217 1593 ibique
1245 1555 1332 1580 cum
1357 1540 1582 1581 nominibus
1611 1540 1681 1579 fin-

314 1611 494 1664 gulorum
517 1608 632 1646 vitam
651 1603 923 1656 publicabant:
954 1599 1059 1639 vnde
1080 1611 1228 1637 nomen
1248 1597 1518 1649 compositum,
1547 1607 1585 1635 vt
1603 1597 1681 1636 Co-

312 1665 470 1706 moedia
508 1671 716 1704 vocaretur.
772 1662 880 1698 Haec
916 1668 1044 1696 autem
1080 1655 1248 1702 carmina
1281 1655 1322 1692 in
1356 1655 1473 1704 pratis
1510 1653 1680 1704 primum

315 1722 504 1762 mollibus
531 1717 757 1771 agebantur.
815 1718 896 1754 Nec
922 1713 1086 1752 deerant
1117 1710 1310 1761 praemia,
1348 1709 1486 1760 quibus
1517 1708 1563 1747 ad
1595 1707 1680 1747 scri-

313 1778 489 1817 bendum
512 1775 713 1814 doctorum
731 1779 1032 1822 prouocat-entur
1053 1768 1091 1805 in
1100 1766 1217 1814 genia
1230 1781 1252 1821 ε,
1270 1763 1334 1804 sed
1348 1776 1387 1804 et
1396 1765 1586 1804 acroribus
1598 1777 1681 1803 mu·

317 1847 413 1873 nera
429 1829 711 1877 offerebantur,
744 1841 821 1879 quo
841 1826 1028 1865 libentius
1049 1822 1219 1876 iucundo
1237 1822 1338 1860 vocis
1355 1821 1460 1860 flexu
1478 1821 1532 1860 'ad
1555 1821 1681 1860 dulce-

317 1891 453 1929 dinem
486 1882 833 1926 commendationis
865 1891 1074 1920 vterentur.
1132 1879 1262 1929 Caper
1288 1890 1456 1928 namque
1474 1891 1545 1929 pro
1566 1877 1680 1917 donis

313 1946 374 1985 his
407 1943 583 1988 dabatur,
616 1942 706 1991 quia
735 1939 890 1978 'vitibus'
910 1937 1073 1976 noxium
1102 1934 1245 1973 animal
1272 1932 1509 1973 habebatur:
1548 1948 1570 1972 a
1600 1947 1678 1985 quo

313 2003 430 2041 etiam
464 1997 712 2052 Tragoediae
742 2008 888 2035 nomen
916 2003 1088 2032 exortum
1122 1990 1186 2029 est.
1248 1990 1442 2035 Nonnulli
1467 2000 1598 2029 autem
1631 2002 1679 2029 ex

314 2070 465 2098 amurca
488 2056 567 2094 olei
599 2053 704 2102 fece,
735 2062 834 2104 quae
864 2050 919 2089 est
944 2049 1081 2088 humor
1100 2046 1288 2098 aquatilis,
1320 2045 1582 2099 Tragoediam
1601 2046 1681 2086 dici

312 2115 523 2163 vocarique
545 2111 771 2150 maluerunt.
831 2107 911 2157 Qui
938 2105 1021 2144 ludi-
1041 2116 1128 2142 cum
1147 2115 1218 2154 per
1239 2102 1401 2142 artifices
1430 2103 1469 2140 in
1486 2101 1680 2142 honorem

313 2170 443 2212 Liberi
466 2169 579 2220 patris
605 2176 836 2219 agerentur,
875 2163 991 2202 etiam
1020 2160 1087 2214 ipfi
1114 2158 1412 2199 Comoediarum
1436 2156 1679 2211 Tragoedia-

313 2238 480 2276 rumque
500 2221 699 2273 scriptores
720 2221 834 2260 buius
854 2218 938 2267 dei,
966 2218 1069 2257 velut
1100 2215 1215 2266 patris
1235 2227 1384 2253 numen
1414 2215 1541 2253 colere
1562 2226 1679 2253 vene-

311 2283 467 2333 rarique
487 2288 712 2330 coeperunt.
771 2278 892 2318 Cuius
915 2275 971 2313 rei
990 2271 1198 2326 probabilis
1217 2272 1313 2310 ratio
1324 2271 1460 2309 extitit.
1504 2273 1559 2323 Ita
1572 2271 1678 2310 enim

315 2337 485 2378 carmina
513 2334 691 2375 inchoata
721 2332 1039 2386 proferebantur,
1081 2339 1119 2369 vt
1149 2339 1219 2380 per
1250 2341 1305 2367 ea·
1330 2327 1463 2383 [audes
1498 2327 1602 2374 eius,
1639 2338 1679 2365 et

1582 2380 1680 2423 facta

367 2505 426 2550 u)
452 2505 555 2539 Hanc
576 2501 706 2538 Graeci
716 2501 767 2547 lic
786 2498 965 2549 definiere]
1070 2497 1131 2541 12)
1168 2496 1316 2545 Populus
1340 2492 1575 2539 detinebatur]
1610 2492 1676 2530 Mi:

315 2554 490 2593 Diomed.
517 2554 629 2589 Grani
667 2551 733 2587 lib.
764 2562 794 2597 3.
821 2550 883 2586 vbi
912 2562 969 2585 ea·
1017 2546 1164 2598 Populus
1194 2545 1435 2588 attinebatur,
1468 2554 1506 2581 vt
1538 2555 1574 2581 et
1606 2542 1676 2581 inf.

315 2607 400 2642 dem
430 2601 772 2643 definito-habetur,
797 2608 851 2638 καὶ
878 2610 971 2638 πολι.
1019 2598 1064 2636 L.

316 2654 410 2694 τικῶν
434 2665 516 2691 non
534 2650 643 2688 addit.
696 2651 738 2686 L.
