1815 3168
299 203 397 251 294

701 187 854 236 ACT.
888 187 921 234 1.
965 185 1165 233 SCEN.
1199 186 1259 234 Π.

433 320 596 381 Neque
637 318 852 368 amicum,
887 330 1032 378 neque
1064 322 1314 375 cognatum.
1354 307 1656 379 quamobrem,

531 393 755 445 Phaedria,

438 470 581 533 Cupio
607 468 772 532 aliquos
795 482 948 532 parere
968 467 1129 513 amicos
1149 463 1364 514 beneficio
1389 480 1510 519 meo.

335 561 402 609 70
436 544 502 597 Id,
523 543 690 596 amabo,
713 543 856 588 adiuta
877 557 1074 605 me,¹quo
1096 541 1141 587 id
1162 539 1236 588 fiat
1251 541 1431 589 facilius.

436 622 540 669 Sine
561 619 685 664 illum
708 619 878 682 priores
898 627 1041 683 partes
1062 615 1188 663 hosce
1207 617 1371 680 aliquot
1403 615 1494 663 dies

436 693 573 759 Apud
604 711 676 740 nie
695 693 870 741 habere.
908 693 1017 739 nihil
1042 691 1306 757 respondes?
1341 689 1438 740 PH.
1457 687 1669 756 pessuma.

437 765 584 833 Egon'
603 770 836 835 quicquam
857 782 960 818 cum
979 767 1066 818 istis
1095 764 1217 816 faffls
1240 767 1322 816 tibi
1354 766 1668 834 respondeam?

361 954 415 1001 68
447 948 742 1005 Nequeamicus]
771 949 964 990 Benehoc

307 1007 412 1060 apud
432 1018 661 1047 amatorem:
692 1006 782 1057 quia
792 1005 846 1044 est
861 1004 964 1045 aliud

305 1077 477 1111 amator,
517 1060 621 1101 aliud
649 1063 801 1102 amicus.
856 1062 967 1100 Ama-

306 1132 381 1166 tor,
402 1119 468 1171 qui
489 1117 537 1158 ad
554 1117 889 1169 tempus‚Amicus,
899 1116 966 1169 qui

305 1185 500 1228 perpetuo
536 1183 647 1213 amat.
701 1176 766 1214 An
799 1173 888 1225 quia
922 1173 966 1213 in

305 1233 435 1284 patria
458 1229 644 1283 potestate
678 1228 733 1270 est
758 1227 968 1272 Phaedria?

307 1286 571 1341 Qamobrem,
594 1284 797 1339 Phaedria]
828 1287 873 1325 In
899 1298 968 1324 ne·

308 1342 474 1383 ceffariis
493 1342 615 1394 (forte
632 1341 708 1395 leg.
727 1343 768 1380 in
788 1339 897 1380 rehu]-
908 1339 969 1391 st-

308 1401 395 1440 riis.
428 1396 499 1441 Ms.
527 1397 675 1439 Boend.
705 1406 744 1436 et
769 1395 857 1437 edd.
879 1405 969 1438 vett.

307 1451 374 1497 Ne
402 1458 442 1493 in
466 1453 671 1506 necefflzriis
701 1455 846 1507 inopem
871 1452 972 1492 vide-

308 1524 420 1552 retur
438 1513 480 1551 in
487 1506 689 1561 necesariis
697 1511 888 1562 interponi
896 1521 972 1549 non

311 1566 398 1608 licet
417 1568 606 1606 audientis
625 1567 775 1619 nomen)
802 1567 973 1617 interpo-

308 1625 356 1665 ni
376 1636 525 1663 nomen
548 1622 641 1661 licet
658 1621 859 1662 audientis.
892 1623 940 1662 D.

368 1680 469 1720 Cum
503 1678 626 1718 statim
663 1675 769 1718 versu
794 1677 972 1730 proximo

313 1746 487 1775 occurrat
513 1738 669 1785 amicos,
699 1733 761 1773 hic
788 1747 859 1786 pro
885 1734 975 1773 ami-

313 1805 396 1832 cum
418 1790 632 1844 legendum
649 1787 728 1830 effe
747 1787 886 1841 censeo
909 1802 976 1831 no·

315 1860 410 1898 tum,
434 1858 473 1887 vt
489 1846 642 1887 Phorm.
661 1859 692 1896 1,
710 1857 746 1895 2,
766 1852 836 1902 48.
851 1849 859 1898 j
892 1847 933 1888 B.

370 1962 433 2013 69‘
462 1958 754 2012 Cupioaliquos
773 1968 913 2009 parare
939 1968 976 1994 a·

314 2018 433 2056 micas
451 2012 623 2066 beneficio
640 2018 735 2066 meo]
764 2014 837 2053 Hic
854 2011 975 2051 osten-

314 2072 374 2111 dit
392 2068 626 2123 specialiter,
656 2067 866 2109 cuiusmodi
885 2066 977 2107 ami-

315 2140 383 2167 cos
395 2137 563 2179 quaerat,
584 2139 638 2165 ne
646 2125 872 2174 Phaedriam
884 2135 973 2161 con-

316 2195 496 2223 temnere
523 2182 708 2221 videatur.
767 2183 909 2227 Parare
937 2193 974 2217 α-

316 2242 434 2280 micas
463 2236 631 2288 beneficio
654 2238 749 2286 meo]
780 2236 886 2287 Quia
911 2247 973 2285 pa-

318 2305 453 2336 rantur
473 2304 512 2334 et
534 2293 599 2333 suo
617 2295 765 2346 (aliem,
784 2290 872 2331 edd.
892 2292 973 2330 Ve-

318 2352 435 2404 nett.)
453 2348 518 2389 sed
535 2351 659 2390 minus
673 2349 852 2402 diligunt.
878 2348 929 2387 D.

375 2406 554 2446 Donatus
574 2415 613 2445 et
629 2418 767 2455 omnes
785 2402 898 2443 codd.
910 2402 975 2441 ha«

319 2463 417 2502 bent
428 2473 576 2514 parare,
599 2459 743 2511 sed‚ne
763 2457 887 2499 versus
907 2459 976 2498 im-

320 2517 518 2571 pediatur,
563 2516 878 2571 amplec‘tendum
921 2512 976 2553 est

317 2573 501 2616 Bembini
529 2574 613 2613 eod.
643 2583 787 2627 parere.
840 2573 977 2613 Caete-

254 2676 257 2680 ,
317 2643 405 2671 rum
442 2627 612 2680 beneficio
648 2644 725 2669 meo
751 2626 912 2682 spondei
931 2634 978 2679 et

319 2685 460 2740 dadyli
476 2683 639 2741 spatium
655 2686 879 2742 metiuntun
907 2683 948 2729 Β·

1519 846 1668 890 PAR.

1066 957 1122 1002 70
1146 946 1193 988 Id
1208 945 1335 988 amabo
1355 947 1482 987 adiuta
1498 960 1564 995 me,
1593 959 1667 999 quo

1014 1004 1317 1057 idfi·²tffi⁶i!i²¹5]
1352 1012 1528 1050 Παρέλκον.
1549 1001 1606 1041 bis
1627 1001 1670 1042 id

1014 1058 1152 1112 posuit.
1212 1061 1354 1100 Adiuta
1383 1061 1451 1109 me]
1482 1059 1583 1101 Mira
1610 1069 1671 1096 co-

1015 1116 1113 1155 affio
1125 1146 1135 1164 ,
1169 1129 1238 1168 pro
1258 1127 1391 1167 patere
1411 1114 1574 1164 excludi,
1606 1113 1672 1154 ad-

1015 1174 1095 1213 iuta
1114 1185 1178 1219 me,
1203 1171 1310 1210 dixit.
1367 1175 1416 1213 D.

1072 1238 1125 1281 71
1155 1226 1241 1265 Sine
1269 1226 1383 1273 illum]
1421 1225 1569 1267 Blande
1599 1224 1672 1275 fine

1017 1281 1140 1332 illum,
1174 1293 1356 1333 tanquam
1377 1282 1418 1321 in
1441 1295 1559 1321 manu
1590 1283 1673 1320 eius

1017 1338 1061 1378 fit
1076 1339 1258 1378 iniuriam
1276 1351 1358 1379 non
1378 1339 1467 1388 pati,
1490 1349 1528 1376 et
1548 1339 1686 1376 exclu-

1020 1394 1060 1434 di
1085 1395 1262 1435 militem.
1318 1396 1408 1434 Non
1445 1394 1550 1434 enim
1578 1393 1676 1432 dixit

1009 1451 1090 1503 fir,
1112 1462 1176 1490 aut
1191 1461 1323 1503 patere,
1348 1448 1424 1499 sed,
1434 1450 1524 1502 fine.
1568 1449 1678 1488 Prio-

1019 1520 1078 1549 res
1111 1518 1235 1561 partes
1270 1505 1372 1557 hosce
1410 1507 1549 1558 aliquot
1579 1504 1675 1558 dies]

1019 1562 1195 1607 Honeste
1212 1562 1522 1613 circumloquitur
1541 1573 1578 1600 et
1598 1575 1679 1600 ora-

1023 1621 1135 1668 torie,
1163 1632 1217 1659 ne
1238 1619 1350 1665 dicat,
1379 1618 1456 1658 Abi
1478 1618 1589 1664 fei-12⁵,
1621 1629 1681 1656 at-

1023 1688 1100 1731 que
1118 1675 1272 1715 excludi
1294 1685 1334 1714 te
1350 1685 1495 1726 patere.
1555 1678 1607 1716 D.

1076 1743 1131 1785 72
1171 1730 1284 1771 Nihil
1311 1730 1555 1785 respondea]
1595 1733 1676 1769 Iam

1021 1788 1212 1829 silentium
1223 1784 1377 1836 accusat,
1397 1788 1486 1837 quia
1496 1784 1560 1824 scit
1577 1786 1678 1824 nihil

1020 1841 1291 1896 responsurum
1307 1843 1539 1882 contrarium
1560 1844 1678 1895 (Leg.

1024 1900 1122 1940 nihil
1139 1899 1410 1952 respondentem
1430 1899 1674 1946 contrariari,

1022 1955 1111 2002 fine,
1132 1957 1360 1994 contrarium
1371 1952 1433 2005 est}
1461 1955 1533 2004 Z).
1559 1957 1607 1993 Et
1627 1951 1678 1991 sa-

1024 2012 1071 2050 tis
1092 2010 1245 2059 blande,
1278 2011 1390 2049 Nihil
1405 2008 1598 2061 respondes
1620 2009 1678 2048 di-

1025 2067 1100 2107 xit:
1131 2078 1311 2117 tanquam
1333 2066 1397 2117 qui
1412 2064 1554 2105 debeas
1571 2078 1681 2103 amo-

1026 2124 1076 2163 ris
1093 2123 1218 2162 vicem
1237 2122 1430 2176 (Omnino
1450 2122 1528 2173 leg.
1560 2121 1611 2159 Et
1610 2121 1679 2171 siz-

1021 2181 1071 2219 tis
1098 2177 1248 2226 blande,
1283 2189 1413 2217 MIHI
1428 2207 1438 2225 ,
1469 2178 1581 2222 dixit,
1598 2191 1679 2216 tan-

1021 2245 1132 2289 quam
1160 2237 1218 2273 cui
1236 2232 1361 2272 debeas
1376 2247 1408 2272 a.
1430 2247 1465 2272 v.
1522 2232 1597 2273 Etfi
1618 2233 1677 2271 in-

1022 2302 1134 2343 teger
1152 2291 1329 2331 Senarius
1347 2288 1389 2326 τδ
1415 2301 1448 2327 Μ
1460 2301 1512 2327 11⁴1
1527 2302 1545 2328 1
1576 2289 1681 2328 vide-

1023 2357 1083 2386 tur
1100 2344 1302 2398 respuere:
1328 2348 1526 2386 Donatum
1545 2355 1679 2384 tamen

1022 2404 1075 2443 ita
1100 2398 1235 2455 legiss’e
1274 2412 1419 2441 certum
1449 2399 1512 2439 est.
1568 2400 1679 2439 idem

1022 2457 1113 2499 mihi
1131 2457 1321 2497 exhibent
1337 2454 1425 2499 Mss.
1445 2456 1570 2496 Mai-k.
1590 2470 1680 2507 qua-

1025 2525 1112 2554 tuor
1125 2510 1222 2554 Pau.
1250 2524 1289 2553 et
1311 2512 1401 2552 edd.
1426 2516 1536 2565 vett).
1573 2513 1620 2551 D.

1078 2580 1130 2623 73
1173 2569 1251 2624 Ego
1289 2571 1498 2622 quicquam]
1540 2569 1679 2606 Facete

1025 2626 1250 2679 exprimitur
1261 2625 1589 2672 illud‚Amantium
1599 2625 1679 2664 irae

1023 2685 1162 2726 amori>-
1180 2684 1382 2739 integratio
1401 2679 1461 2733 est.
1518 2682 1568 2723 D.
