1815 3168
614 98 1033 145 EVNVCHVS.

1417 108 1506 157 331

277 231 445 292 Meque
467 226 588 279 adeo,
613 227 689 289 qui
709 223 958 271 restiterim:
995 232 1090 268 tum
1112 231 1269 274 autem,
1293 224 1368 284 qui
1388 224 1515 271 illum

380 303 504 350 flocci
528 303 720 349 fecerim.

278 379 364 427 Sed
384 395 534 425 eccum
558 381 891 424 Parmenonem.
925 372 1050 420 salue.
1088 368 1170 418 PA
1185 384 1232 418 R.
1270 372 1374 435 quid
1398 383 1446 419 tu
1468 391 1514 422 es

376 453 536 502 tristis?
576 452 740 516 quidue
760 468 804 496 es
828 449 1008 495 alacris?

278 529 408 577 Vnde
428 532 463 575 is
477 531 498 574 ἶ)
547 525 655 576 CH.
694 524 867 587 egone?
905 525 1047 572 nescio
1067 521 1260 576 hercule,
1282 534 1426 587 neque
1439 541 1515 572 vn·

381 605 433 651 de
458 621 565 656 eam,
591 619 734 666 neque
755 600 963 665 quorsum
986 616 1097 646 eam.

278 684 345 729 Ita
363 682 566 746 prorsum
591 679 752 727 oblitus
777 677 870 724 sum
894 677 996 723 mei.

143 918 208 971 qui
236 917 343 957 hodie
360 930 434 967 me,
474 916 629 970 Regius.
678 918 804 968 Repo-

144 987 219 1021 ne‚
255 975 302 1014 Vt
322 973 422 1012 illum
446 976 516 1022 Di,
547 974 652 1012 Deae
678 986 803 1012 omnes

131 1030 280 1081 senium
303 1031 479 1082 perdant,
514 1032 582 1083 qui
611 1029 717 1070 bodie
748 1042 803 1068 me

145 1100 353 1127 remoratus
359 1085 425 1137 fi't.
487 1089 527 1126 B.

202 1155 248 1184 11
295 1143 388 1181 Tum
414 1155 562 1190 autem,
599 1143 665 1194 qu'i
701 1140 801 1181 illum

136 1196 416 1252 fleca-{fecerim}
454 1199 547 1237 Tum
570 1211 695 1236 autem
717 1211 799 1249 pro,

143 1268 192 1296 et.
248 1254 353 1293 Duas
370 1255 450 1293 vult
470 1255 576 1295 enim
597 1252 720 1292 causas
751 1251 803 1292 es-

142 1308 195 1358 se,
218 1323 283 1348 cur
304 1308 465 1361 seipsum
489 1310 529 1348 di
547 1308 732 1360 perdant:
764 1322 803 1346 v·

147 1379 250 1409 nam,
272 1367 378 1416 quod
404 1365 602 1404 restiterit:
633 1364 802 1411 alteram,

143 1421 252 1473 quod
270 1419 402 1461 senem
423 1421 637 1473 perueritus
660 1419 727 1459 diu
746 1432 804 1458 re·

146 1474 329 1517 manserit
358 1493 379 1517 a
398 1475 668 1529 persequenda
698 1476 806 1527 virgi-

149 1547 212 1574 ne.
233 1536 279 1572 Et
289 1531 653 1585 notafloccg'fecerim,
670 1543 709 1570 et
721 1545 808 1570 con-

146 1601 325 1629 temnere
343 1600 472 1628 etnon
494 1599 748 1627 contemnere
770 1585 808 1624 fi-

149 1644 354 1699 gnificate:
387 1655 427 1684 vt
447 1657 570 1691 nune,
600 1642 680 1694 Qui
703 1642 808 1681 illum

139 1701 421 1755 floccifl’cerim,
454 1699 559 1739 deest
587 1700 668 1740 vel:
696 1709 734 1740 vt
754 1697 806 1746 fit,

146 1758 207 1799 vel
224 1756 507 1796 floccifecerim.
566 1759 614 1796 D.

167 1844 169 1846 -
205 1826 253 1855 12
283 1814 397 1870 Q‘id
415 1825 458 1852 tu
477 1827 511 1851 es
530 1810 673 1862 tristis?
704 1810 804 1863 quid-

146 1882 191 1908 ue
211 1883 245 1909 es
266 1872 397 1909 alacris
407 1868 450 1923 ?']
481 1867 730 1908 I’rouerbiale
743 1865 808 1915 est,

148 1928 189 1966 in
228 1924 433 1965 hominem
475 1923 739 1977 perturbatum
771 1933 809 1962 et

150 1983 288 2021 incerti
315 1983 450 2021 vultus.
506 1985 584 2021 Aut
610 1981 731 2019 laetus
757 1991 807 2017 ες.

149 2041 250 2078 Nam
272 2038 420 2086 alacris,
439 2041 469 2077 L
485 2037 595 2075 litera
615 2038 730 2088 proD
742 2048 812 2087 po-

150 2093 236 2140 sita,
267 2108 349 2133 non
381 2093 510 2142 tristis,
539 2092 578 2132 id
603 2092 656 2131 est
673 2089 811 2138 ἄδακρυς

151 2150 391 2204 intelligitur.
420 2149 571 2205 Qtidue
589 2162 624 2187 es
632 2148 765 2187 alacris
777 2147 810 2201 ἲ]

153 2209 202 2247 Et
226 2206 344 2246 alacer
370 2216 410 2246 et
427 2208 560 2245 alacris
582 2204 740 2243 dicitur:
770 2213 812 2242 vt

156 2261 274 2300 habes
287 2263 387 2314 apud
399 2263 506 2315 Virg.
519 2264 638 2313 (Aen.
651 2274 688 2308 v,
701 2260 810 2312 380.)

154 2318 257 2372 Ergo
279 2320 424 2364 alacris,
447 2317 654 2369 cunc‘ttfijue
673 2327 812 2368 putans

155 2374 323 2413 excedere
346 2386 480 2428 pugna.
539 2372 689 2427 ,Qudne
716 2385 751 2410 es
775 2386 813 2410 a·

155 2429 320 2483 lucris?]
350 2432 537 2469 Alacrizas
565 2429 620 2468 est
650 2428 813 2467 mutatio

153 2485 343 2535 quaedam
380 2487 502 2525 vultus
532 2486 730 2538 gestientis
769 2485 812 2523 in

156 2540 260 2592 spem
284 2542 458 2592 aliquam.
515 2545 565 2582 D.

1450 783 1512 830 15

854 928 940 954 cum
961 914 1131 965 quodam
1159 910 1302 965 gaudio
1324 910 1431 951 idem
1451 913 1519 950 tri-

844 971 923 1023 stis.
985 973 1084 1010 Nam
1105 982 1155 1008 ex
1175 968 1251 1007 hoc
1277 968 1380 1019 quod
1411 965 1519 1006 vidiss

852 1025 890 1066 se
910 1024 946 1065 se
966 1024 1166 1077 pulchram
1197 1024 1390 1076 virginem
1410 1024 1515 1071 dicit,

854 1082 1021 1135 quadam
1044 1082 1185 1120 laetitia
1206 1080 1419 1119 contradus
1442 1080 1520 1126 est;

854 1138 958 1191 quod
988 1137 1157 1177 eandem
1187 1147 1317 1176 tamen
1348 1149 1398 1175 ex
1416 1134 1522 1187 aspe-

854 1197 914 1234 clu
934 1193 1111 1247 perdidit,
1132 1193 1243 1232 tristis
1262 1204 1313 1231 es.
1338 1202 1377 1231 vt
1396 1192 1520 1231 debes

854 1264 936 1291 non
963 1248 1083 1288 solum
1103 1251 1143 1288 in
1163 1248 1252 1296 fine,
1277 1261 1411 1288 verum
1429 1249 1519 1287 etin

854 1306 1049 1359 principio
1072 1303 1295 1357 fignificare.
1354 1309 1397 1345 E.

909 1361 1058 1416 deue
1088 1374 1123 1398 es
1152 1360 1344 1414 alacris?]
1376 1356 1520 1401 Charis.

857 1418 922 1458 lib.
950 1430 983 1458 1.
1013 1414 1189 1455 Priscian.
1210 1415 1273 1454 lib.
1295 1429 1365 1455 111.
1423 1421 1464 1457 L.

918 1487 963 1525 13
999 1473 1103 1510 Vnde
1122 1475 1152 1510 is
1164 1470 1199 1525 ?]
1231 1471 1355 1510 Modo
1372 1472 1524 1524 adquid

856 1532 957 1569 venis
979 1527 1185 1581 fignificat:
1218 1525 1281 1565 sed
1301 1541 1352 1574 ev,
1373 1527 1522 1566 deloco

858 1586 905 1624 ad
952 1585 1082 1623 locum
1125 1593 1275 1621 veteres
1313 1582 1522 1622 dicebant:

859 1640 965 1693 quod
990 1652 1081 1678 mox
1108 1638 1150 1678 in
1178 1636 1354 1678 subieffis
1385 1639 1524 1691 proba—

857 1697 974 1737 bitur.
1032 1694 1223 1751 Qorfitm
1259 1694 1356 1748 eam]
1397 1699 1524 1735 Bene:

859 1753 949 1805 quia
968 1754 1145 1803 proxime
1162 1750 1322 1798 dixerat,
1344 1749 1525 1803 vbiquae-

860 1817 967 1849 ram?
999 1810 1063 1847 vbi
1081 1805 1314 1861 inuestigem?
1333 1819 1436 1859 quem
1442 1819 1526 1859 per·

861 1865 1018 1908 center?
1058 1876 1169 1916 quam
1205 1860 1360 1914 infistam
1394 1865 1524 1902 viam?

861 1925 1022 1961 incertus
1049 1920 1152 1970 sum.
1205 1918 1394 1972 Quor-'sitm
1427 1920 1524 1974 eam]

861 1980 977 2027 Hinc,
1010 1986 1050 2015 vt
1069 1976 1246 2022 diximus,
1279 1973 1525 2015 manifestum

862 2033 934 2082 est,
972 2037 1027 2073 ire
1064 2042 1105 2071 et
1134 2031 1346 2071 aduentum
1383 2030 1527 2084 fignifi-

863 2103 964 2130 care.
1020 2091 1069 2128 D.
1520 2098 1521 2101 ¹

935 2145 1038 2186 Vnde
1074 2143 1159 2198 is?]
1189 2142 1307 2185 Vnde
1335 2141 1528 2184 aduenis?

912 2261 984 2298 Pro
1007 2254 1151 2295 hercule
1177 2255 1269 2308 lege
1291 2255 1432 2305 hercle,
1464 2268 1528 2295 eu-

862 2315 921 2354 ius
945 2313 1078 2352 vltima
1098 2312 1315 2362 corripitur.
1372 2315 1414 2352 B.

923 2382 974 2422 14
1005 2370 1065 2408 Ita
1090 2367 1263 2422 prmficm
1289 2366 1424 2407 oblitus
1436 2367 1527 2418 fiam

864 2427 952 2481 mei]
984 2426 1083 2467 Huic
1096 2423 1340 2473 contrarium,
1362 2425 1448 2463 dum
1458 2439 1532 2462 mee

856 2487 946 2521 ‘mor
962 2481 1035 2534 ipfi’
1065 2482 1137 2519 mei
1154 2482 1281 2533 (Aen.
1301 2493 1370 2541 JV,
1400 2483 1531 2533 336).

863 2542 969 2592 Ergo
989 2538 1125 2578 oblitus
1145 2539 1226 2581 mei,
1246 2536 1413 2576 insanus.
1466 2538 1529 2575 lm

209 2598 317 2655 Qcid
345 2611 386 2638 tu
405 2612 437 2639 es
455 2596 632 2654 trtstis‘3]
658 2596 815 2641 Dicitur
859 2594 1035 2650 prorfhm
1046 2593 1135 2646 sum
1147 2590 1281 2635 oblitus
1291 2593 1381 2648 mei]
1411 2593 1530 2632 Pror-

1423 2647 1525 2699 sum,
