1815 3168
296 174 386 221 282
691 164 850 214 ACT.
901 163 933 214 I.
976 163 1168 211 SCEN.
1204 165 1254 210 11.

425 293 529 345 ΡΗ.
567 294 691 346 Sane,
716 293 932 357 quiavero
957 289 1038 338 hae
1051 291 1159 338 mihi
1172 301 1326 356 patent
1338 291 1505 358 semper
1518 293 1659 341 fores:

324 391 385 423 ιο
421 374 515 418 Aut
537 371 639 433 quia
668 369 760 416 sum
790 367 910 433 apud
937 377 981 415 te
1015 369 1201 432 primus.
1240 364 1358 416 ΤΗ.
1396 366 1517 416 missa
1535 360 1660 416 istaec

521 444 627 493 face.

422 518 522 571 ΡΗ.
563 519 700 574 Quid,
721 515 873 568 missa?
909 535 938 566 o
963 516 1130 572 Thais.
1165 517 1332 574 Thais,
1366 522 1532 568 vtinam
1558 517 1670 568 essee-

523 596 634 644 mihi

285 816 529 867 accusationi,
548 829 625 858 nec
635 814 881 857 satisfaffioni
891 816 947 856 lo-

285 889 374 915 cum
395 871 590 927 reliquiffe
609 873 862 921 meretricem,
876 873 949 912 cal·

286 932 369 972 lide
388 931 615 971 diffimulata
635 929 787 967 iniuria.
844 928 948 982 Quid

283 988 432 1042 taces?]
472 989 520 1026 Et
547 984 622 1024 hoc
650 983 809 1032 callide,
844 982 949 1034 quafi

282 1046 478 1083 innocens
489 1053 542 1080 ne
560 1037 947 1091 suspiceturquidem,

284 1099 381 1151 quid
399 1097 519 1150 (quod
528 1093 599 1138 ΜΓ.
608 1094 777 1148 Boend.)
795 1091 948 1134 succen-

285 1154 364 1194 seat
382 1149 619 1193 adolescens.
673 1152 724 1190 D.

339 1223 366 1264 9
409 1209 504 1249 Sane
542 1208 631 1261 quia
667 1219 758 1246 vero
785 1204 945 1259 fimper,

282 1265 384 1322 dyc]
424 1263 543 1305 Tolle
569 1261 663 1314 fizne
691 1272 732 1302 et
757 1274 868 1310 vero,
910 1270 952 1299 et

280 1319 576 1377 pronunciandi
610 1319 840 1358 adiumenta
871 1316 950 1356 vul-

280 1390 445 1430 tumque
471 1375 658 1416 dicentis:
689 1384 732 1413 et
756 1375 798 1413 in
817 1372 947 1412 verbis

282 1449 367 1476 non
384 1433 558 1486 negatio,
576 1428 642 1470 sed
661 1428 845 1469 confeffio
867 1426 946 1468 effe

281 1491 459 1532 credatur
477 1491 646 1540 (Locum
675 1484 848 1525 scabrum
868 1497 944 1536 ope

279 1545 355 1592 Ms.
372 1548 421 1586 H.
439 1555 479 1584 et
499 1542 589 1584 edd.
610 1552 701 1584 vett.
722 1542 776 1581 ita
797 1541 943 1582 restitu-

281 1603 431 1646 endum
467 1611 585 1653 puto:
637 1596 740 1638 Tolle
781 1609 941 1639 sANE.

279 1661 335 1702 Et
364 1673 394 1700 v
404 1671 433 1698 E
443 1669 471 1698 R
482 1671 510 1699 o
536 1656 587 1695 ad
590 1654 869 1708 pronunciandi
879 1654 943 1693 ad-

279 1721 502 1761 iumentum,
540 1712 752 1764 vultumque
793 1710 946 1750 dicentis

282 1773 430 1814 matum
465 1768 538 1820 esl:
575 1781 618 1808 vt
657 1770 697 1806 in
721 1766 842 1807 verbis
870 1780 947 1806 non

279 1829 445 1885 negatio,
463 1824 535 1876 fid
551 1821 720 1877 confiffio
740 1823 803 1874 effe
821 1823 944 1862 creda-

281 1887 382 1937 tur).
440 1882 543 1923 Nam
561 1894 660 1926 vero,
680 1880 834 1919 ironiae
851 1892 942 1918 con·

279 1942 402 1982 uenit.
428 1949 467 1978 vt
482 1936 621 1989 Virgil.
642 1937 760 1987 (Aen,
776 1948 832 1981 lv,
853 1935 941 1986 93.)

279 1997 484 2053 Egregium
510 2006 598 2031 vero
626 1989 769 2031 laudem
796 2001 834 2030 et
848 1989 938 2043 spo·

278 2056 331 2095 lia
351 2050 470 2104 ampla
488 2047 651 2099 refirtis.
712 2049 762 2087 D.

333 2108 429 2149 Sane
443 2107 531 2160 quia
549 2103 634 2157 bae]
665 2100 866 2144 Accusatio
877 2101 941 2142 hic

277 2164 390 2209 sumit
419 2160 646 2206 exordium3
686 2159 792 2210 quod
823 2171 942 2210 quan-

277 2235 318 2262 to
345 2220 464 2274 (forte
492 2229 627 2272 magno
656 2213 721 2266 Z.)
751 2225 939 2269 tempera·

276 2287 414 2319 mento
441 2274 586 2314 dietum
611 2270 682 2312 est:
714 2271 822 2323 quod
855 2283 938 2310 non

276 2333 431 2386 semper
465 2329 570 2370 sores
599 2327 815 2367 meretricis
839 2340 939 2367 ama·

276 2391 350 2431 tori
371 2395 553 2442 pateant:
585 2383 690 2436 quod
710 2383 842 2423 riualis
867 2382 938 2422 fibi

277 2454 553 2500 praeponatur.
607 2442 693 2480 Hoc
731 2440 837 2480 enim
881 2439 938 2479 di-

274 2505 354 2543 xit:
381 2502 468 2554 quia
488 2498 577 2549 fiam
603 2496 702 2548 apud
725 2508 761 2549 te
779 2497 933 2548 primus.

274 2562 324 2601 Et
355 2569 445 2596 curn
472 2553 657 2594 meretrix
687 2551 936 2591 dissimularet

274 2625 403 2655 totum
434 2611 647 2661 impetum,
692 2605 816 2646 rursus
844 2607 938 2647 ado-

276 2668 422 2715 lescens
434 2661 860 2717 accusationeseffudit.
888 2665 935 2710 E.

1540 674 1657 737 Pars

1055 827 1108 859 10
1142 816 1220 857 Aut
1254 816 1342 869 quia
1365 813 1455 866 fiam
1488 815 1590 868 apud
1621 828 1660 854 te

993 872 1152 927 primus]
1182 874 1271 912 Duo
1300 871 1396 910 dixit
1424 885 1523 923 quae
1551 871 1669 921 dole-¹

997 938 1056 970 at:
1096 939 1136 968 et
1161 928 1250 979 quia
1280 925 1426 968 clausae
1455 926 1578 976 f01·eS‚
1616 936 1658 966 et

999 985 1091 1034 quia
1120 983 1308 1036 posterior
1326 983 1510 1032 habetur,
1540 995 1658 1035 prae·

997 1039 1075 1078 lato
1104 1040 1239 1079 milite.
1295 1041 1375 1079 Aut
1402 1042 1486 1093 quia
1500 1038 1589 1089 fitm
1617 1052 1657 1077 a·

991 1095 1077 1146 pud
1117 1108 1152 1134 te
1184 1095 1361 1149 primus]
1406 1095 1653 1141 Subauditur,

996 1149 1090 1189 Non
1115 1151 1212 1190 νει-’ἔα
1243 1153 1414 1192 introiui.
1471 1150 1587 1203 Mgffil
1623 1153 1657 1189 i-

986 1204 1086 1256 staec
1095 1205 1205 1259 fizce]
1234 1206 1321 1247 Alia
1337 1205 1596 1255 dissimulatio,
1614 1215 1657 1246 et

999 1261 1134 1301 durior
1143 1260 1226 1312 post
1235 1261 1565 1302 admonitionem:
1575 1261 1656 1303 Sed

998 1316 1106 1357 bene
1124 1317 1327 1370 intelligit,
1353 1318 1420 1368 qui
1443 1316 1519 1357 hoc
1535 1332 1557 1357 a
1574 1330 1657 1358 me-

997 1374 1137 1413 retrice
1153 1372 1309 1413 ridente
1330 1374 1513 1420 molliter,
1544 1385 1584 1413 et
1602 1372 1672 1414 os?

994 1430 1126 1469 culum
1168 1431 1397 1484 poi-figente
1442 1429 1519 1470 dici
1555 1429 1657 1470 acci-

993 1487 1062 1539 pit.
1118 1487 1170 1527 D.

1052 1553 1102 1585 11
1139 1542 1250 1600 Qid
1288 1538 1448 1598 miffit’]
1498 1543 1654 1596 Magna

991 1598 1110 1638 virtus
1119 1601 1260 1639 Poetae
1276 1598 1340 1646 est,
1352 1612 1432 1638 non
1443 1596 1656 1639 sententias

993 1652 1121 1694 solum
1147 1654 1200 1694 de
1228 1653 1509 1694 consuetudine
1535 1667 1579 1694 ac
1599 1655 1654 1696 de

994 1710 1128 1750 medio
1148 1711 1295 1759 tollere,
1313 1722 1353 1750 et
1369 1723 1519 1764 ponere
1537 1712 1580 1756 in
1591 1723 1653 1750 co—

992 1766 1172 1807 moedia:
1211 1781 1345 1807 verum
1385 1768 1503 1806 etiam
1532 1766 1652 1808 verba

995 1822 1188 1875 quaedam
1218 1823 1484 1863 ex·communi
1511 1822 1652 1862 sermo·

992 1892 1067 1927 ne3
1095 1879 1211 1930 quale
1238 1878 1292 1918 est
1321 1879 1428 1930 quod
1456 1880 1510 1918 ait
1527 1891 1652 1929 nunc,

989 1935 1100 1991 Qid
1120 1933 1247 1986 miffi'ae?
1303 1937 1351 1974 D.

1047 1990 1080 2028 Ο
1096 1989 1221 2036 Thais,
1249 1988 1381 2043 Thais]
1404 1991 1560 2030 Iteratio
1581 2004 1650 2030 no·

989 2046 1107 2085 minis
1133 2042 1342 2084 accusantis
1377 2046 1544 2085 ostendit
1576 2048 1649 2086 ira-

991 2101 1186 2141 cundiam.
1250 2102 1399 2141 Vtinam
1425 2102 1505 2154 effit
1534 2102 1650 2158 miln]

988 2156 1129 2200 Sensus
1156 2156 1220 2196 hic
1243 2157 1317 2198 est:
1349 2159 1508 2198 Vtinam
1533 2168 1572 2197 et
1604 2169 1648 2198 tu

987 2214 1164 2253 amatoris
1176 2224 1216 2252 et
1223 2224 1371 2265 partem
1380 2227 1534 2254 mecum
1544 2227 1650 2254 amo-

987 2271 1039 2309 ris
1058 2265 1261 2310 habuisses.
1305 2271 1345 2310 Si
1364 2270 1471 2310 enim
1489 2269 1566 2310 hoc
1586 2270 1650 2311 su·

986 2323 1080 2375 iffet‚
1101 2322 1225 2378 poffet
1249 2327 1502 2380 contingere,
1535 2337 1576 2369 vt
1601 2327 1646 2368 in

985 2381 1058 2421 hac
1082 2381 1224 2421 iniuria
1245 2393 1310 2421 aut
1327 2381 1395 2421 tibi
1413 2382 1575 2431 doleret,
1602 2391 1646 2423 vt

985 2437 1078 2478 mihi
1105 2437 1230 2477 dolet:
1258 2448 1325 2476 aut
1351 2437 1447 2477 mihi
1474 2452 1556 2478 non
1577 2438 1646 2479 do·

983 2495 1100 2542 leret,
1129 2504 1167 2532 vt
1192 2492 1262 2533 tibi
1282 2508 1364 2533 non
1385 2493 1501 2536 dolet.
1556 2496 1644 2536 Hoc

983 2550 1092 2590 enim
1122 2548 1236 2590 dixit:
1275 2551 1356 2606 Ego
1390 2550 1476 2602 istuc
1508 2550 1576 2592 abs
1604 2564 1644 2591 te

975 2605 1141 2659 facium]
1169 2607 1256 2645 Hoc
1278 2607 1341 2656 est,
1368 2605 1511 2650 faeum
1529 2619 1640 2651 tuum

985 2671 1292 2707 contemnerem.
1346 2664 1387 2704 E.

1811 2363 1815 2371 .
1808 2160 1815 2347 ..„,.....—.4.....
1814 2143 1815 2148 Α
1812 2073 1815 2131 ,Α-Δ-
1812 2029 1815 2046 Α..
1813 2000 1815 2007 i
1814 1935 1815 1942 i
1812 1903 1815 1918 .-
