1815 3168
749 96 911 145 ACT.
943 96 974 145 1.
1017 95 1211 141 SCEN.
1247 95 1303 141 V.

490 215 798 270 ACTVS
854 218 1105 268 PRlMl
1157 218 1456 271 SCENA
1510 219 1576 271 V.

728 326 1097 367 PAMPfflLVS.
1152 326 1348 366 MYS1s.

355 500 490 615 Ho
511 523 537 551 c
557 523 582 551 c
603 522 621 549 1
645 521 677 548 N
700 508 765 548 E’s
788 520 820 546 τ
878 502 1124 548 humanum
1155 497 1321 550 fastum
1358 514 1432 550 aut
1461 505 1722 571 inceptum?

593 575 826 626 hoccine'st
847 575 1042 626 officium
1068 578 1236 644 patris?

420 860 440 890 1
471 846 635 887 Hoccine
661 845 725 901 est]
759 846 834 888 Hic
863 846 1014 886 induci-

361 916 422 945 tur
448 901 703 943 adolescentis
739 904 890 942 animus
919 905 1016 941 circa

363 961 535 1010 nuptias:
586 970 625 999 vt
660 972 710 998 ex
747 958 1018 1012 magnitudine

362 1018 445 1056 eius
481 1016 621 1069 ingens
652 1016 840 1069 gaudium
868 1028 1020 1067 compa-

360 1083 465 1112 retur
486 1072 528 1111 in
557 1070 637 1110 fine
661 1071 833 1120 fabulae,
863 1073 1020 1124 cognita

360 1128 541 1181 Glycerio
553 1140 563 1173 ;
584 1138 622 1166 et
641 1126 748 1167 limul
765 1127 806 1167 id
825 1129 958 1180 agitur,
981 1137 1020 1166 vt

362 1185 487 1236 magis
505 1181 704 1237 magisque
732 1196 803 1236 per
829 1183 1020 1237 Myfidem

361 1239 578 1291 Pamphilus
624 1240 810 1279 excitetur
845 1239 894 1278 ad
937 1238 1021 1279 reli-

363 1296 545 1336 stendum
563 1295 662 1346 patri
678 1296 828 1345 nuptias
846 1293 1021 1333 indicen-

368 1353 408 1390 ti.
467 1352 629 1390 Hoccine
652 1348 714 1400 est]
745 1349 806 1390 Ab
824 1349 1022 1388 iracundia

365 1418 405 1446 et
443 1404 576 1444 dolore
615 1406 757 1456 coepit.
818 1406 1022 1444 Iracundia

365 1460 567 1502 descendit
583 1473 633 1500 ex
653 1461 810 1501 iniuria:
843 1460 952 1501 dolor
972 1474 1023 1500 ex

365 1516 529 1559 miseria.
572 1517 738 1557 Hoccine
757 1516 805 1568 est
826 1517 1023 1557 humanum

357 1576 527 1627 judium]
562 1572 678 1624 Quafi
701 1572 929 1614 deliberatio
949 1572 1022 1612 est:

366 1633 409 1670 in
443 1643 520 1681 qua
544 1628 646 1668 duae
667 1639 792 1679 partes
818 1627 922 1668 sunt:
950 1643 1024 1668 vna

366 1685 633 1739 patris,'altera
658 1686 823 1732 amicae,
855 1698 925 1737 pro
946 1682 1024 1724 sua-

366 1741 450 1782 sore
469 1740 585 1794 Mysis
606 1739 669 1779 est.
723 1741 957 1792 Principium
977 1739 1023 1779 ab

367 1798 610 1838 inuefflone:
644 1796 687 1834 in
722 1810 797 1848 qua
831 1798 956 1849 primo
985 1806 1024 1835 vt

366 1854 572 1894 hominem
606 1850 770 1902 accusat,
810 1852 1026 1894 deinde'vt

367 1921 528 1963 patrem.
585 1911 744 1948 Hoccine
761 1907 822 1960 est]
866 1911 956 1959 Hoc
973 1907 1026 1948 est
1053 1908 1059 1913 ’

369 1966 529 2005 dilatare
551 1966 773 2012 orationem,
803 1976 854 2004 ne
878 1964 1027 2003 diceret

369 2020 477 2072 quod.
511 2019 626 2066 fecit3
642 2027 643 2030 ’
676 2031 714 2059 et
758 2020 812 2059 est
849 2017 1027 2073 peruersa

370 2077 522 2125 ἐέυξησις,
571 2091 592 2115 a
630 2076 836 2115 maioribus
872 2074 1027 2116 descen-

370 2134 466 2173 dens
485 2132 533 2171 ad
553 2133 714 2179 minora,
739 2147 808 2184 per
825 2132 1029 2184 amplifica-

369 2191 519 2228 tionem
562 2186 821 2230 accusationis.
879 2190 1028 2229 Factum

374 2260 443 2284 aut
458 2248 656 2297 inceptum]
685 2248 729 2285 In
739 2245 833 2293 aliis,
840 2246 954 2297 fac‘lu
965 2258 1029 2284 aut

372 2305 530 2353 inceptu,
550 2299 633 2339 suit.
688 2303 853 2340 Hoccine
880 2301 926 2354 est
951 2301 1028 2354 offi'-

372 2356 483 2404 cium]
503 2357 673 2409 Offi'cium
685 2356 731 2395 ab
744 2357 965 2405 efficiendo,
978 2357 1025 2396 ab

372 2428 421 2453 eo
434 2414 537 2464 quod
549 2414 754 2463 quaeritur,
768 2414 860 2464 quid
873 2414 1028 2454 efficere

371 2473 415 2511 in
427 2482 474 2509 eo
486 2482 799 2520 vnumquemque
809 2471 1028 2519 conueniat,

371 2540 442 2579 pro
454 2524 682 2565 conditione
698 2522 896 2576 personae.
923 2529 974 2568 D.

429 2583 594 2624 Hoccine
612 2580 658 2633 cst
677 2581 874 2622 humanum
880 2581 1030 2634 fiic'lum

1602 699 1721 750 ΜΥ.

1063 859 1130 887 aut
1147 849 1342 902 inceptum]
1374 849 1483 888 Haec
1499 842 1610 886 scena
1628 844 1723 884 deli-

1064 904 1310 944 berationem
1337 903 1474 951 habet,
1511 914 1611 953 quae
1641 902 1722 940 talis

1067 959 1131 999 est.
1188 957 1420 1001 Adolescens
1455 971 1608 1004 amans,
1653 956 1722 1008 qui

1067 1016 1235 1072 promisit
1252 1014 1290 1055 se
1309 1029 1395 1055 eam
1412 1015 1611 1054 ducturum
1636 1026 1728 1053 vxo-

1068 1086 1171 1121 rem,
1211 1088 1232 1112 a
1260 1083 1370 1123 patre
1398 1071 1548 1123 cogitur
1568 1080 1607 1108 vt
1631 1069 1725 1109 alte-

1068 1142 1148 1167 ram
1176 1128 1308 1167 ducat:
1337 1128 1524 1168 deliberat
1552 1126 1644 1178 quid
1671 1124 1725 1164 fa-

1070 1185 1154 1223 ciat.
1212 1185 1287 1224 Hic
1308 1185 1431 1222 omnis
1450 1181 1727 1222 deliberati-dae

1069 1252 1194 1292 partes
1214 1237 1312 1289 sunt,
1331 1251 1368 1280 et
1386 1237 1533 1291 abipso,
1557 1237 1727 1290 quideli-

1069 1296 1194 1342 berat,
1237 1306 1522 1346 percurruntur.
1577 1296 1727 1334 Verum

1072 1352 1256 1402 quoniam
1268 1351 1412 1402 optima
1423 1349 1650 1388 deliberatio
1660 1348 1725 1397 est,

1071 1407 1130 1446 cui
1147 1407 1244 1445 alius
1264 1403 1459 1458 persuasor
1476 1405 1642 1445 accedit:
1672 1404 1726 1444 id-

1072 1464 1172 1502 circo
1190 1462 1309 1516 Mylis
1325 1463 1463 1501 ancilla
1482 1459 1727 1513 praesensin-

1070 1520 1247 1568 uenstur,
1275 1529 1313 1558 vt
1339 1519 1420 1557 eius
1448 1516 1597 1569 aspectu
1615 1517 1728 1557 facile

1071 1576 1116 1614 in
1143 1588 1258 1614 vnam
1279 1584 1429 1626 partem
1452 1576 1641 1613 memoria
1662 1573 1731 1613 do-

1071 1631 1204 1669 minae
1223 1631 1319 1678 eius,
1342 1640 1382 1669 et
1402 1628 1455 1668 sui
1475 1631 1626 1680 amoris,
1646 1628 1727 1681 pos-

1072 1686 1114 1725 {it
1131 1685 1358 1725 incumbere
1368 1699 1379 1733 3
1410 1686 1556 1737 quippe
1568 1699 1653 1725 cum
1664 1685 1729 1724 hic

1074 1756 1122 1782 ex
1156 1756 1228 1781 vna
1254 1752 1362 1792 parte
1390 1740 1498 1792 pater
1525 1740 1587 1791 fit,
1623 1743 1727 1780 cuius

1071 1797 1279 1849 imperium
1299 1796 1398 1835 filius
1409 1796 1527 1836 debet
1542 1798 1728 1850 implere:

1074 1867 1123 1893 ex
1143 1854 1215 1897 alia
1233 1864 1343 1904 parte
1357 1866 1474 1901 amor,
1498 1854 1728 1905 quivinculo

1073 1908 1129 1950 sui
1147 1910 1320 1949 animum
1340 1907 1591 1949 adolescentis
1603 1909 1731 1950 astrin-

1076 1967 1143 2020 git.
1195 1966 1422 2016 Saepiffime
1455 1977 1581 2005 autem
1619 1979 1729 2006 exor-

1076 2022 1181 2061 dium
1206 2019 1252 2059 ab
1279 2020 1555 2075 indignatione
1581 2023 1730 2074 incipit.

1075 2077 1458 2118 Hoccine'hzmmnum
1482 2079 1629 2131 fiu‘i‘um
1662 2091 1730 2118 aut

1076 2132 1274 2186 inceptum]
1335 2136 1463 2184 Quam
1493 2134 1732 2188 indignatio-

1077 2204 1172 2229 nem
1217 2191 1269 2228 ita
1316 2189 1459 2236 dimit,
1505 2200 1545 2230 vt
1586 2189 1732 2230 accusa·

1077 2256 1137 2285 ret
1171 2246 1298 2297 primo
1337 2245 1534 2294 homines,
1582 2247 1732 2287 deinde

1077 2313 1235 2355 patrem.
1252 2301 1399 2341 ‘Postea
1414 2303 1542 2355 iungit
1564 2301 1732 2354 propost-

1077 2360 1225 2398 tionem
1249 2355 1368 2408 ipsam
1387 2358 1563 2398 iniuriae.
1618 2355 1661 2399 E}

1135 2413 1198 2453 Ob
1227 2413 1434 2452 lectionem
1461 2430 1483 2453 a
1501 2417 1656 2454 Donato
1676 2414 1731 2453 in-

1080 2469 1252 2517 dicatam,
1276 2471 1333 2522 {et
1350 2467 1475 2509 sensus
1497 2462 1737 2524 elegantiam¹

1079 2527 1189 2578 lege,
1229 2526 1368 2565 Hocine
1399 2525 1446 2577 est
1466 2525 1577 2580 fizc'tu
1596 2525 1732 2567 huma-

1078 2595 1164 2622 num
1182 2594 1247 2622 aut
1262 2584 1440 2636 inceptu?
1492 2585 1534 2623 Β.
