1815 3168
623 173 917 229 ANDRIA.

1347 198 1437 242 207

119 329 178 376 ις
211 316 335 366 Quae
357 309 471 355 illius
495 309 686 361 fuerunt,
711 307 907 373 possidet.
929 324 1048 353 nunc
1071 323 1141 354 me
1162 307 1379 372 hospitem

206 388 323 432 Lites
345 385 475 447 sequi,
498 401 628 447 quam
651 385 721 431 hic
741 385 850 430 mihi
873 382 923 430 fit
947 382 1068 430 facile
1101 393 1229 446 atque
1250 386 1367 437 vtile,

211 461 414 506 Aliorum
437 460 632 523 exempla
655 471 955 507 commonent.
975 457 1099 504 fimul
1121 458 1323 512 arbitror,

207 540 226 581 I
232 552 300 581 am
324 535 513 598 aliquem
532 532 614 582 effe
636 537 822 581 amicum
837 548 878 581 et
891 534 1161 581 defensorem
1173 537 1224 579 ei.
1236 552 1335 581 nam
1350 534 1441 582 fere

210 610 521 657 Grandiuscula
541 613 625 656 iarn
644 604 891 674 profefihi’st
911 610 1046 656 illinc.
1071 610 1306 663 clamitent,

114 705 174 736 20
203 689 281 732 Me
304 685 614 750 sycophantam
634 685 894 733 hereditates
915 685 1130 749 persequi,

75 836 140 876 dat
158 835 416 876 hereditatem
443 848 596 889 petere,
627 836 730 875 adie-

74 893 137 939 cit,
163 892 267 944 quod
287 892 510 943 haecsbror
520 906 556 932 et
573 893 670 932 dista
682 891 730 942 est

75 963 110 988 et
137 948 288 987 habita:
320 948 424 988 vnde
450 949 533 989 iure
558 950 599 987 in
620 948 731 987 here-

72 1004 191 1044 ditate
210 1004 382 1057 Clu-yfidi
400 1003 630 1045 succederet.
661 1008 703 1044 E.

127 1061 243 1100 Dic‘Ja
264 1061 312 1112 est.
334 1065 408 1099 eius
436 1061 539 1116 haec]
570 1062 731 1100 Variant

73 1116 139 1157 hie
168 1115 292 1169 scripti
323 1117 496 1160 codices:
528 1119 606 1156 eius
633 1117 732 1157 diaa

74 1174 137 1225 aste
164 1172 262 1212 haec.
300 1169 366 1212 sed
393 1175 529 1212 melius
557 1173 661 1225 quod
688 1174 731 1211 in

73 1227 144 1270 Ms.
163 1233 205 1270 R.
242 1230 388 1281 Semper
417 1232 512 1269 enim
539 1231 638 1270 dida
657 1234 732 1270 eius

75 1284 172 1333 haec,
191 1296 300 1338 atque
309 1284 436 1325 habita
448 1285 630 1337 estsbror.
660 1289 702 1326 L.

127 1342 333 1379 Vaticanus
351 1352 390 1379 et
409 1341 635 1381 Bafilicanus
661 1341 732 1379 fic:

75 1395 229 1448 Semper
245 1399 338 1435 enim
357 1397 455 1436 die‘t'a
483 1396 531 1447 est
547 1398 610 1449 effe
636 1397 732 1445 haec,

75 1465 186 1504 atque
221 1450 347 1491 habita
372 1452 420 1503 est
446 1447 573 1506 soeor.
632 1453 750 1496 Reli-y

74 1509 142 1559 qui
191 1519 328 1546 omnes
372 1509 511 1549 Faerni
532 1540 544 1558 ‚
589 1508 733 1562 Semper

75 1576 106 1604 E
124 1579 136 1602 1
152 1576 209 1603 vs
233 1574 307 1603 etc.
363 1567 484 1618 Lege,
520 1564 666 1617 Semper
683 1577 732 1604 EI

74 1620 173 1660 dian
182 1619 303 1671 estcffi
319 1620 404 1659 haec
413 1635 522 1673 atque
534 1621 607 1661 &a
639 1622 732 1660 Sen-

74 1673 135 1714 sus
166 1674 221 1713 est
245 1677 400 1728 grauior
432 1690 502 1728 per
538 1674 730 1729 asyndeta‚

73 1729 221 1769 sublato
243 1733 348 1771 enim.
379 1730 426 1772 cf.
447 1735 664 1781 Herium-11,
693 1745 729 1784 3,

73 1798 141 1839 29.
198 1789 240 1826 B.

135 1854 183 1895 15
225 1842 338 1881 Nunc
365 1857 420 1882 me
447 1842 620 1895 hospitem
651 1843 731 1884 lites

61 1898 191 1951 sequi]
222 1899 325 1937 Mire
355 1899 447 1938 dicit
463 1913 538 1946 me,
568 1900 686 1952 (lege
707 1913 730 1939 e

72 1951 143 1994 Ms.
162 1953 284 1993 Hulst.
313 1957 364 1994 Et
390 1967 460 1994 ΜΕ
490 1969 524 1994 et
554 1969 728 1996 HOSPJ-

73 2022 190 2049 ’.ι-ΕΜ
237 2022 273 2048 et
323 2023 487 2050 LlTEs
545 2025 731 2062 SEQV1‚

72 2068 162 2105 mire
177 2066 271 2104 dicit
288 2079 326 2105 et
348 2080 425 2105 cam
454 2072 604 2112 ἐμφάσει.
644 2081 729 2114 ΜΕ,

71 2121 116 2162 id
132 2120 187 2173 est,
198 2122 323 2172 finem
344 2135 379 2161 et
397 2137 579 2162 remotum
608 2139 629 2162 a
658 2124 732 2162 liti-

71 2175 167 2229 bus),
190 2191 275 2217 curn
299 2180 452 2231 ἐμφάσει,
473 2179 513 2218 id
529 2180 580 2220 est
598 2179 730 2219 senem

71 2244 113 2273 et
130 2244 322 2274 remotum
351 2234 533 2274 alitibus.
595 2237 731 2287 Hospi-

73 2303 154 2338 tem,
177 2289 216 2328 id
241 2290 304 2338 est,
325 2293 581 2343 peregrinum.
628 2293 731 2331 Lites

62 2344 183 2396 sequi,
216 2346 254 2385 id
274 2346 337 2395 est,
359 2360 578 2398 pauperem.
609 2359 729 2386 totum

72 2414 144 2451 Pffl'
172 2399 311 2446 ἔμφασιν
336 2403 486 2455 (Verba
519 2406 600 2443 lites
619 2405 732 2457 sequi

1305 759 1442 802 Men-

833 836 954 876 Facile
972 848 1076 888 atque
1097 835 1202 889 vtile]
1231 837 1304 876 Hic
1333 850 1370 877 et
1390 854 1440 877 an

779 891 863 932 fieri
881 892 991 944 possit
1011 891 1208 939 afflabat,
1239 904 1278 931 et
1305 908 1354 933 an
1377 908 1442 934 ex-

779 949 930 1000 pediat:
961 948 1064 998 quod
1092 948 1224 998 vtique
1251 949 1441 990 delibera-

781 1006 887 1043 tiuae
907 1018 929 1042 e
949 1003 1118 1055 parribus
1138 1005 1287 1058 dicitur.
1341 1010 1382 1046 E.

833 1058 904 1101 Pro
917 1060 975 1099 hic
996 1061 1086 1112 lego
1099 1060 1150 1106 id,
1162 1059 1211 1098 ob
1221 1059 1341 1101 fidem
1353 1076 1441 1114 qua-

781 1127 868 1155 tuor
888 1116 999 1155 codd.
1029 1117 1297 1167 antiquorum,
1331 1130 1370 1158 et
1390 1119 1441 1157 ob

779 1171 942 1213 sensum.
1015 1175 1114 1212 Nam
1152 1187 1239 1211 cum
1275 1173 1442 1215 aliorum

781 1229 942 1281 exempla
962 1227 1074 1274 dicat,
1105 1242 1185 1267 non
1207 1226 1301 1268 solas
1320 1230 1443 1271 Athe-

781 1299 850 1324 nas
867 1285 946 1323 vult
960 1285 1148 1337 intelligi,
1177 1282 1440 1338 sedgquamuis

782 1341 989 1380 ciuitatem.
1045 1344 1087 1380 B.

839 1403 886 1444 18
924 1395 1167 1448 Defenfhrem
1204 1396 1255 1451 ei]
1313 1400 1360 1438 V.
1394 1400 1439 1440 C.

781 1453 870 1492 eius.
927 1455 967 1492 L.

836 1508 1082 1548 Concinnius
1126 1508 1201 1548 erit
1221 1536 1232 1554 ,
1279 1507 1307 1547 fi
1352 1523 1441 1549 cum

782 1576 944 1615 quatuor
971 1564 1083 1603 codd.
1112 1574 1152 1602 et
1172 1564 1346 1606 editione
1364 1577 1440 1606 vet.

782 1620 947 1659 colloces
970 1635 978 1660 :
1038 1621 1119 1660 Iam
1143 1647 1145 1650 ι
1167 1619 1232 1673 ‘ffi'
1280 1624 1441 1676 aliquem

782 1687 852 1714 ete.
908 1678 948 1715 Β.

838 1743 889 1783 19
931 1730 1201 1786 Grandiufiula
1245 1735 1340 1788 iam]
1375 1734 1441 1775 Ad

779 1798 930 1838 partem
969 1789 1102 1828 aetatis
1138 1788 1301 1829 refertur
1327 1804 1441 1844 gran-

781 1842 858 1891 dis,
887 1843 928 1882 id
963 1843 1032 1893 est,
1065 1845 1222 1899 grandis
1251 1857 1345 1886 natu
1373 1847 1440 1887 est.

777 1899 908 1939 Maior
933 1911 1063 1939 autern
1102 1903 1359 1954 generaliter,
1401 1912 1441 1945 et

783 1956 830 1994 ad
851 1953 1034 2005 summam
1055 1960 1186 1997 aetatis
1207 1957 1381 2006 refertur,
1402 1970 1442 1999 et

781 2012 830 2051 ad
860 2014 1191 2063 comparationem
1218 2017 1354 2054 aetatis
1374 2031 1440 2068 pa·

780 2069 872 2107 riter
892 2066 979 2120 (Ms.
1003 2070 1126 2110 Hulst.
1152 2071 1337 2122 pariliter.
1375 2071 1441 2113 sed

780 2122 853 2166 Ms.
881 2125 1027 2165 Boend.
1057 2137 1095 2165 et
1120 2126 1182 2167 ed.
1201 2130 1263 2167 Du
1285 2131 1326 2168 B.
1356 2138 1440 2181 per-

782 2183 896 2227 tinet,
925 2194 960 2219 et
982 2184 1239 2234 comparatiue‚
1265 2197 1301 2222 et
1314 2182 1442 2233 fi'mili-

782 2238 988 2288 tuclinarie)
1012 2237 1175 2289 politum
1195 2239 1260 2280 est.
1316 2243 1366 2281 D.

839 2293 1122 2345 Grandiufiula]
1153 2300 1439 2349 Argumentum

781 2348 838 2389 est
871 2348 918 2388 ab
940 2361 1076 2389 aetate.
1133 2353 1176 2390 E.
1439 2373 1441 2376 ⁴

836 2405 1050 2457 Projeftass
1068 2404 1184 2460 illinc]
1212 2405 1284 2449 Ms.
1298 2412 1337 2449 R.
1357 2421 1441 2463 pro·

75 2477 130 2485 —
159 2456 332 2510 emphasin
361 2457 462 2498 forte
489 2460 542 2500 ita
563 2458 651 2499 sunt
680 2459 732 2499 sa·
772 2460 918 2512 feefa'st
944 2461 1041 2502 illinc
1081 2462 1191 2503 clam:
1240 2464 1441 2514 clamitent,

77 2509 227 2548 nanda:
271 2526 435 2555 Ll'rEs
466 2528 652 2565 SEQV1‚
693 2517 734 2556 id
783 2528 854 2556 ete.
914 2521 954 2559 L.

77 2565 137 2618 est,
159 2559 390 2609 hereditatem
404 2572 601 2624 persequi).
640 2574 687 2612 D.

138 2625 188 2663 16
215 2621 414 2676 ,Quamhic
429 2627 523 2666 mihi
542 2629 594 2678 J1‘t
615 2629 731 2680 fissile

77 2689 187 2729 atque
221 2680 327 2733 wile]
358 2682 398 2720 Id
428 2684 481 2722 est
508 2683 664 2723 difficile
693 2697 732 2724 et

79 2731 226 2773 inutile.
254 2746 290 2775 et
309 2735 360 2773 (est
381 2740 579 2780 comicum.
626 2743 679 2779 D.

835 2585 890 2615 20
927 2571 1215 2626 Sycophantam]
1252 2579 1338 2616 Hoc
1370 2579 1436 2629 est,

781 2643 901 2679 quum
930 2643 971 2667 in
1000 2642 1064 2668 nie
1093 2634 1334 2673 conueniunt
1357 2637 1443 2675 lites

781 2684 927 2737 sibile„
945 2699 1054 2738 quam
1082 2688 1120 2726 in
1147 2701 1201 2726 me
1223 2695 1442 2736 conueniant

1361 2749 1442 2787 lites
