1815 3168
777 100 934 145 ACT.
968 100 1001 147 1.
1048 100 1237 146 SCEN.
1269 101 1323 148 V.

507 226 677 283 Adeon'
699 246 837 295 porro
861 231 1107 288 ingratum,
1138 239 1212 275 aut
1236 226 1551 281 inhumanum,
1581 236 1655 275 aut
1674 227 1734 275 fe·

607 308 738 355 rum?

505 390 567 433 Vt
577 400 719 446 neque
732 397 803 427 me
815 377 1095 430 consuetudo,
1118 394 1260 440 neque
1272 394 1408 431 amor,
1431 395 1576 441 neque
1589 378 1737 442 pudor
1814 397 1815 434 ι

409 473 476 526 45
512 464 813 507 Commoueat‚
837 470 980 517 neque
1003 463 1293 504 commoneat,
1318 464 1363 499 vt
1382 453 1548 500 seruem
1568 450 1736 505 fidem?

507 532 618 584 MY.
657 537 811 578 Vnum
829 529 915 575 hoc
944 529 1028 576 scio
1043 565 1058 589 ‚

605 625 703 655 mor
731 602 834 652 effes
857 604 935 652 sui.

375 809 429 848 tio
448 803 511 851 est,
530 815 664 843 verum
681 798 932 841 adolescentis
943 812 1028 851 pro·

373 862 524 902 uocatio
558 861 601 899 in
628 869 869 898 contemtum
901 857 1026 908 patris.

372 919 514 960 Adeon’
548 930 600 955 me
621 913 815 969 ignauum]
847 915 884 952 A
901 911 1028 952 verifi-

371 975 468 1014 mili.
526 970 724 1028 Ignauum]
755 968 875 1019 Quod
894 966 1030 1007 aduer-

370 1029 454 1071 sum
473 1030 731 1069 neceffitatem
751 1023 1033 1078 proferendum

371 1086 454 1136 fuit,
473 1085 512 1124 id
531 1086 697 1137 primum
719 1081 827 1129 dixit,
848 1077 975 1119 adesse
991 1079 1032 1119 fi-

371 1143 414 1183 bi
443 1144 634 1181 virtutem.
657 1141 789 1190 ‘Quae
813 1135 1032 1188 sequuntur,

372 1198 422 1239 ad
458 1197 575 1237 fidem
613 1197 825 1248 pertinent.
882 1196 936 1232 Ita
961 1205 1030 1244 pro

372 1266 550 1307 tempore
569 1262 806 1291 contemtum
823 1249 938 1301 patris
960 1261 1030 1300 pro

370 1309 602 1351 fortitudine
645 1306 772 1346 habet.
829 1304 1029 1358 Ignauum]

370 1367 537 1422 Ignauus
582 1362 636 1404 est
653 1394 664 1412 ‚
722 1361 788 1412 qui
825 1361 903 1399 vim
947 1372 1031 1400 non

368 1422 501 1475 potest
525 1420 651 1463 fen-e,
678 1419 745 1470 qui
764 1429 849 1456 non
870 1413 926 1454 est
945 1427 1030 1467 per-

372 1477 564 1519 seuerans.
621 1477 670 1516 D.

426 1533 590 1576 Numeri
616 1531 738 1585 gratia
755 1530 940 1580 repones
961 1525 1035 1566 Sed

369 1606 414 1632 vt
441 1594 649 1644 vim-queas
666 1588 789 1639 ferre.
818 1585 964 1624 Adeone
979 1597 1034 1623 me

372 1652 547 1704 ignauam
572 1644 704 1699 putas?
759 1644 801 1682 Β.

428 1716 480 1757 43
512 1698 650 1742 Adeon‘
670 1711 788 1752 porro
816 1695 1029 1750 ingratum]

372 1759 520 1807 Porro,
549 1755 772 1797 coniunCtio
796 1752 850 1792 est
870 1752 1031 1803 expleti·

369 1830 441 1865 ua,
471 1815 560 1854 alias
592 1810 817 1852 aduerbium
835 1808 1030 1860 temporis.

370 1874 561 1928 Ignauum
583 1884 619 1910 et
648 1864 872 1922 ingratum]
895 1863 1030 1911 ἇυξησις

370 1928 428 1969 est
439 1943 449 1974 3
463 1927 722 1966 inhumanum
731 1932 795 1961 aut
806 1919 932 1960 ferum
946 1918 1030 1970 post

371 1982 537 2024 subiefita
578 1982 684 2021 dixit.
742 1977 884 2016 Adeon’
904 1988 1028 2028 porro

369 2043 576 2096 ingratum,
593 2051 656 2077 aut
668 2034 926 2087 inhumanum]
957 2032 1031 2073 Mi-

370 2112 414 2138 ra
430 2097 556 2135 omnis
576 2090 782 2133 conuerfio.
824 2092 914 2130 Non
925 2090 1030 2129 enim

372 2153 480 2200 dixit,
503 2150 656 2191 Adeon'
667 2161 732 2188 me
748 2142 1029 2197 obsequentem

369 2210 469 2264 patri
502 2207 712 2254 existimas,
743 2202 840 2242 adeo
867 2211 1029 2254 gratum,

370 2265 470 2305 adeo
493 2265 613 2316 pium,
644 2261 742 2301 adeo
762 2255 1030 2300 mansuetum?

371 2324 429 2364 Ita
448 2320 623 2360 amatoris
654 2330 725 2371 per
752 2315 885 2354 omnia
908 2310 1031 2353 seruat

370 2376 629 2423 conditiones,
649 2386 688 2414 vt
706 2371 869 2411 oratorie
880 2369 955 2408 hoc
970 2382 1030 2407 co-

371 2444 484 2488 gatur
537 2430 655 2471 scelus
690 2426 789 2476 effe,
828 2425 854 2464 fi
881 2435 1030 2478 pareret

372 2500 480 2530 nunc
505 2489 614 2539 patri.
672 2489 720 2527 D.
992 2523 994 2525 ,

427 2547 544 2599 Lege,
571 2543 720 2585 Adeone
752 2550 872 2594 porro
906 2540 1030 2592 ingra-
1056 2563 1059 2565 >

1088 528 1200 575 hanc
1221 529 1421 575 meritam
1442 526 1548 582 effe,
1578 540 1624 577 vt
1646 544 1738 575 me·

1579 662 1736 725 pm.

1077 813 1175 848 tum,
1210 797 1470 844 inhumanum,
1497 796 1653 850 ferum?
1682 809 1736 836 ne

1075 866 1254 896 accentus
1272 856 1314 894 in
1339 854 1504 905 repetito
1522 851 1663 893 Adeon’
1675 866 1736 890 va-

1076 913 1195 952 rietur
1207 926 1215 958 3
1229 909 1554 964 etAsyndetorum
1566 909 1737 948 celeritas

1077 983 1100 1008 a
1129 969 1184 1007 rei
1206 978 1343 1007 natura
1363 966 1581 1020 postulatur.
1638 968 1678 1004 B.

1134 1037 1188 1078 44
1223 1024 1274 1064 Vt
1295 1036 1408 1077 neque
1424 1036 1481 1063 me
1497 1018 1736 1074 corffuetudo]
1792 1024 1801 1029 '

1080 1085 1173 1124 Non
1208 1080 1384 1120 ordinem
1418 1077 1557 1118 reddit.
1609 1075 1737 1116 ferum

1082 1138 1189 1177 enim
1233 1136 1358 1176 reddit
1403 1134 1450 1174 ad
1497 1130 1739 1186 manficetum,

1081 1192 1187 1245 quod
1205 1194 1319 1232 etiam
1336 1190 1442 1232 ferae
1459 1187 1736 1229 mansuescunt.

1083 1250 1217 1301 Neque
1236 1248 1357 1302 amor]
1388 1246 1449 1287 Ad
1469 1245 1588 1291 illud,
1619 1244 1735 1285 Inhu-

1080 1318 1237 1344 manum.
1293 1308 1415 1343 Amor
1432 1314 1603 1352 namque
1621 1301 1738 1340 vehe-

1080 1361 1247 1399 mentior
1266 1359 1319 1399 est
1335 1361 1376 1398 in
1388 1358 1579 1397 homines.
1608 1356 1738 1408 Virgi-

1078 1417 1165 1466 lius,
1185 1418 1350 1468 (Georg.
1373 1414 1595 1466 111,258.):
1626 1411 1740 1469 Qaid

1079 1474 1241 1521 iuuenis,
1268 1485 1442 1527 magnum
1470 1473 1528 1508 cui
1554 1469 1678 1519 versat
1698 1471 1738 1507 in

1083 1527 1214 1583 offibus
1260 1531 1383 1584 ignem
1431 1526 1562 1566 Durus
1601 1525 1738 1570 amor?

1082 1585 1231 1639 Pudor]
1279 1584 1342 1627 Ad
1369 1586 1561 1638 ingratum
1591 1582 1735 1624 retulit.

1089 1643 1139 1682 Vt
1155 1653 1268 1695 neque
1285 1654 1339 1679 me
1357 1638 1576 1691 conficetudo
1587 1666 1597 1685 ‚
1627 1651 1737 1690 neque

1081 1699 1213 1752 amor]
1255 1693 1408 1738 ἀπόδοσις
1445 1694 1495 1734 ad
1531 1692 1737 1745 superiora.

1083 1753 1324 1805 Confitetud0,
1345 1747 1523 1792 aduersus
1534 1748 1737 1790 feritatem.

1079 1812 1215 1859 Amor,
1260 1805 1438 1848 aduersus
1477 1806 1736 1846 inhumanita-

1081 1877 1173 1906 tem.
1235 1865 1376 1914 Pudor,
1409 1860 1587 1903 aduersus
1612 1864 1737 1916 ingra-

1080 1932 1162 1962 tum
1185 1922 1367 1961 animum.
1420 1924 1472 1962 D.

1131 1991 1182 2031 45
1225 1978 1463 2019 Commoueat
1496 1987 1619 2028 neque«
1643 1987 1735 2014 eom·

1078 2035 1242 2089 moneat]
1275 2033 1403 2080 ἅυξησις
1429 2031 1483 2071 est
1514 2031 1562 2071 ad
1577 2031 1736 2071 maiora.

1083 2092 1132 2132 Vt
1170 2092 1316 2141 seruem
1344 2086 1473 2142 fidem]
1519 2086 1735 2138 Exquisite:

1079 2160 1161 2186 non
1187 2147 1304 2195 dixit,
1337 2156 1375 2184 vt
1400 2153 1646 2184 contemnam
1671 2158 1736 2197 pa·

1079 2214 1188 2243 trem.
1243 2205 1296 2243 D.

1131 2262 1186 2311 46
1220 2260 1338 2298 Vnum
1364 2255 1432 2295 hoc
1446 2253 1550 2309 fiio]
1590 2258 1635 2295 In
1667 2267 1734 2294 eo-

1079 2315 1169 2354 dem
1180 2313 1360 2359 haei·et‚vt
1371 2313 1511 2351 excitet
1523 2312 1731 2352 iuuenem:

1079 2384 1210 2423 neque
1232 2369 1363 2410 audire
1380 2366 1416 2407 se
1436 2363 1547 2420 fingit
1566 2366 1669 2418 quod
1679 2367 1733 2406 di·
1766 2374 1804 2391 '-

1080 2429 1143 2466 cit.
1179 2428 1291 2466 Vnum
1303 2423 1476 2477 hocfiio]
1506 2423 1607 2462 Vide
1619 2436 1733 2473 quam

1079 2482 1216 2522 callida
1234 2482 1314 2529 lint,
1335 2493 1431 2530 quae
1449 2494 1470 2518 a
1490 2478 1640 2532 Myiide
1651 2475 1732 2517 sub·
1749 2494 1755 2514 x

1075 2539 1271 2588 ficiuntur,
1314 2535 1363 2576 ad
1394 2536 1617 2575 irritandam
1646 2548 1733 2586 pro-

1449 2596 1451 2599 ’
1595 2590 1731 2630 miffio-
