1815 3168
607 138 1024 184 EVNVCHVS.

1400 146 1493 199 519

233 263 360 314 ¹Cu.
401 270 466 316 Ac
493 263 698 311 libenter.
744 259 858 312 GN.
891 273 933 310 at
965 278 1048 322 ego
1082 279 1167 327 pro
1198 262 1325 317 istoc,
1359 265 1491 312 Phae-

354 343 456 392 dria,
481 350 523 386 et
546 352 609 391 tn,
636 339 839 391 Chaerea,

249 420 388 464 Hunc
410 413 732 461 comedendum
753 425 797 461 et
816 407 1104 460 deridendum
1125 411 1249 460 vobis
1271 416 1484 479 propino.

349 488 396 537 C
409 504 455 536 H.
492 490 648 554 placet.

246 563 345 613 ΡΗ.
385 567 560 624 Dignus
584 563 657 610 est.
681 560 780 611 CN.
804 563 988 615 Thraso,
1010 562 1085 611 vbi
1102 562 1166 610 vis
1185 561 1355 610 accede.
1377 558 1481 612 ΤΗ.

347 639 523 687 obsecro
544 650 601 694 te,
623 639 730 703 quid
754 636 958 698 agimus?

746 712 826 785 ¹⁸2¹<
866 728 902 767 4

161 839 247 880 Diu
274 838 342 879 boc
376 841 451 880 iam
470 838 627 892 frixum]
664 837 767 878 Olim

72 900 78 902 ’
106 908 196 935 cum
221 895 290 934 isto
319 896 444 935 milite
462 895 617 936 laboro:
648 907 767 944 quem

101 952 248 992 filicem
272 952 322 990 ob
339 950 531 990 stultitiam
543 950 764 1001 appellauit,

101 1018 147 1047 vt
165 1009 283 1057 (Aen.
305 1020 359 1054 vr,
378 1008 496 1060 471.)
531 1005 652 1058 Qafi'
669 1006 764 1045 dura

93 1062 214 1116 filex,
243 1075 309 1102 aut
324 1062 399 1114 stet
419 1061 603 1114 Marpefia
633 1075 762 1100 cautes.

101 1119 342 1169 Vbicunque
351 1119 457 1157 enim
469 1117 659 1169 quaedam
672 1117 764 1166 (for-

100 1185 165 1223 te,
194 1188 324 1228 magna
351 1176 414 1218 Z.)
442 1173 641 1226 stupiditas
669 1172 762 1212 filici

99 1238 355 1282 eomparatur.
411 1233 454 1270 E.

157 1286 404 1327 Concinnior
430 1284 485 1324 est
508 1284 628 1324 lefflo
645 1284 758 1326 codd.

96 1341 336 1390 nostrorum,
358 1341 460 1391 stitis
486 1340 549 1378 diu
576 1342 649 1379 iam
669 1340 761 1386 hoc,-

98 1408 139 1436 vt
148 1397 230 1436 Diu
248 1398 289 1435 in
298 1395 427 1437 Anifit
438 1395 528 1434 etin
539 1409 660 1435 mora.
687 1399 731 1437 Β.

154 1509 207 1559 ς6
232 1510 286 1548 At
313 1521 380 1562 ego
404 1518 474 1559 pro
501 1506 606 1558 rstoc,
646 1507 759 1547 Phae·

95 1563 202 1617 dria]
230 1563 506 1605 Subaudiamus
530 1577 568 1602 et
590 1563 679 1613 fiam
696 1563 758 1603 hic

94 1619 293 1672 (Sub‘auah',
326 1618 455 1671 assum,
487 1617 663 1671 elixum):
693 1620 758 1659 ali-

24 1690 27 1691 ’
92 1687 153 1714 ter
166 1688 264 1722 non,
283 1686 321 1714 vt
343 1672 516 1725 parasitus
528 1675 581 1714 ait
599 1675 680 1727 (Sic
690 1679 756 1713 mi-

91 1732 194 1771 litem
223 1744 339 1779 nunc,
370 1743 413 1770 vt
438 1729 566 1782 paras.=
594 1733 652 1771 ait
678 1732 752 1783 Z.).

90 1786 297 1834 Phaedria,
330 1799 366 1826 et
387 1799 428 1826 tu
453 1785 630 1840 Chaerea]
660 1790 752 1826 Am·

87 1841 160 1882 bos
181 1844 368 1888 nominat,
389 1840 490 1894 quasi
508 1841 661 1896 legibus
685 1856 750 1895 pa-

87 1895 283 1938 ciscantur.
338 1899 388 1939 D.

142 2021 198 2064 57
222 2009 332 2050 Hunc
346 2008 619 2065 comedendum]
644 2009 748 2052 Cum

85 2065 243 2105 caeteris
271 2065 402 2114 rebus,
435 2061 605 2105 summus
628 2069 746 2105 Poeta

86 2124 203 2163 etiam
221 2120 339 2160 fidem
365 2120 531 2161 ostendit
552 2122 746 2161 amicitiae

85 2175 325 2230 parafiticae‚
364 2178 544 2229 exemplo
570 2177 744 2218 Gnatho-

81 2235 148 2273 nis
167 2233 216 2271 de
236 2234 356 2272 milite
369 2233 567 2283 loquentis
578 2232 653 2272 hoc
664 2247 744 2273 mo-

87 2287 153 2330 do.
212 2288 392 2343 Propino]
412 2291 552 2329 Facete
571 2288 618 2331 fic
630 2287 739 2336 dixit,

81 2354 124 2384 vt
141 2343 336 2394 paramus,
363 2354 404 2383 et
427 2354 468 2384 vt
493 2345 560 2397 qui
579 2345 631 2385 de
652 2358 744 2384 con-

80 2400 192 2439 niuio
217 2397 451 2450 loqueretur.
505 2402 556 2440 D.

101 2487 108 2491 ,
138 2454 392 2495 Deridendum
426 2455 530 2496 vobis
561 2456 739 2511 propino]

77 2507 150 2556 ΜΓ.
174 2512 215 2550 R.
239 2509 426 2561 praebebo.
483 2511 559 2554 Sed
575 2515 739 2566 propino

79 2567 125 2606 in
150 2563 345 2617 plerisque
373 2565 466 2606 libb.
508 2568 586 2608 'Sic
602 2570 741 2621 Sparti-

76 2637 143 2666 an.
166 2622 210 2663 in
228 2620 434 2677 Antonino
450 2621 589 2666 Philos.
630 2626 742 2668 Vene-

1361 715 1477 761 GN.

817 851 941 876 natam
969 849 1115 890 partem
1146 837 1279 890 fratri
1302 838 1477 878 edendam

811 896 1028 947 propinans.
1086 896 1226 936 Graeci
1235 902 1400 943 προπίνειν
1419 894 1479 933 ἄν·

814 951 852 988 τί
869 954 916 988 τέ’
931 954 1152 998 χαρίζεσθαι.
1182 949 1476 992 Scholiastpin·

814 1005 894 1045 dari
916 1007 1074 1059 Olymp.
1105 1007 1180 1047 Od.
1200 1021 1277 1047 vu.
1298 1006 1473 1046 philostr.

815 1062 864 1100 de
892 1063 965 1100 vira
989 1063 1191 1113 Apollonii
1217 1062 1303 1101 libr.
1333 1074 1367 1115 3.
1396 1068 1475 1108 ’προ-

811 1126 888 1155 πίνω
915 1134 982 1165 coc,
1020 1119 1145 1165 ssaeqxog
1163 1149 1171 1165 ,
1212 1118 1310 1164 ἔνδξα
1336 1117 1475 1162 ἔλληνα.

810 1175 1062 1216 Marcellinus
1084 1176 1124 1213 in
1139 1178 1378 1227 Hermogen.
1399 1179 1470 1216 τοῖς

809 1237 973 1275 πολεμίοις
992 1229 1040 1271 Tc}
1057 1229 1148 1270 κοινά
1174 1237 1336 1277 προπίνειν
1354 1246 1469 1274 προαι-

809 1284 955 1335 ςέμενυς.
1008 1289 1051 1327 L.

866 1342 1032 1393 Propino
1044 1340 1285 1382 reEleBemb.
1302 1352 1342 1380 et
1351 1341 1468 1383 codd.'

808 1408 897 1435 vett.
915 1411 983 1448 pro
997 1396 1165 1448 praebeo.
1222 1398 1379 1438 Deinde
1390 1402 1466 1449 p'ro

808 1452 1044 1491 deridendum
1098 1453 1175 1505 leg.
1240 1451 1464 1493 ebibendum.

806 1511 905 1548 Nam
946 1509 1069 1559 qualis
1106 1509 1350 1560 propinatio,
1397 1508 1464 1548 vbi

805 1565 910 1604 nulla
928 1576 1041 1615 potus
1059 1563 1111 1603 est
1121 1564 1299 1603 mentio?
1320 1575 1360 1603 et
1372 1578 1463 1615 qua-

803 1621 850 1659 lis
877 1621 1015 1659 vtih‘ras
1036 1621 1079 1659 in
1102 1619 1213 1658 stulto
1232 1619 1460 1659 lwominede·

803 1676 984 1715 ridendo?
1013 1679 1065 1716 Vt
1082 1686 1238 1723 taceam,
1258 1676 1460 1714 deriderea

800 1733 874 1771 vita
886 1730 1079 1783 paralitica
1090 1729 1168 1770 esse
1185 1731 1366 1771 alienum.
1395 1730 1462 1771 Ad

799 1787 962 1827 nostram
975 1787 1248 1826 correfflonem
1260 1798 1460 1826 commen-

798 1843 965 1882 dandam
976 1841 1226 1882 sacitNonius
1239 1844 1459 1893 vPropina·

796 1912 861 1938 re:
900 1898 1097 1938 Terentius
1112 1897 1288 1937 Eunucho
1302 1915 1316 1935 .·
1344 1899 1457 1938 Hunc

795 1952 903 1993 vobis
923 1954 1175 1994 comedendum
1195 1967 1238 1993 -et
1257 1952 1454 1994 bibendum

797 2023 833 2051 et
850 2010 1086 2051 deridendum
1100 2012 1281 2065 propino.
1335 2013 1376 2051 B.

846 2129 895 2174 58
926 2122 1082 2177 Dignus
1102 2121 1169 2176 est]
1199 2123 1306 2161 Haec
1334 2121 1453 2162 verba

793 2180 925 2218 vltima
943 2179 1056 2232 longi
1073 2176 1270 2225 sermonis,
1289 2176 1455 2218 eiusmo-

793 2235 833 2273 di
853 2232 959 2280 sunt,
988 2244 1027 2274 vt
1046 2234 1157 2272 miles
1168 2232 1263 2273 haec
1272 2233 1450 2284 audiens,

792 2290 990 2329 laudatum
1011 2287 1048 2329 se
1070 2286 1167 2338 effe,
1199 2300 1240 2328 et
1264 2290 1455 2341 approba·

792 2357 874 2387 tum
904 2345 1108 2384 existimet.
1167 2343 1236 2384 Vbi
1261 2346 1341 2401 vis]
1371 2349 1453 2386 Ho-

791 2400 951 2440 norifice
961 2411 1116 2440 reuocat
1128 2399 1350 2454 ablegatum
1361 2415 1453 2442 cum

791 2459 942 2504 iniuria,
969 2456 1139 2496 dicendo
1161 2456 1233 2495 Vbi
1252 2459 1450 2510 vis:‘quia

792 2514 916 2552 accede
950 2514 1221 2565 imperatiuum
1246 2520 1354 2553 erat':
1405 2525 1449 2553 et

791 2569 873 2617 vbi,
913 2567 982 2608 nifi
1012 2569 1161 2623 quando
1194 2569 1450 2620 intellexeris,

790 2624 1014 2671 vitiumest.
1075 2625 1127 2666 D.
1202 2627 1205 2631 '
1278 2636 1280 2640 ’
