1815 3168
731 150 1024 198 ANDRIA.

1462 172 1551 220 115

330 279 450 324 Nam
468 274 689 340 pollicitus
711 275 803 322 sum
823 276 1135 341 suscepturum.
1165 274 1309 328 DAv.
1341 299 1369 329 o
1388 282 1554 333 facinus

426 350 584 397 audax!
622 349 657 397 P
668 365 700 397 Α
713 365 766 398 Μ.
799 352 911 398 hanc
932 351 1065 398 fidem

326 424 432 484 sibi,
450 441 525 473 me
557 423 815 480 obsecrauit,
854 429 931 490 qui
952 427 993 475 se
1015 428 1138 475 sciret
1156 445 1249 476 non
1269 429 1550 490 deserturum,

424 512 471 549 vt
501 501 662 547 darem.

235 589 299 637 29
334 572 384 628 D
402 589 434 620 A
452 588 498 622 v.
544 575 792 624 Cui-abitur.
820 576 891 628 sed
910 586 1035 644 pater
1062 577 1201 626 adest:
1237 597 1365 632 caue,
1402 592 1446 630 te
1467 582 1551 632 effe

423 649 588 698 tristem
616 652 781 700 sentiat.

231 796 537 850 ACTVS
602 797 1011 853 SECVNDI
1066 799 1373 857 SCENA
1417 804 1513 859 IV.

466 903 633 949 SIMO.
662 905 1288 949 DAVVS.PAMPH1LVS.

192 1033 275 1148 R

408 1115 505 1165 filii.

195 1334 361 1388 pbilium
379 1336 600 1378 verecunde
607 1338 778 1378 locutum
789 1350 851 1378 ac-

198 1392 373 1444 cipimus.
413 1393 576 1433 Puerum
596 1407 715 1434 autem
735 1408 778 1434 ne
796 1408 851 1434 re-

197 1447 326 1502 cffcat]
371 1450 453 1489 Aut
482 1449 648 1499 eliminat,
676 1460 741 1490 aut
764 1461 850 1502 pue-

196 1517 281 1544 rum
308 1517 380 1556 pro
407 1503 582 1556 quolibet
601 1503 713 1553 sexu3
740 1502 852 1545 sobo-

195 1560 286 1608 lem,
305 1559 377 1598 hoc
388 1560 452 1609 est,
470 1559 640 1601 foetum:
669 1572 718 1609 vt,
736 1561 850 1615 Qic-

195 1616 286 1668 quid
295 1616 497 1669 peperissot,
518 1617 759 1657 decreuerunt
776 1617 850 1656 tol-

193 1670 282 1711 lere.
314 1681 352 1710 vt
378 1672 515 1712 Graeci
539 1685 678 1724 pueros
706 1677 848 1715 παίδαςτ

195 1716 390 1767 Home'rus
409 1728 466 1779 (ll.
493 1733 529 1767 ά.
558 1731 679 1782 255),
709 1735 850 1776 πρίαμος

192 1781 354 1829 πριᾶμοιὸ
384 1800 423 1821 τε
446 1788 571 1827 παῖδες.
599 1794 641 1822 et
665 1784 850 1823 Horatius

194 1840 339 1889 (Carm.
361 1851 391 1887 1,
412 1839 487 1879 Od.
507 1853 579 1888 ΧΠ,
599 1841 687 1892 25),
711 1839 851 1880 Dicam

193 1908 232 1934 et
259 1895 434 1944 Alciden,
461 1893 669 1949 puerosque
693 1895 849 1937 Laedae.

196 1950 331 1990 Cautio
349 1950 416 2004 est]
446 1952 646 1993 Cautione
662 1965 762 2005 opus
781 1952 848 2003 est,

194 2006 272 2045 hoc
282 2005 345 2056 est,
366 2006 585 2046 cauendum
603 2007 669 2048 est.
724 2012 775 2051 D.

244 2063 376 2117 Vulgo
411 2064 552 2117 legunt
576 2061 621 2103 ab
658 2062 734 2105 illa.
770 2063 850 2106 Sed

194 2118 496 2170 praeferendum
536 2133 583 2158 ex
612 2119 675 2160 illa
690 2151 700 2171 ‚
744 2120 852 2173 quod

194 2177 362 2215 Faernus
380 2176 422 2214 in
440 2175 568 2215 multis
588 2176 717 2225 libris,
743 2190 851 2229 prae-

303 1060 328 1087 ε
359 1059 388 1090 ν
417 1057 437 1087 1
463 1059 484 1088 s
513 1060 543 1090 o
594 1041 704 1108 quid
744 1053 911 1106 agant,
961 1053 1038 1092 aut
1079 1044 1188 1110 quid
1227 1056 1404 1114 captent
1449 1065 1552 1098 eon·

1395 1201 1553 1248 Dav.

898 1336 966 1378 fibi
983 1337 1128 1391 darem,
1148 1353 1214 1381 me
1232 1339 1455 1394 obsecrauit,
1486 1346 1554 1396 qui

898 1390 938 1434 se
955 1391 1064 1434 sciret
1081 1410 1164 1436 non
1180 1395 1425 1438 deserturum.
1463 1403 1512 1441 D.

954 1451 1063 1490 Hanc
1097 1451 1210 1504 fidem
1227 1452 1323 1509 fibi]
1371 1453 1552 1499 Priscian.

898 1504 968 1545 lib.
1005 1518 1066 1559 13.
1123 1511 1165 1549 L.

953 1569 1004 1611 28
1036 1564 1108 1602 Pro
1125 1563 1355 1615 desermrum
1379 1568 1485 1607 reete
1503 1568 1556 1609 le-

899 1617 958 1670 git
977 1629 1084 1658 vetus
1101 1622 1248 1661 Mureti
1268 1623 1352 1662 cod.
1373 1624 1555 1674 desertum

898 1676 961 1714 iri.
1020 1675 1060 1712 B.

926 1740 981 1782 29
991 1728 1216 1786 curabitur]
1227 1732 1321 1771 Non
1331 1732 1479 1782 curabo,
1489 1731 1556 1774 sed

897 1783 1219 1835 impersonaliter,
1248 1801 1336 1828 cum
1354 1789 1557 1830 difficulta-

898 1851 958 1880 te:
997 1840 1102 1892 quod
1132 1842 1236 1894 quasi
1261 1845 1424 1885 arduum
1449 1844 1553 1896 effer,

899 1907 939 1936 et
957 1909 1079 1949 graue
1099 1897 1278 1940 ostendit.
1331 1904 1381 1942 D.

952 1955 1052 1992 Caue
1079 1966 1116 1993 te
1142 1954 1206 2006 cst}
1230 1955 1371 2007 tristem
1387 1955 1553 2013 fintiat]

896 2011 984 2049 Hoc
994 2008 1170 2057 verbum,
1194 2011 1233 2050 id
1245 2012 1309 2061 est,
1322 2026 1420 2064 caue,
1440 2014 1556 2067 figni-

898 2063 986 2104 ficat
1022 2066 1105 2104 vide
1140 2080 1194 2107 ne.
1247 2071 1296 2110 Et
1332 2068 1406 2109 hoc
1437 2071 1558 2111 inter·

900 2121 1004 2160 dum.
1061 2124 1106 2161 E.

960 2178 1011 2217 Te
1030 2176 1092 2229 effe
1107 2177 1263 2234 trtstem]
1291 2181 1397 2220 Seru.
1410 2162 1557 2236 Georg.

196 2228 322 2270 sertim
362 2231 642 2283 antiquioribus
685 2233 850 2283 inuenit,
900 2245 934 2272 1.
953 2232 1002 2276 ad
1022 2234 1132 2272 illum
1143 2233 1301 2284 versum>
1319 2240 1560 2293 nequicquam

197 2296 238 2326 et
255 2300 330 2340 ego
348 2288 391 2326 in
411 2287 590 2327 omnibus
606 2289 716 2328 meis.
754 2292 795 2332 Β.

252 2353 306 2394 27
324 2343 426 2383 Nam
440 2343 621 2396 pollicitus
626 2344 736 2399 fiam]
756 2345 851 2384 Pro-

195 2396 309 2450 miffio
353 2411 389 2438 et
426 2398 649 2453 pollicitatio
682 2401 850 2441 eandem

200 2453 276 2492 vim
310 2452 473 2496 habent:
515 2453 581 2496 sed
619 2456 849 2510 pollicitatio

198 2509 350 2549 maioris
361 2508 645 2552 affeuerationis
658 2512 725 2552 est.
744 2512 852 2552 Hanc

192 2561 328 2619 fidem]
353 2566 458 2607 Ordo
475 2567 543 2619 est,
557 2579 596 2610 vt
616 2568 713 2642 han?
733 2567 852 2615 fidem

888 2280 1034 2341 speftzn
1066 2289 1234 2343 Olympo.
1287 2295 1329 2333 L.

961 2357 979 2386 1
1012 2345 1166 2400 Reuzfia]
1206 2349 1314 2387 Haec
1333 2349 1459 2392 Scena
1487 2364 1557 2393 no-

900 2399 992 2439 dum
1036 2402 1161 2440 iniicit
1203 2404 1342 2442 erroris
1389 2404 1556 2460 fabulae,

899 2467 940 2495 et
957 2458 1175 2508 periculum
1203 2460 1407 2500 comicum.
1451 2464 1576 2502 ‘Facit‘

901 2513 1018 2552 etiam
1067 2515 1340 2555 executionem
1381 2518 1560 2559 confilio:

900 2582 996 2611 rum.
1051 2568 1188 2624 Reuisb
1208 2572 1302 2626 qus‘d
1324 2586 1460 2629 agant,
1489 2587 1559 2616 aut

1013 2627 1051 2666 H
1083 2636 1109 2668 2
1466 2630 1562 2685 quid
