1815 3168
343 138 428 184 192

712 124 872 172 ACT.
906 127 983 172 IV.
1019 126 1214 171 SCEN.
1250 128 1330 176 IV.

378 270 442 314 24
473 249 682 306 Manebo,
705 270 761 300 ne
782 253 902 317 quod
926 252 1119 300 vostrum
1136 270 1336 301 remorer
1357 256 1659 305 commodum.

395 398 702 453 Achs
758 399 1111 467 QVARTI
1181 400 1480 452 SCENA
1543 403 1671 473 iv:

635 488 938 530 CHREMES.
967 487 1164 529 MYSIS.
1194 491 1417 532 DAVVS.

338 620 420 733 R
438 645 460 672 ε
482 646 510 674 ν
531 646 553 672 ε
574 644 603 671 n
625 643 655 669 τ
678 642 705 672 o
726 643 756 670 R
771 662 783 679 ,
820 625 1073 692 postquam,
1114 644 1225 692 quae
1261 645 1373 694 opus
1409 630 1532 677 fuere
1554 630 1606 677 ad
1623 648 1703 679 nu-

557 703 668 765 ptias

476 780 663 828 Gnatae,
685 780 850 840 paraui,
870 788 916 825 vt
940 779 1113 825 iubeam
1135 778 1290 826 arceffi.
1316 780 1386 827 sed
1410 781 1515 844 quid
1537 780 1656 828 hoc‘?

469 854 584 900 Puer
605 846 807 898 hercle'st.
848 854 1019 908 mulier,
1040 850 1132 902 tun'
1155 855 1385 921 apposuisti
1407 853 1559 905 hunc?
1596 853 1710 904 MY.

571 925 646 973 vbi
671 927 756 973 illic
782 926 872 973 cst?

471 998 582 1048 CH.
630 1006 741 1048 Non
772 1003 881 1051 mihi
911 1005 1180 1069 respondes?
1219 1006 1340 1055 MY.
1379 1008 1591 1071 nusquam
1630 1007 1706 1056 est.

571 1094 648 1125 vae
671 1078 844 1126 miserae
866 1080 976 1127 mihi
991 1079 1002 1130 Ε

394 1206 467 1244 Pro
485 1202 652 1256 autlege
671 1216 756 1242 cum
776 1207 930 1258 Guyeto
943 1219 997 1255 vt,

339 1259 381 1299 h.
411 1273 446 1301 e.
483 1259 583 1310 quia.
647 1262 805 1300 Etenim
833 1261 997 1301 dubium

340 1329 423 1354 non
456 1315 528 1363 est,
561 1315 712 1367 Myfide
729 1320 884 1357 Dauum
918 1316 996 1357 esse

338 1372 461 1424 longe
481 1371 733 1410 callidiorem.
790 1375 830 1411 B.

396 1439 452 1480 24
508 1429 685 1467 Remorer
740 1428 998 1483 commodum]

339 1483 528 1531 Rem'orer,
564 1483 765 1532 letardem,
795 1487 998 1526 retineam.

340 1541 539 1580 Remorari
555 1555 577 1579 a
600 1554 751 1579 remora
761 1541 864 1592 pisce
875 1544 999 1582 minu-

343 1596 494 1642 fiffimo,
515 1598 582 1647 qui
594 1610 712 1636 naues
725 1598 886 1638 retinet:
908 1613 1001 1638 nam

339 1655 491 1693 Graece
514 1655 647 1703 ἐχενηίς
670 1665 837 1694 vocatur.
894 1658 944 1696 D.

400 1722 418 1750 1
471 1708 683 1763 Reuertor]
729 1710 848 1750 Adest
895 1723 1002 1749 nune

341 1762 423 1814 ipse
441 1764 629 1805 Chremes
643 1796 652 1812 ‚
680 1766 785 1804 cuius
805 1765 910 1806 causa
927 1765 1001 1806 sce*

342 1835 395 1859 na
419 1819 618 1859 fraudibus
645 1821 821 1862 instrufila
848 1823 919 1871 est,
947 1836 1001 1862 ne

339 1873 540 1931 promissas
595 1878 788 1928 compleat
832 1880 997 1931 nuptias.

344 1933 396 1972 Vt
426 1932 569 1971 iubeam
597 1932 736 1988 arcessi]
767 1936 884 1974 Reste
903 1935 1001 1973 iube-

341 2002 421 2027 am:
455 1989 543 2039 quia
571 1986 715 2028 summa
742 1990 904 2040 potestas
933 2004 1002 2029 nu-

342 2045 510 2097 ptiarum
520 2045 559 2082 in
572 2056 677 2096 patre
688 2047 842 2097 puellae
852 2046 918 2085 est.
947 2048 996 2086 D.

398 2100 582 2139 Reuertar
619 2102 838 2156 postquam]
889 2103 998 2142 Haec

340 2155 456 2197 scena
473 2156 607 2195 dolum
625 2159 803 2208 complet,
824 2169 864 2197 et
883 2157 999 2198 habet

341 2211 521 2253 subtilem
541 2211 687 2252 causam
706 2224 745 2252 et
764 2216 996 2263 orationem,

341 2270 386 2310 in
415 2282 488 2320 qua
506 2269 609 2307 aliud
629 2269 739 2318 dicit,
767 2270 871 2310 aliud
890 2271 1001 2309 intel-

339 2326 415 2378 ligi
454 2325 543 2363 vult.
601 2327 760 2377 Quippe
793 2327 924 2366 Dauus
957 2327 1001 2366 in

343 2380 418 2419 hoc
437 2391 516 2419 toto
529 2380 688 2419 consilio
701 2381 924 2421 constitutus
938 2383 1000 2431 est,

342 2438 398 2476 vti
411 2436 544 2486 prodat
554 2436 766 2486 Chremeti,
780 2439 885 2489 quod
896 2443 1002 2479 Pam-

342 2491 469 2544 philus
491 2494 542 2531 ita
562 2494 784 2546 Glycerium
804 2494 944 2549 diligit,
962 2506 1001 2534 vt

343 2561 517 2600 eampro
539 2563 656 2589 vxore
674 2548 824 2589 habeat.
881 2552 1003 2603 siqui-

345 2604 436 2645 dem
473 2617 522 2645 ex
560 2618 606 2645 ea
635 2603 839 2660 susceperit
867 2606 999 2648 filium.

1560 1101 1584 1146 ς
1624 1087 1706 1130 Re-

1049 1209 1195 1258 Quare
1213 1208 1381 1260 cognita,
1400 1209 1577 1260 anuptiis
1590 1206 1708 1249 Chre-

1046 1277 1128 1302 mes
1148 1263 1259 1314 poffit
1277 1262 1495 1303 abscedere.
1552 1267 1594 1304 E.

1104 1331 1129 1360 2
1158 1319 1230 1358 Sed
1251 1320 1344 1371 quid
1370 1320 1486 1372 hoc3]
1529 1322 1619 1359 Non
1646 1321 1708 1359 in-

1047 1376 1287 1427 terrogantis,
1306 1372 1372 1414 sed
1394 1376 1566 1414 mirantis
1578 1386 1616 1414 et
1626 1384 1710 1416 non

1048 1432 1302 1484 intelligentis
1338 1431 1412 1481 5³st-
1462 1441 1501 1469 et
1548 1441 1709 1483 apparet

1051 1501 1140 1527 eum
1169 1500 1251 1525 non
1283 1488 1400 1526 oculis
1427 1489 1552 1539 prius,
1592 1501 1708 1539 quam

1050 1544 1220 1595 corporis
1252 1541 1400 1584 offensu
1428 1557 1594 1596 puerum
1626 1541 1709 1583 sen-

1048 1598 1131 1641 fiffe
1149 1601 1349 1639 latentem.
1404 1602 1455 1640 D.

1106 1669 1128 1709 3
1161 1656 1259 1696 Puer
1285 1655 1401 1695 hercle
1424 1655 1487 1710 est]
1519 1657 1709 1696 Ornatiua

1051 1713 1234 1763 particula
1260 1711 1313 1750 est
1335 1712 1481 1752 Hercle.
1542 1712 1705 1766 Mulier]

1050 1769 1181 1821 Magis
1210 1782 1324 1820 quam
1349 1768 1476 1821 Myfis.
1534 1767 1607 1806 Vbi
1633 1767 1709 1808 illic

1051 1823 1097 1876 est
1106 1825 1148 1878 ?]
1179 1827 1333 1864 Dauum
1344 1825 1503 1876 quaerit,
1524 1825 1589 1875 qui
1601 1836 1709 1862 nune

1050 1879 1234 1928 absceffit,
1264 1891 1302 1918 vt
1325 1890 1364 1918 et
1383 1878 1461 1931 ipse
1480 1880 1529 1919 de
1544 1878 1629 1918 foro
1648 1892 1710 1920 ve-

1050 1937 1137 1974 nire
1159 1936 1346 1974 videatur.
1403 1940 1453 1977 D.

1110 1989 1181 2032 Vbi
1209 1991 1280 2029 z'llic
1305 1990 1398 2044 est?]
1431 1992 1532 2031 Cum
1556 1988 1708 2030 vidifl'et

1051 2047 1303 2090 Chremetem
1343 2048 1506 2093 venire,
1553 2045 1709 2087 diseeffit

1048 2117 1185 2156 prope,
1205 2104 1456 2155 repentinum
1468 2102 1708 2143 simulaturus

1049 2160 1273 2199 aduentum.
1326 2160 1419 2199 Ideo
1448 2173 1553 2198 nunc
1585 2160 1708 2198 inter-

1049 2226 1182 2269 rogata
1194 2216 1332 2254 mulier
1342 2216 1491 2266 quaerit
1502 2215 1561 2254 vbi
1578 2214 1632 2255 fit.
1660 2218 1706 2256 E.

1112 2273 1207 2311 Tun*
1238 2271 1464 2325 appofiusti]
1511 2269 1586 2312 Ms.
1624 2271 1708 2314 Tun

1042 2328 1209 2382 pofinsti.
1265 2331 1306 2368 L.

1103 2386 1168 2424 Ne
1201 2380 1325 2422 versus
1353 2382 1396 2421 iit
1414 2383 1510 2421 iusto
1533 2384 1702 2436 longior,

1051 2451 1114 2480 aut
1131 2441 1221 2480 dele
1238 2439 1342 2484 hunc,
1363 2450 1428 2478 aut
1443 2438 1563 2479 scribe
1585 2453 1636 2490 tu,
1665 2451 1706 2480 vt

1050 2496 1146 2537 edd.
1159 2507 1247 2536 vett.
1270 2494 1427 2534 habent.
1485 2499 1527 2536 B.

1103 2566 1131 2605 4
1158 2553 1249 2591 Non
1267 2551 1608 2606 mihirffondesfl
1636 2553 1707 2592 Be-

1049 2621 1101 2650 ne
1107 2639 1122 2661 ,
1158 2622 1234 2650 non
1261 2607 1464 2663 respondes.
1520 2610 1572 2649 Se
1600 2610 1707 2648 enim

1555 2677 1708 2705 memor
