1815 3168
329 142 423 202 196
477 103 481 109 ·

705 136 859 180 ACT.
890 135 968 180 IV.
1001 135 1194 179 SCEN.
1226 136 1302 181 IV.

462 263 510 313 D
525 278 556 310 A
571 277 620 310 v.
657 256 828 309 Adeon'
847 260 1049 307 videmur
1068 259 1193 307 vobis
1216 257 1299 307 effe
1318 260 1480 313 idonei,

464 345 518 389 In
544 336 701 403 quibus
722 336 776 383 fic
797 335 1016 382 illudatis?
1056 331 1102 381 C
1116 348 1162 384 H.
1198 338 1300 382 veni
1319 338 1366 383 in
1388 330 1602 400 tempore.

371 436 432 469 20
468 415 611 464 DAv.
649 418 840 476 Propera
860 409 967 457 adeo
992 426 1182 474 puerum
1203 411 1356 457 tollere
1375 411 1477 456 hinc
1490 410 1541 458 ab
1552 413 1696 458 ianua.

466 496 628 546 Mane3
667 504 769 534 caue
794 501 1017 550 quoquam
1041 502 1091 530 ex
1109 484 1212 532 istoc
1234 484 1402 532 exceffis
1424 487 1535 533 loco.

465 566 524 616 M
539 580 586 611 Y.
633 565 694 610 Di
715 573 758 608 te
780 560 1016 608 eradicent:

1053 562 1111 607 ita
1134 577 1207 607 me
1226 560 1420 607 miseram
1442 563 1625 608 territas.

466 639 622 689 DAv.
656 638 766 686 Tibi
797 653 880 697 ego
916 636 1037 689 dico,
1073 653 1127 682 an
1158 637 1284 683 non?
1316 635 1431 686 ΜΥ.
1464 637 1572 702 quid
1600 637 1699 684 vis?

567 712 615 762 D
630 727 663 760 A
678 727 728 760 v.
768 724 810 760 at
832 712 960 758 etiam
980 712 1141 772 rogas?

475 791 612 845 Cedo,
632 792 779 839 cuium
798 803 990 855 puerum
1011 788 1083 836 hic
1099 784 1362 854 apposuisti?
1398 787 1466 836 dic
1488 787 1614 836 mihi.

399 1017 448 1061 18
498 1009 645 1050 Adeone
687 1008 855 1048 videmur
892 1007 1000 1047 vobis

343 1068 406 1121 «ffb
440 1067 579 1120 idonei]
621 1065 775 1114 Idonegcs
805 1063 860 1104 est
889 1074 999 1115 aptus

342 1125 392 1165 ad
411 1123 559 1169 omnia,
604 1132 642 1160 et
662 1120 785 1169 bona,
823 1131 861 1159 et
887 1121 1000 1161 mala.

342 1181 500 1231 Adeon‘]
541 1176 729 1225 Adeone,
767 1190 817 1216 an
846 1175 1001 1216 adeone

343 1237 392 1276 ad
436 1232 557 1276 eum?
597 1232 736 1284 (verba
776 1233 910 1272 adeone
952 1231 1004 1271 ad

345 1292 448 1334 eum?
477 1289 566 1329 sunt
584 1286 754 1335 absurda,
777 1301 853 1327 nec
870 1292 1002 1330 Dona-

345 1361 385 1389 to
409 1348 543 1400 digna.
597 1345 714 1384 Vnde
737 1343 870 1383 absunt
888 1359 910 1383 a
927 1341 998 1384 Ms.

345 1403 469 1445 Hulst.
507 1411 545 1442 et
574 1399 766 1453 plerisque
793 1400 881 1440 edd.
913 1410 1003 1439 vett.

326 1459 417 1500 ·nifi
459 1459 565 1512 legas
591 1472 599 1496 :
649 1455 792 1503 adeon’]
843 1456 1000 1502 Adone,

344 1531 395 1556 an
415 1515 536 1560 ade03
553 1527 597 1552 ne
614 1514 721 1552 enim
736 1512 790 1552 est
801 1515 885 1563 an).
915 1516 967 1554 D.

402 1570 536 1612 Adeon’
550 1567 893 1622 videmurvobis‘3]
921 1569 1007 1607 Fin-

350 1629 410 1683 git
426 1630 557 1668 Dauus
577 1625 814 1665 iracundiam
840 1637 881 1663 et
900 1637 1006 1663 accu-

350 1684 553 1732 sationem,
576 1695 678 1721 noua
696 1678 788 1721 sane
796 1681 1008 1729 locutione,

351 1743 394 1781 in
413 1737 603 1793 quibus-fic
621 1737 797 1779 illudatis.
854 1740 899 1778 E.

411 1808 460 1848 19
491 1794 541 1834 In
560 1792 691 1846 quibus
709 1792 766 1845 fic
792 1791 1009 1847 illudam-H

352 1855 402 1893 Et
430 1850 542 1889 illudo
571 1852 610 1889 in
632 1863 687 1898 te,
717 1847 880 1901 septimo
903 1845 1009 1888 casu:

352 1918 393 1947 et
415 1906 526 1945 illudo
548 1919 593 1954 te,
615 1902 823 1944 accusatiuo
837 1904 1011 1943 dicimus.

352 1961 476 2003 sedin
498 1962 623 2014 primo
653 1958 929 2011 superuacuum
958 1959 1012 1998 est

354 2016 516 2071 (Sensus
545 2017 735 2069 postulat:
780 2016 854 2056 Sed
879 2028 936 2056 IN
970 2017 1012 2054 in

350 2078 476 2128 primo
484 2073 757 2125 superuacuum
778 2071 867 2123 est):
894 2082 935 2111 vt
956 2070 1010 2120 fit,

355 2131 496 2183 quibus
516 2129 694 2169 illudatis.
758 2128 850 2168 Veni
866 2131 906 2166 in
924 2141 1012 2166 tem·

351 2192 459 2240 pore]
491 2187 595 2228 Cum
611 2181 784 2237 prouisus
804 2183 868 2231 fit,
895 2184 1013 2222 inter-

356 2240 506 2283 uenisse
525 2252 640 2293 putat.
678 2243 764 2282 Veni
773 2243 813 2279 in
834 2238 1012 2293 tempore]

358 2302 602 2351 Opportune.
633 2311 704 2337 nos
730 2295 812 2335 fine
827 2294 1018 2348 praeposi-

358 2356 468 2394 tione
489 2355 668 2404 dicimus,
698 2362 859 2406 tempore
878 2362 917 2392 et
934 2365 1020 2392 tem—

384 2414 452 2450 ori.
508 2413 557 2450 D.

354 2423 380 2466 p
415 2481 470 2509 20
501 2467 669 2519 Propera
681 2466 770 2505 adeo
782 2476 938 2517 puerum
950 2464 1019 2503 tol-

357 2523 444 2570 lere]
477 2524 551 2563 Hic
582 2518 708 2561 versus
738 2521 838 2560 clare
859 2521 1018 2562 dicitur:

356 2577 524 2629 sequens
544 2608 553 2624 ,
610 2591 663 2618 ne
712 2575 829 2619 senex
876 2576 1014 2627 audiat,

356 2632 490 2688 preffe.
544 2636 594 2676 D.

1638 879 1699 927 25

1106 1009 1276 1062 Propera
1305 1010 1393 1050 adeo
1420 1013 1591 1062 puerum]
1626 1010 1702 1048 Im-

1049 1075 1175 1116 perat,
1203 1068 1252 1104 vti
1276 1065 1323 1104 ab
1352 1067 1466 1105 ianua
1488 1078 1606 1119 puer,
1636 1064 1704 1115 qui

1050 1119 1106 1158 ibi
1126 1119 1277 1172 positus,
1299 1119 1500 1159 auferatur.
1553 1123 1706 1159 Verun-

1050 1186 1182 1215 tamen
1205 1176 1298 1226 post‚
1327 1173 1499 1214 submissa
1517 1188 1624 1223 voce,
1652 1187 1706 1213 ne

1051 1231 1236 1272 Chremes
1254 1232 1402 1280 audiat,
1437 1233 1602 1283 imperat
1621 1233 1709 1282 My-

1051 1287 1131 1332 fidi,
1152 1298 1191 1326 vt
1208 1299 1375 1336 maneat,
1406 1294 1481 1327 iiec
1502 1302 1525 1326 e
1546 1288 1631 1325 loco
1648 1299 1711 1324 re-

1054 1344 1176 1384 cedat.
1221 1343 1409 1384 Nondum
1429 1344 1536 1383 enim
1557 1342 1710 1382 fuerant

1054 1400 1258 1442 Chremeti
1314 1400 1449 1438 cuneia
1503 1397 1706 1451 patefacia.

1057 1458 1162 1508 Quia
1190 1469 1352 1506 puerum
1378 1453 1456 1494 effe
1483 1465 1575 1494 ante
1595 1453 1711 1493 aedes

1055 1526 1077 1551 a
1094 1513 1297 1551 meretrice
1309 1511 1484 1564 pomum,
1498 1508 1615 1549 solum
1629 1509 1714 1549 sue·

1055 1579 1112 1607 rat
1132 1568 1364 1615 indicatum,
1395 1568 1576 1614 necdum,
1609 1564 1714 1618 quod

1057 1625 1089 1664 is
1100 1637 1197 1674 puer
1205 1624 1393 1675 Pamphili
1403 1623 1501 1662 filius
1514 1620 1616 1663 effer.
1640 1625 1683 1661 E.

1112 1692 1163 1722 21
1206 1681 1302 1720 caue
1338 1692 1523 1733 quoquam
1553 1693 1598 1716 ex
1627 1678 1714 1728 istoc

1058 1734 1199 1790 exceffis
1217 1737 1312 1785 loco]
1342 1731 1560 1776 Necess‘ario
1583 1735 1715 1774 Dauus

1058 1794 1200 1831 retinet
1208 1791 1407 1845 Myfidem.
1420 1790 1597 1830 nondum
1608 1790 1717 1828 enim

1060 1849 1192 1887 omnia
1216 1848 1360 1886 audiuit
1379 1847 1588 1893 Chremes,
1616 1858 1718 1884 non·

1061 1903 1154 1942 dum
1172 1905 1361 1955 comperit
1380 1902 1484 1941 vnde
1504 1901 1548 1940 fit
1566 1901 1717 1949 mulier,

1062 1969 1104 1998 et
1132 1971 1230 2010 puer
1258 1959 1309 1997 de
1338 1971 1414 2010 quo
1441 1955 1633 2009 susceptus
1663 1956 1718 1995 fit.

1059 2012 1240 2067 Exceffis,
1273 2027 1343 2066 pro
1371 2013 1556 2053 excedas:
1591 2022 1631 2052 vt
1651 2013 1721 2066 fiz-

1057 2073 1131 2119 xis,
1149 2084 1219 2123 pro
1237 2069 1365 2110 facias.
1417 2072 1467 2110 D.
1647 2099 1651 2102 -

1113 2139 1166 2179 23
1198 2130 1251 2166 At
1276 2130 1385 2166 etiam
1420 2125 1593 2181 rogas?]
1630 2126 1737 2165 Rur-⁴

1062 2181 1145 2222 sum
1163 2183 1331 2237 iurgium
1349 2183 1502 2234 repetit,
1532 2192 1573 2221 et
1592 2179 1721 2221 turbu·

1063 2240 1213 2279 lentam
1230 2239 1455 2278 orationem.
1512 2240 1560 2278 D.

1117 2294 1324 2337 venustius
1343 2293 1430 2334 edd.
1450 2304 1542 2334 vett.
1573 2291 1661 2333 Tibi
1669 2292 1723 2332 di-

1068 2364 1108 2391 co
1128 2364 1195 2406 ego
1211 2355 1361 2390 annon?

1120 2420 1174 2461 24
1206 2406 1321 2460 Cedo]
1355 2406 1450 2447 Cedo
1477 2404 1584 2446 idem
1609 2403 1724 2458 figni-

1066 2462 1153 2502 ficat
1171 2462 1275 2514 quod
1293 2463 1364 2511 dic,
1385 2473 1423 2503 et
1443 2461 1492 2501 da
1508 2460 1619 2500 mihi.
1652 2463 1726 2501 Er-

1067 2532 1119 2571 go
1142 2520 1416 2571 repetitionem
1428 2516 1620 2571 significat,
1638 2530 1724 2556 non
1790 2518 1794 2525 ¹

1065 2574 1336 2627 superuacuam
1357 2575 1583 2614 orationem.
1614 2583 1653 2611 et
1670 2571 1726 2612 est
1781 2600 1784 2603 -

1066 2630 1210 2674 dierum
1246 2644 1334 2672 curn
1373 2630 1537 2684 quadam
1570 2628 1723 2676 fiducia,

1685 2693 1727 2723 et
