1815 3168
458 103 1014 171 KHEAVTONTM.

103 246 164 284 10
195 235 333 279 Porro
354 229 638 282 haec'talenta
659 230 770 276 dotis
792 232 1031 295 apposcunt
1057 232 1162 280 duo.

193 311 341 362 Quam
362 306 497 352 multa
517 303 673 351 iniusta
696 324 743 351 ac
763 323 899 370 praua
918 305 1031 353 fiunt
1054 308 1278 359 moribus!

191 383 311 430 Mihi
330 398 463 432 nunc,
485 379 646 427 reliffls
666 381 812 434 rebus,
833 382 1131 431 inueniundus
1155 383 1215 431 est

136 494 139 499 ,
190 457 376 520 Aliquis,
397 457 546 503 labore
567 458 748 503 inuenta
769 473 864 503 mea
890 459 962 504 cui
980 458 1080 504 dem
1100 458 1230 507 bona.

89 566 403 658 AC'TVS
466 601 828 663 QVARTI
880 602 1172 656 scENA
1235 608 1383 661 v111.

335 693 655 736 *CHREMES
712 693 1126 735 MENEDEMVS.

187 825 301 939 M
332 850 358 880 v
389 848 415 878 1.
446 848 477 876 τ
509 847 537 878 ο
592 833 794 879 omnium
838 848 959 880 nunc
1007 849 1080 880 me
1127 833 1420 884 fortunatissu-

438 923 565 955 mum

1233 989 1272 1034 F
1274 985 1422 1037 assum

51 1128 197 1169 mentis
221 1125 545 1172 fiuevvestimentis
555 1125 712 1170 Bacchi·
752 1126 891 1182 postet.
943 1131 1044 1168 Nam
1065 1126 1152 1168 haec
1173 1143 1254 1170 non
1272 1131 1326 1171 est
1344 1147 1417 1184 pro

52 1185 93 1224 di
119 1199 140 1223 a
169 1181 208 1223 se
234 1182 313 1223 effe
340 1182 553 1224 soluendas.
609 1187 711 1224 Nam
760 1184 837 1231 hae,
858 1181 903 1222 sc.
925 1185 1077 1232 minae,
1111 1184 1196 1234 sed,
1227 1200 1314 1227 mea
1341 1189 1419 1230 filia

51 1241 93 1280 in
105 1239 320 1280 vendendis
330 1241 528 1293 mancipiis
541 1239 710 1291 primum

52 1297 148 1336 nudi
174 1297 363 1349 corporiS,
394 1296 487 1335 dein
509 1295 710 1335 vestimen-

52 1349 197 1392 torum’
207 1351 419 1392 habebatur
437 1353 547 1393 ratio.

51 1408 236 1451 Parafitus
254 1409 372 1449 Plaut.
395 1408 512 1449 Stich.
529 1421 576 1457 11,
595 1421 627 1457 1,
644 1415 706 1458 18.

56 1466 174 1505 Nunc
193 1465 238 1518 fi
258 1463 451 1504 ridiculum
479 1477 629 1518 quaeret
649 1465 710 1504 ho-

52 1524 186 1564 minem
219 1520 418 1574 quispiam,
455 1519 603 1561 Venalis
643 1533 710 1575 ego

40 1576 130 1633 fitm
161 1590 242 1616 cum
274 1580 499 1616 ornamentis
527 1575 708 1616 omnibus.

47 1633 111 1677 Cf.
130 1634 254 1673 Plaut.
276 1634 389 1673 Cure.
408 1646 457 1679 11,
476 1646 513 1686 3,
530 1637 596 1686 65.
628 1635 667 1672 Β.

108 1703 159 1732 10
190 1689 333 1743 Ροννο]
371 1688 499 1732 Modo
533 1688 710 1728 aduerbi-

50 1760 118 1786 um
149 1743 327 1784 ordinis:
378 1745 470 1783 alias
508 1745 708 1797 temporiS.

51 1804 156 1844 Haec
179 1799 398 1854 adpofiunt]
429 1801 533 1839 Haec
554 1802 710 1853 plurali-

53 1870 114 1900 ter
157 1871 227 1909 pro
274 1856 352 1895 hae.
428 1859 472 1895 In
505 1857 708 1907 Eunucho,

49 1916 239 1956 Continuo
268 1912 350 1951 haec
370 1911 573 1962 adornant,
601 1927 643 1953 vt
659 1913 710 1953 la-

50 1984 125 2011 uet.
185 1972 233 2008 In
254 1967 514 2017 Phormione,
545 1971 648 2010 Haec
666 1970 709 2009 il-

53 2029 131 2069 laec
140 2038 249 2066 erant
262 2027 405 2064 itiones.
442 2024 595 2064 Talenta
615 2025 716 2081 duo]

50 2087 99 2125 ln
121 2079 372 2134 sequentibus
394 2079 515 2130 dicet,
544 2082 634 2120 Duo
655 2096 711 2121 ta-

52 2142 152 2181 lenta
176 2148 247 2191 pro
270 2151 309 2176 re
329 2136 453 2189 nostra
479 2151 546 2193 ego
568 2139 711 2179 decreui

50 2194 232 2249 effifiztis.
291 2193 336 2235 C.

111 2253 231 2292 Porro
257 2247 344 2289 haec
372 2247 529 2303 talenta]
578 2249 712 2291 Talen-

56 2321 136 2351 tum
155 2317 279 2360 genus
298 2303 352 2344 est
370 2304 574 2356 ponderis,
604 2305 712 2357 quod

54 2364 175 2405 habet
201 2363 244 2400 in
270 2358 309 2400 se
336 2373 442 2401 an.
469 2372 532 2401 aut
558 2375 648 2402 Lxx.
668 2363 712 2402 li-

55 2421 158 2462 bras.
212 2420 257 2458 E.
531 2442 536 2447 -

54 2506 58 2510 ,
111 2480 185 2518 Ρι·ο
214 2470 416 2526 adposcunt
444 2472 550 2525 quod
579 2473 635 2513 est
671 2474 713 2515 in

55 2531 193 2575 Bemb.
219 2540 282 2569 aut
293 2527 493 2581 adpcffcent,
515 2531 620 2581 quod
632 2543 715 2571 cae-

50 2589 133 2632 zei-i
161 2585 310 2628 habent
339 2584 449 2635 libri,
481 2598 634 2640 repone
654 2587 716 2628 ad-

758 1241 835 1279 iam
853 1251 1017 1291 reperta.
1073 1244 1114 1282 B.

815 1309 861 1339 11
891 1297 1016 1350 Qum
1043 1298 1159 1337 multa
1180 1299 1293 1352 iusta‚
1324 1303 1420 1341 iniu-

603 1353 709 1393 Hinc
748 1351 828 1406 fia]
867 1352 1070 1404 Siquidem
1107 1368 1230 1405 nunc,
1274 1356 1416 1399 reli'c‘iis

758 1407 940 1448 omnibus
988 1409 1121 1456 rebus,
1170 1415 1418 1464 quaerendus

757 1463 854 1505 mihi
873 1464 927 1503 est
945 1465 1094 1516 aliquis,
1121 1468 1182 1506 cui
1201 1481 1291 1508 meo
1310 1469 1418 1510 labo*

758 1533 802 1560 re
820 1522 982 1561 inuenta
1001 1521 1094 1560 dare
1112 1523 1259 1574 poffim,
1289 1538 1329 1566 vt
1347 1525 1418 1567 fili.

758 1589 821 1616 am
840 1590 967 1616 meam
986 1577 1097 1617 ducat
1117 1592 1287 1623 vxorem.
1320 1586 1364 1624 Ε.

814 1635 920 1676 Cum
938 1634 1174 1687 Eugraphio,
1201 1648 1241 1677 er
1261 1651 1310 1677 ex
1323 1652 1417 1679 con-

759 1689 905 1728 iedura
932 1692 978 1729 G.
1006 1690 1188 1741 Fabricii,
1225 1694 1418 1745 probante

760 1747 938 1798 Guyeto‚
984 1745 1074 1799 lege
1119 1758 1160 1787 et
1204 1749 1413 1803 distingne,

758 1800 882 1856 Qum
899 1802 1028 1850 multa,
1049 1802 1141 1856 iusta
1160 1805 1302 1858 iniusta,
1311 1805 1417 1858 fiunt

759 1857 949 1901 moribus?
979 1857 1042 1899 Cf.
1061 1859 1176 1899 Adel.
1200 1875 1245 1910 v,
1274 1875 1322 1916 9,
1350 1875 1416 1917 33.

758 1911 899 1954 Sensus
919 1911 983 1960 est,
1007 1915 1100 1954 Siue
1121 1915 1215 1956 insta
1232 1917 1420 1959 iiueiniw

759 1969 812 2008 sta
831 1968 922 2018 fint,
953 1971 1122 2010 moribus
1151 1970 1271 2024 fiunt,
1305 1987 1344 2015 et
1372 1977 1417 2015 in

760 2026 959 2065 communi
978 2027 1053 2066 vita
1077 2028 1342 2070 dominantur.
1375 2035 1417 2073 Β.

820 2093 869 2124 12
899 2080 1046 2123 Relic‘tis
1069 2086 1256 2140 omnibus]
1287 2087 1418 2128 Pofitis

760 2137 941 2179 omnibus
958 2139 1037 2178 aliis
1057 2142 1232 2193 negotiis.
1287 2146 1333 2186 C.

819 2206 866 2248 13
899 2193 1040 2235 Labore
1051 2198 1222 2253 inuenta]
1241 2200 1415 2250 Proprie,

757 2260 884 2304 parta.
940 2251 986 2293 C.

822 2320 840 2350 1
872 2306 1001 2347 Multo
1026 2311 1186 2348 omnium
1213 2324 1310 2351 nunc
1341 2312 1416 2369 me]

761 2363 836 2404 Hic
855 2362 909 2402 est
927 2364 1096 2404 iucunda
1115 2366 1300 2418 expositio
1319 2381 1421 2408 erro-

762 2420 812 2458 ris
841 2416 943 2458 senis
969 2419 1020 2458 de
1046 2420 1173 2461 verbis
1202 2425 1311 2476 Syri,
1351 2426 1420 2476 qui

761 2474 1049 2518 Menedemum
1096 2478 1219 2518 credit
1276 2479 1417 2533 decipi,

763 2531 856 2576 dum
879 2528 960 2583 ipse
979 2531 1185 2584 decipitur.·
1235 2537 1281 2577 C.

816 2587 948 2683 Muvlto
970 2590 1156 2645 vinnium]
1186 2592 1307 2632 Scena
1326 2592 1422 2630 haec

927 2653 948 2683 v
1311 2651 1423 2689 afflo-
