1815 3168
386 129 451 184 84

787 119 942 165 ACT.
976 119 1008 162 Ι.
1056 115 1246 161 SCEN.
1281 118 1338 162 V.

522 253 598 300 Te
620 245 824 301 obtestor,
845 262 902 294 ne
922 245 997 293 abs
1016 254 1060 292 te
1081 244 1193 291 hanc
1219 242 1431 306 segregeS,
1451 257 1542 289 neu
1561 237 1751 289 deseras:

449 490 502 543 56
536 484 723 537 obtestor]
752 479 940 532 Obtcflato
961 479 1050 519 dici-

394 557 473 593 tur,
513 541 669 594 quando
700 552 792 578 eum
819 538 1048 584 adimamus,

396 613 514 653 quem
545 608 735 649 rogamus.
795 596 952 633 Oramus
978 604 1050 644 per

398 669 460 698 eas
478 667 550 698 τες,
570 662 728 703 propter
742 662 835 702 quas
859 660 1048 701 rogamus,

396 714 505 764 Virg.
547 711 667 761 (Aen.
690 720 732 755 x,
761 708 847 758 45.)
899 726 954 735 -
985 714 1055 758 per

397 767 549 819 euersor,
554 767 714 820 genitor,
716 760 913 813 siamantia
923 760 1055 800 Troiae

399 822 557 864 Excidia
594 818 762 871 obtestor.
821 817 884 856 Ne
919 816 985 857 abs
1019 829 1055 855 te

400 881 492 921 hanc
502 876 682 933 figreges‚
704 887 773 913 neu
792 873 952 927 defiras]
989 871 1055 913 Ad

401 936 530 982 fidem,
564 947 606 971 ne
622 932 809 987 figreges‚
828 930 976 970 retulit:
1006 927 1057 966 ad

391 992 653 1045 solitudinem,
681 1001 734 1027 ne
765 984 935 1026 deseras:
981 984 1056 1023 hoc

403 1048 468 1096 est,
489 1059 542 1086 ne
558 1046 669 1085 aliam
689 1043 815 1090 ducas,
844 1051 911 1081 aut
929 1054 1057 1080 amare

405 1103 572 1150 defluas,
610 1099 754 1141 etiamst
790 1098 902 1137 aliam
927 1097 1054 1135 ducas.

403 1163 463 1202 Ne
480 1160 545 1199 abs
562 1169 598 1196 te
620 1153 910 1209 hancfigreges]
942 1150 1057 1204 Quasi

404 1213 525 1269 ipsam
536 1227 653 1253 manu
665 1223 817 1252 tenens.
845 1210 964 1256 Hanc,
975 1221 1059 1260 pro-

408 1283 496 1325 pter
506 1270 671 1311 formam
681 1278 718 1307 et
728 1277 904 1305 aetatem.
935 1264 1061 1318 Segn-

405 1328 489 1384 ges]
517 1330 601 1366 Hoc
612 1323 775 1363 verbum
795 1320 953 1372 simplex
978 1319 1064 1358 fieri

405 1397 490 1424 non
501 1379 632 1434 potest.
651 1380 736 1418 Neu
747 1375 906 1429 defiras]
920 1373 1062 1428 postre-

406 1452 484 1481 mo,
512 1434 744 1488 Teobtestor]
773 1434 931 1472 Sextum
945 1437 1066 1476 παρέλ-

404 1512 470 1535 κον.
489 1493 585 1533 dixit
594 1492 700 1532 enim
718 1491 806 1538 iam,
825 1487 941 1545 ‚Quod
957 1500 1019 1542 ego
1031 1497 1068 1528 te

401 1563 470 1608 per
489 1550 579 1589 hanc
599 1549 771 1588 dextram
798 1559 880 1584 oro.
932 1545 984 1585 D.

467 1663 530 1701 Ne
551 1660 616 1700 abs
637 1673 671 1698 te
689 1655 966 1711 camfigreges,
993 1666 1066 1694 neu

410 1719 565 1769 deseras.
622 1718 719 1756 Sunt
747 1724 874 1754 autem
901 1711 991 1760 duo,
1020 1724 1066 1749 ne

411 1776 479 1816 abs
491 1774 755 1828 telbgreges‚ne
764 1782 843 1809 non
854 1781 941 1808 eam
950 1766 1065 1805 ducas

412 1843 590 1872 vxorem:
609 1842 676 1866 neu
696 1825 849 1877 dest-ms,
869 1836 973 1863 neue
982 1834 1065 1861 non

412 1887 690 1943 periclitantem
702 1880 899 1921 defendas.
928 1879 1007 1919 Scit
1026 1890 1065 1916 e-

411 1945 494 1986 nim
505 1938 581 1981 efl'e
591 1939 747 1993 peregri
753 1952 775 1975 n
782 1951 841 1976 am
859 1934 1067 1976 secundum

412 1998 668 2051 suspicionem
700 1993 816 2033 suam.
874 1991 1069 2043 Adiungit

412 2056 593 2097 meritum
614 2049 718 2090 suum
738 2047 908 2089 dicendo
922 2075 931 2091 ‚
970 2048 1014 2086 Si
1032 2059 1068 2085 te

412 2116 454 2153 in
470 2112 637 2167 germani
648 2108 794 2159 fratris
804 2104 917 2143 dilexi
930 2102 1067 2155 locum]

414 2165 628 2220 Quomodo
641 2165 745 2218 Virg.
760 2165 885 2208 (Aen.
896 2173 947 2207 1v,
958 2173 980 2212 3
990 2162 1069 2211 15.)

406 2225 449 2279 fi
470 2225 555 2263 bene
581 2220 674 2275 quid
694 2220 735 2259 de
749 2229 783 2258 te
800 2218 924 2255 merui.
979 2217 1070 2254 Iun-

416 2283 475 2335 git
515 2291 643 2318 autem
678 2275 857 2315 meritum
895 2271 1068 2322 puellae:

415 2338 504 2377 Siue
529 2335 615 2374 haec
632 2330 797 2384 tefolum
810 2329 956 2380 simper
969 2326 1069 2378 fecit

416 2393 591 2434 maximi:
609 2388 679 2440 stu
693 2386 763 2427 tibi
782 2388 964 2438 morigera
980 2383 1069 2434 ficit

417 2455 457 2491 in
478 2447 582 2488 rebus
594 2442 777 2497 omnibus]
807 2440 889 2481 Tibi
897 2441 986 2491 fuit
996 2452 1069 2477 mo-

415 2509 554 2561 rigera,
584 2501 624 2542 id
642 2500 707 2548 est,
734 2499 806 2538 tuis
826 2495 995 2536 moribus
1015 2496 1069 2533 in-

413 2563 595 2604 semiens.
651 2561 702 2598 Et
726 2558 768 2596 in
795 2553 931 2592 merito
961 2551 1069 2603 puel-

416 2612 478 2661 lae
506 2614 715 2658 maximam
743 2612 821 2651 vim
847 2607 1068 2657 declax-anit,

1706 336 1753 383 Si

1498 406 1513 425 ί

1100 480 1204 532 quod
1221 477 1342 520 solum
1361 476 1510 531 semper
1528 477 1626 519 fecit
1642 478 1758 517 maxi-

1099 538 1166 576 mi.
1207 538 1372 587 Accepit
1393 550 1413 574 a
1431 548 1496 574 me
1511 532 1758 580 beneficium,

1099 592 1203 644 quod
1237 591 1383 631 seruata
1417 590 1479 640 fit,
1512 589 1619 642 quod
1647 589 1761 635 vitiat,

1099 659 1140 688 et
1157 660 1289 689 tamen
1309 657 1347 688 te
1374 644 1495 685 solum
1520 645 1677 685 maximi
1702 644 1760 684 fe-

1104 706 1166 745 cit.
1224 703 1350 744 Potest
1378 703 1492 743 etiam
1524 701 1618 749 dici,
1652 701 1761 752 quod

1103 760 1226 801 solum
1244 759 1431 799 amauerit
1446 760 1488 796 in
1506 758 1622 798 domo
1641 769 1762 797 mere-

1103 818 1217 857 tricis.
1273 814 1563 856 Allocutionem
1600 813 1762 853 efficaci-

1103 885 1161 913 ter
1180 871 1371 912 concludit
1389 882 1460 922 per
1477 869 1702 911 mandatum
1721 878 1762 908 et

1102 929 1309 971 monitum.
1365 926 1414 966 Te
1450 926 1507 980 zsti
1533 928 1657 967 virum
1686 923 1764 980 do]

1105 984 1224 1036 Quod
1251 982 1360 1037 supra
1383 982 1545 1032 dietum,
1581 978 1644 1021 abs
1664 991 1701 1019 te
1718 992 1765 1019 ne

1097 1042 1282 1095 figregcs.
1350 1040 1520 1079 Amicum
1538 1069 1547 1087 ‚
1589 1048 1764 1086 tutorem,

1103 1097 1265 1151 patrem]
1294 1098 1382 1135 Hoc
1393 1093 1668 1147 supradictum,
1693 1104 1764 1131 neu
1798 1096 1801 1097 ⁷

1106 1154 1257 1205 deseras.
1313 1152 1505 1204 Adiungit
1532 1160 1571 1188 et
1593 1148 1640 1188 ab
1659 1148 1766 1196 vti1i3

1108 1209 1206 1250 bona
1226 1207 1347 1260 nostra
1364 1207 1449 1246 haec
1468 1204 1539 1245 tihi
1557 1203 1768 1258 committo]

1109 1265 1195 1306 Post
1211 1264 1306 1303 haec
1329 1276 1406 1314 quo
1424 1262 1547 1300 maior
1557 1262 1612 1300 vis
1623 1261 1671 1300 ad
1682 1273 1767 1300 me-

1110 1320 1273 1360 moriam
1307 1317 1418 1369 poffit
1455 1315 1687 1364 accrescere,
1727 1325 1767 1355 vt

1112 1374 1384 1416 mandatorum
1411 1372 1526 1412 verba
1558 1373 1600 1410 in
1631 1367 1771 1410 animo-

1112 1431 1187 1471 fixa
1205 1438 1473 1477 remanerent,
1497 1427 1593 1466 illud
1614 1427 1769 1477 adiecit,

1114 1489 1224 1529 Hanc
1240 1485 1331 1526 mihi
1349 1488 1547 1524 inmanum
1569 1484 1648 1533 dat,
1669 1497 1769 1524 mors

1114 1545 1293 1584 continuo
1314 1555 1390 1580 eam
1410 1540 1580 1594 occupat]
1641 1541 1770 1579 Comi-

1113 1613 1187 1640 nuo
1216 1598 1361 1649 inquit,
1387 1607 1567 1648 tanquam
1586 1593 1702 1646 vsque
1722 1593 1770 1634 ad

1113 1654 1284 1695 mandati
1323 1652 1508 1692 creditam
1538 1649 1771 1691 sententiam

1113 1713 1191 1751 vita
1219 1707 1421 1749 suffecerit.
1475 1706 1688 1748 Concludit
1705 1706 1771 1745 de-

1094 1765 1356 1811 *liberationis
1390 1762 1479 1803 suae
1513 1774 1662 1815 partem
1698 1774 1772 1814 per

1115 1823 1366 1863 elec‘lionem:
1425 1822 1557 1872 Arcepi
1576 1849 1585 1867 ‚
1631 1819 1769 1869 inquit,
1805 1849 1807 1853 .

1115 1889 1295 1929 acceptam
1312 1874 1507 1928 firuabo]
1565 1872 1772 1916 Consentit

1116 1935 1304 1973 continuo
1326 1943 1365 1970 et
1382 1930 1519 1984 Mysis,
1551 1940 1592 1969 et
1609 1927 1689 1982 ipse
1710 1943 1773 1967 cu·

1115 2005 1197 2030 ram
1213 1990 1315 2028 illius
1335 1986 1528 2035 habende,
1556 1999 1643 2025 cum
1662 1982 1773 2023 dixis-

1116 2045 1188 2095 set,
1219 2057 1328 2099 perge
1355 2044 1404 2082 ad
1426 2041 1659 2094 obstetricem,
1690 2054 1772 2080 mo-

1117 2113 1267 2152 netque
1293 2113 1346 2139 ne
1366 2098 1510 2150 aliquid
1532 2097 1632 2137 dicat
1651 2097 1771 2136 domi-

1119 2171 1194 2197 nae
1221 2157 1272 2196 de
1298 2156 1455 2207 nuptiis.
1488 2153 1592 2205 quod
1611 2154 1773 2205 pulchre

1119 2214 1173 2253 est
1193 2213 1429 2251 collocatum.
1471 2213 1569 2250 Nam
1587 2208 1773 2249 nonnihil

1119 2284 1169 2309 ex
1198 2270 1271 2307 hoc
1295 2266 1414 2306 fidem
1441 2265 1505 2305 dat
1522 2266 1682 2313 amoris,
1709 2265 1772 2305 cui

1118 2337 1158 2365 et
1187 2322 1404 2364 milei-euna·
1444 2325 1492 2362 Et
1523 2320 1688 2370 vrbane,
1720 2333 1774 2362 ne

1116 2383 1155 2421 ei
1173 2394 1288 2432 quam
1308 2379 1434 2431 diligit
1451 2389 1499 2416 ex
1518 2378 1646 2428 aliquo
1673 2389 1773 2415 nun·

1118 2439 1178 2476 cio
1208 2435 1412 2488 aegritudo
1435 2435 1668 2480 cumuletur,
1697 2430 1773 2471 hoe

1117 2490 1259 2546 posuit:
1286 2494 1404 2544 Atque
1432 2490 1578 2531 audin'?
1617 2487 1773 2528 verbum

1116 2561 1229 2589 vnum
1258 2558 1347 2586 caue*
1379 2547 1421 2585 de
1449 2548 1608 2599 nuptiis:
1653 2544 1774 2586 ηε.αᾶ

1116 2603 1281 2647 morbum
1298 2604 1365 2644 hoc
1383 2606 1504 2645 etiam.
1559 2603 1602 2643 Ε.
