1815 3168
517 127 1060 178 HEAVTONTIM.

1318 162 1319 165 =
1360 136 1467 193 ,1685

237 260 577 318 Quemquamne
611 255 758 300 animo
790 264 879 300 tam
901 258 1125 302 communi
1148 253 1254 310 effe,
1272 266 1364 306 ‘aut
1383 261 1472 308 leni

332 341 473 396 PUtaS,

131 423 198 470 40
238 409 329 461 Qui
351 406 392 452 se
413 404 588 452 vidente
612 406 792 451 amicam
813 406 1002 469 patiatur
1023 404 1175 452 suam?

235 480 288 528 M
304 495 344 528 Ε.
387 480 589 534 Quidni?
623 497 713 544 quo
733 480 863 528 verba
884 481 1049 527 facilius
1077 481 1236 528 dentur
1256 484 1386 533 mih‘r.
1412 515 1416 545 ᾖ

92 591 123 603 „⁷
232 553 343 604 Cn.
380 555 599 602 Derides?
633 557 793 603 merito
815 556 924 602 mihi
949 572 1067 603 nunc
1090 573 1173 618 ego
1198 558 1439 612 succenseo.

234 636 361 687 Quot
389 648 457 677 res
485 630 656 684 dedere,
681 630 753 679 vbi
775 629 944 696 possem
965 632 1282 696 persemiscere,

234 706 330 756 Nisi
353 703 482 753 effem
502 707 643 771 lapis?
684 723 793 770 quae
816 703 928 755 vidi!
974 723 1050 754 vae
1072 708 1227 756 misero
1257 708 1395 761 mihi!

135 797 208 846 455
239 788 300 830 At
321 799 377 830 ne
392 782 505 828 illud
525 783 632 829 haut
653 782 858 835 inultum,
881 780 910 828 fi
932 784 1050 834 viuo,
1073 783 1238 831 ferent:

196 878 206 888 ⁴
238 863 360 907 Nam
380 856 480 905 iani.
503 857 604 906 ΜΕ.
624 874 718 905 non
740 867 790 905 tu
813 867 855 905 te
875 857 1085 905 cohibes?
1104 872 1251 908 nonte
1262 863 1473 927 respicis?

159 1070 212 1111 39
245 1058 442 1099 Communi
464 1070 499 1097 et
516 1056 607 1112 leni]
639 1057 761 1109 Quod

102 1113 130 1154 fi
151 1117 260 1163 comi,
291 1115 472 1167 intellige
493 1116 587 1153 comi
608 1128 677 1166 pro
697 1114 762 1154 be-

90 1166 228 1224 'nigno
265 1183 303 1210 et
329 1169 550 1220 mansueto3
584 1184 674 1209 nam
703 1184 763 1209 co·

97 1230 177 1266 'mes
199 1225 378 1266 homines
404 1226 592 1275 dicuntur,
611 1227 678 1278 qui
704 1240 761 1265 er-

100 1282 274 1322 rantibus
301 1284 398 1323 viam
432 1281 640 1321 ostendunt
658 1281 764 1323 beni·

94 1342 184 1392 gne
205 1352 246 1378 ac
265 1352 344 1378 non
364 1340 523 1391 granati.
580 1340 627 1380 C.

158 1396 296 1434 Animo
324 1407 401 1434 tam
422 1398 619 1447 communi]
652 1395 761 1435 Com-

101 1453 222 1489 munis
246 1462 284 1490 vt
303 1452 457 1490 Graecis
485 1450 600 1494 κοινός.
655 1451 762 1492 The-

93 1519 196 1560 logn.
228 1504 292 1546 ξ’ςω
319 1507 420 1551 not-ade,-
446 1504 536 1550 ἅπας
555 1513 570 1544 ὁ
588 1514 678 1555 βίος,
704 1516 758 1547 καὶ

99 1561 270 1610 ὁμόφρονα
288 1568 411 1602 πάντα.
439 1566 571 1604 Petrus
581 1561 756 1617 Chrysol.

100 1621 224 1660 Serm.
246 1623 334 1673 164.
363 1619 464 1675 Qia
478 1620 639 1673 pauper,
669 1631 761 1659 co'm-

96 1677 223 1715 'munis
254 1674 300 1726 est
318 1675 483 1730 semper,
510 1688 615 1730 patet
644 1679 762 1717 omni-

94 1731 182 1774 bus.
236 1736 278 1774 L.

156 1792 339 1841 Repone,
374 1788 660 1843 Qemqudmne
683 1802 760 1828 tam

91 1846 224 1898 ,animo
250 1845 345 1883 comi
372 1846 435 1896 <sse
471 1857 506 1884 et
531 1842 605 1883 lem'
629 1856 758 1897 putas.

97 1904 269 1943 Faernus
286 1901 389 1940 recle
409 1899 585 1952 repudiat
605 1914 760 1941 commu-

99 1960 152 2005 ni,
178 1970 260 1996 non
273 1956 390 1996 modo
419 1956 468 1995 ob
494 1953 661 2006 sensum,
691 1955 758 1997 sed

101 2015 219 2054 etiam
248 2012 296 2051 ob
329 2010 509 2064 quosdam
540 2013 676 2052 libros:
714 2014 758 2053 in

96 2067 330 2122 Jquibtisdam
349 2071 454 2108 enirn
476 2071 567 2108 comi
593 2071 759 2121 reperia-

102 2153 172 2190 tur,
194 2143 232 2180 in
257 2143 334 2181 aliis
352 2141 393 2180 {it
412 2140 591 2194 scriptum
618 2144 692 2192 coi,
723 2154 761 2182 vt

101 2199 204 2238 adeo
223 2212 292 2250 pro
313 2202 495 2238 commum·
519 2209 558 2238 et
570 2202 666 2239 comi
680 2197 760 2250 pos-

102 2254 145 2293 fit
164 2256 299 2306 accipi.
351 2255 512 2297 Deinde
539 2269 610 2308 pro
638 2269 703 2295 aut
721 2269 761 2295 o-

101 2323 214 2350 mnes
233 2312 317 2350 sere
339 2311 467 2357 nostri,
488 2325 536 2350 et.
595 2315 633 2357 Β,

101 2399 104 2401 -
158 2379 213 2419 40
250 2369 416 2406 Amicam
440 2371 610 2420 patiatur
629 2367 759 2422 fimm]

102 2421 284 2471 subaudi,
295 2422 519 2478 fitbagitari.
576 2427 622 2464 Et
633 2424 761 2464 estho-

103 2479 210 2518 nesta
231 2477 369 2523 ’ἔλλειψις
387 2483 426 2519 iu
448 2493 490 2519 re
513 2481 622 2531 turpi.
654 2483 759 2535 Virg.

101 2536 199 2588 (Ec-1.
222 2548 293 2584 111,
316 2539 386 2588 Β.)
422 2537 606 2577 Nouimus
635 2551 669 2577 et
697 2541 762 2591 qm·

101 2605 150 2631 te.
209 2591 253 2631 C.
445 2629 450 2635 .
546 2632 551 2637 .

155 2659 208 2700 41
239 2646 348 2704 Qid
365 2648 455 2703 ni?]
486 2651 569 2703 Pro,
590 2662 653 2690 cur
669 2663 757 2693 non.

1358 943 1470 1000 Ngon

810 1063 861 1101 Et
878 1057 974 1098 haec
992 1059 1108 1100 verba
1127 1062 1282 1114 proprie
1299 1059 1388 1102 sumt
1407 1064 1475 1104 de·

810 1115 984 1156 ridentis.
1043 1117 1088 1158 C.
1359 1143 1365 1146 -
1393 1142 1395 1145 -

867 1172 919 1211 Vt
934 1173 1094 1223 facilius
1121 1173 1212 1212 mihi
1248 1172 1364 1216 verba
1389 1174 1476 1217 dm·

811 1226 891 1273 tur]
919 1230 1026 1268 Haec
1044 1226 1144 1267 faeta
1163 1227 1259 1270 sunt.
1315 1233 1357 1272 E.

865 1283 946 1332 Ah,
976 1283 1047 1333 ah,
1074 1283 1137 1333 eh,
1171 1286 1276 1337 quod
1296 1287 1340 1326 in
1366 1286 1478 1329 libris

799 1337 1039 1391 quibusdam
1057 1351 1170 1391 extat,
1203 1341 1309 1383 abest
1327 1345 1433 1384 recle
1453 1359 1476 1384 a

810 1396 1046 1436 melioribus.
1111 1399 1213 1438 Nam
1257 1398 1352 1439 risus
1388 1414 1474 1440 non

811 1452 964 1493 videtur
982 1453 1110 1492 locum
1133 1452 1291 1495 habere.
1348 1460 1396 1498 Β.

863 1520 917 1562 42
940 1511 1085 1549 Merito
1103 1510 1196 1549 mihi
1208 1524 1301 1551 nunc
1313 1526 1381 1567 ego
1390 1512 1476 1563 fitc-

810 1564 951 1619 cenfio]
982 1566 1057 1605 Hic
1076 1567 1152 1606 iam
1162 1567 1210 1606 ab
1222 1570 1474 1620 argumentis,

811 1634 911 1673 quae
930 1636 951 1660 a
969 1622 1214 1662 Menedemo
1244 1624 1344 1663 dieta
1372 1623 1474 1676 sunt,

809 1678 882 1717 alia
911 1678 1061 1732 colligit
1077 1676 1266 1720 Chremes
1294 1680 1345 1719 de
1364 1694 1475 1733 prae-

800 1735 941 1789 terite,
961 1733 1067 1786 quod
1088 1733 1188 1773 illum
1207 1738 1245 1774 in
1260 1735 1388 1789 finum
1407 1751 1476 1776 me-

811 1793 960 1829 retricis
997 1790 1139 1830 viderit
1164 1804 1313 1832 manum
1341 1792 1476 1843 irgtfi‘re·

782 1890 785 1891 ⁷
809 1860 859 1886 re.
913 1848 958 1886 E.

864 1903 973 1955 Lege
991 1911 1032 1941 et
1050 1901 1258 1956 distingue,
1281 1904 1478 1951 Derides?

806 1960 949 1997 merito.
1005 1960 1060 1998 Vt
1076 1958 1172 1998 mihi
1192 1971 1289 1999 nunc
1308 1975 1375 2017 ego
1388 1962 1478 2013 fi‘s

807 2013 954 2065 ce‘nfi’o„
976 2015 1038 2069 Sic
1057 2013 1159 2054 infra
1171 2028 1213 2064 v,
1223 2029 1264 2070 4,
1276 2028 1341 2057 20.
1372 2019 1416 2058 B.

860 2099 916 2140 44
945 2087 1001 2126 Ni
1020 2085 1117 2138 efflm
1143 2088 1284 2142 lapis?]
1316 2091 1475 2142 Superi-

809 2154 866 2191 υς,
887 2143 992 2183 Nam
1009 2143 1205 2195 exfitperat
1217 2147 1293 2184 eius
1304 2145 1472 2195 stultitia

809 2198 897 2240 haec
915 2201 1051 2240 omnia.
1104 2201 1152 2240 Et
1173 2201 1258 2251 plus
1271 2201 1324 2241 est
1353 2215 1472 2253 quam

810 2256 964 2304 caudex,
974 2255 1102 2308 stipes,
1121 2253 1256 2306 afi'nus.
1310 2259 1355 2299 C.

861 2310 1001 2352 Versus
1026 2310 1207 2366 postulat,
1225 2310 1472 2368 Νιββιξθὲηι

807 2369 844 2408 Ιά
871 2371 914 2409 is.
971 2372 1015 2410 Β.

841 2381 922 2478 p46
951 2425 1051 2464 lvam
1073 2424 1201 2479 iuml]
1227 2422 1469 2471 Α’ποσιῶπησις.

811 2484 858 2521 H.
881 2494 914 2520 e.
974 2494 1024 2521 ex
1048 2479 1125 2520 hoc
1149 2491 1327 2533 tempore
1350 2482 1469 2523 exhe-

810 2537 957 2580 redabo
984 2550 1089 2584 eum,
1111 2549 1175 2577 aut
1201 2537 1345 2589 aliquid
1379 2541 1467 2580 tale.

810 2593 949 2646 Virgil.
982 2597 1105 2644 (Aen.
1139 2606 1179 2642 Ι,
1216 2598 1324 2648 135.)
1359 2597 1470 2649 {daos

810 2654 901 2705 ego!
956 2650 1003 2692 C.

1361 2706 1466 2747 Nam
