1815 3168
312 143 373 188 16

305 254 452 293 citatius
484 252 696 306 legendum
724 251 797 290 est:
827 253 915 304 quia
943 263 981 290 et

305 309 556 362 refpe'dantes
595 318 822 361 properant,
858 320 896 346 et
927 308 980 346 di-

304 365 443 406 scernit
467 381 487 404 a
517 365 630 405 Solia.
674 363 799 404 Soliae
819 361 979 414 persona

303 423 487 474 protatica
517 420 580 459 est.
619 434 699 459 non
729 420 835 457 enim
866 416 979 469 vsque

302 479 351 518 :id
372 477 487 517 linem
502 474 715 529 perseuerat
730 477 745 512 :¹
767 485 804 512 vt
815 473 979 515 estDaui

301 535 344 573 in
363 533 602 580 Phormione,
631 533 670 569 in
692 532 845 582 Hecyra
862 529 984 569 Philo-

303 590 392 629 tidis
416 601 453 627 et
473 593 602 640 Syrae.
659 588 708 626 D.

353 646 477 685 Prima
496 643 605 684 scena
623 641 731 680 liuius
756 640 980 679 comoediae

301 686 448 741 caufam
475 700 647 738 continet
665 697 765 748 quafi
794 696 980 735 delibera-

300 759 428 805 tiuam,
451 756 511 794 vbi
534 766 677 792 certum
701 752 897 791 confilium
916 765 979 791 ex-

299 815 567 866 ploratumque
594 809 751 848 mandat
776 807 884 847 seruo
912 808 977 847 do-

297 870 437 909 minus.
468 870 527 907 Ne
546 876 676 905 tamen
703 864 776 903 hoc
795 864 976 904 iniustum

299 924 494 964 confilium
515 922 576 971 ἧς
595 921 698 973 quod
719 934 768 960 ex
785 920 975 960 delibera-

297 982 406 1020 tione
423 979 574 1018 videtur
594 979 809 1026 inuentum,
829 990 878 1016 ex
888 991 974 1016 nar-

297 1037 454 1076 rationis
475 1033 641 1087 partibus
662 1035 851 1086 colligitur
869 1033 973 1084 quod

295 1092 443 1132 iustum.
498 1089 626 1130 Habet
660 1089 818 1141 quidem
850 1088 971 1128 finem

295 1148 391 1188 haec
436 1145 565 1196 scena,
608 1147 814 1198 imperium
855 1157 970 1197 atque

293 1204 541 1249 mandatum,
577 1202 679 1253 quod
713 1200 821 1241 seruo
849 1201 970 1240 detur.

293 1261 370 1302 Sed
400 1274 452 1299 ne
479 1259 633 1310 imperii
658 1269 772 1309 atque
798 1258 970 1296 mandati

292 1316 477 1356 iniustitia
493 1314 546 1363 fit,
568 1312 697 1353 causae
710 1313 762 1353 est
772 1312 969 1352 confilium

291 1370 454 1411 sumtum
465 1384 475 1419 ;
515 1369 576 1409 vbi
612 1369 780 1407 {imiliter
806 1369 966 1419 qualitas

291 1428 365 1474 est,
406 1441 455 1465 an
481 1424 661 1464 iniustum
689 1423 887 1463 confilium
913 1424 965 1463 fit.

288 1483 366 1524 Sed
377 1484 451 1521 iam
464 1492 503 1520 vt
511 1480 558 1520 ad
570 1478 735 1532 speciem
748 1481 967 1519 veniamus:

289 1538 447 1579 mandat
464 1536 573 1577 seruo
593 1536 783 1584 dominus,
804 1536 908 1576 bene
927 1547 967 1575 vt

288 1595 462 1636 affimilet
480 1594 643 1645 nuptias.
673 1592 888 1633 Consilium
902 1607 965 1632 au-

289 1663 370 1691 tem
393 1650 434 1690 id
462 1649 533 1697 est,
561 1659 599 1687 et
626 1648 791 1687 nuncid
808 1662 964 1701 operam

254 1716 257 1717 ’
289 1707 362 1755 do,
389 1720 460 1758 per
486 1702 594 1744 falsas
618 1705 769 1755 nuptias
789 1717 878 1744 vera
899 1703 963 1743 ob-

285 1762 467 1816 iurgandi
494 1758 599 1799 causa
627 1760 691 1807 iit,
725 1760 751 1799 fi
770 1760 961 1814 {denegem

285 1818 447 1861 Consilii
491 1818 587 1856 ratio
629 1816 852 1868 quaerenda
883 1816 955 1865 est,

285 1888 388 1928 quae
426 1872 658 1925 supponitur
695 1871 755 1912 fic.
824 1873 962 1912 Filium

284 1931 402 1970 credo
423 1942 550 1969 amare
568 1930 820 1968 meretricem.
852 1931 960 1983 Haec

282 1988 380 2028 ratio
409 2000 477 2038 pet·
505 1985 958 2032 c011ieffiu·amtra8tatur3

283 2058 334 2084 an
366 2042 463 2081 filius
482 2046 585 2080 amet
609 2042 861 2080 meretricem.
909 2042 961 2079 O-

282 2100 381 2141 mnis
404 2099 520 2152 igitur
538 2093 648 2136 scena
671 2099 710 2136 in
733 2096 805 2135 hoc
828 2093 970 2135 consu-v

281 2156 418 2202 mitur,
448 2165 485 2193 vt
508 2154 746 2206 argumentis
766 2153 958 2191 conteea-

280 2210 421 2253 talibus
448 2210 649 2263 colligatur
673 2208 793 2248 filium
813 2221 954 2248 amare.

280 2269 414 2318 Quare
447 2267 666 2304 conieetura
685 2264 882 2312 confilium
900 2262 957 2303 su-

279 2336 346 2362 um
367 2322 511 2374 probat,
532 2332 571 2360 vt
590 2321 712 2360 filium
731 2320 873 2361 debeat
891 2321 956 2360 ob-

277 2379 443 2431 iurgare,
467 2377 492 2416 fi
512 2388 625 2417 amat.
682 2379 774 2428 Quo
795 2376 953 2416 confilio

277 2435 415 2489 probat
433 2445 471 2472 et
488 2433 628 2472 iustum
647 2431 814 2472 declarat
833 2435 955 2485 impe-

275 2492 394 2539 rium,
430 2503 505 2541 quo
534 2489 587 2528 est
613 2486 720 2528 seruo
748 2490 953 2541 imperatu*

275 2560 361 2596 ωε,
389 2557 427 2585 vt
450 2545 555 2585 bene
582 2546 766 2585 assimulet
790 2546 951 2596 nuptias.

275 2606 383 2646 Haec
399 2616 469 2655 per
486 2600 722 2655 singulorum
739 2602 862 2655 capita
873 2615 952 2643 ver-

735 140 891 188 ACT.
928 140 960 190 1.
1013 140 1207 187 SCEN.
1241 141 1276 188 1.

1032 251 1136 292 suum
1167 254 1322 306 plenius
1344 253 1576 305 aperientur.
1634 254 1710 293 Pri-

1031 322 1134 347 mum
1174 321 1226 349 ne
1256 309 1348 360 quid
1381 321 1491 361 turpe
1525 310 1708 349 dominus

1030 362 1208 404 aduersus
1243 364 1363 404 filium
1387 363 1496 405 seruo
1523 365 1709 404 mandare

1029 419 1212 460 videatur.
1236 420 1437 471 Siquidem
1449 423 1512 460 ille
1523 420 1631 469 filius,
1644 420 1707 459 hic

1026 472 1156 514 seruus
1170 475 1233 515 est.
1266 478 1357 516 Non
1379 478 1443 516 illa
1464 478 1627 530 vulgaris
1646 476 1709 515 ab·

1031 532 1127 570 iefta
1147 529 1309 583 persona
1326 529 1425 571 serui
1442 532 1504 582 est,
1525 544 1655 583 neque
1667 533 1708 572 in

1032 587 1258 633 conditione
1278 588 1388 636 viuit‚
1417 602 1550 640 neque
1569 590 1608 626 in
1630 599 1708 627 tur.

1030 644 1071 694 pi
1083 643 1209 682 officio
1225 641 1420 693 seruitutis,
1433 643 1496 683 sed
1509 645 1614 685 cuius
1625 645 1705 682 ani-

1027 712 1111 737 mus
1134 710 1172 737 et
1189 701 1389 752 integritas
1416 699 1536 739 fuerit
1564 713 1633 750 per
1652 698 1704 738 of·

1025 753 1108 794 ficia
1128 756 1317 807 completa
1327 755 1504 795 liberalis.
1536 759 1622 796 Hoc
1635 756 1706 808 igi-

1025 821 1085 848 tur
1109 812 1234 863 tangit
1255 813 1360 851 Simo
1380 825 1468 850 cum
1484 812 1612 851 laudat
1633 809 1703 849 ser·

1026 880 1116 906 vum
1136 866 1300 906 Sosiam:
1332 878 1371 906 et
1389 866 1480 906 dicit
1506 881 1603 919 opus
1623 865 1701 907 effe

1025 936 1107 961 non
1130 933 1230 968 arte,
1256 921 1320 963 sed
1339 923 1397 962 his
1416 924 1543 975 potius
1572 922 1698 972 rebus,

1024 992 1114 1030 quas
1134 980 1175 1018 in
1196 992 1244 1018 eo
1264 978 1596 1032 semper-agnouit,
1620 978 1699 1019 fide

1022 1046 1060 1073 et
1090 1036 1356 1075 taciturnitate.
1413 1038 1510 1075 Nam
1527 1034 1696 1084 fidesest,

1021 1101 1061 1129 vt
1087 1092 1277 1143 compleat
1295 1105 1395 1143 quae
1411 1091 1580 1131 mandat.
1621 1095 1697 1132 Ta-

1021 1148 1216 1186 citurnitas
1249 1157 1378 1188 autem
1404 1145 1614 1187 necefl'aria
1644 1148 1698 1186 vi·

1021 1202 1141 1249 detur,
1164 1214 1202 1242 vt
1218 1214 1363 1243 caueat.
1390 1204 1468 1244 Sed
1488 1218 1604 1255 parua
1616 1204 1698 1242 laus

1020 1259 1105 1297 data
1123 1257 1229 1298 seruo
1249 1259 1410 1308 videtur,
1429 1273 1548 1311 quem
1567 1261 1697 1312 co‘e'git

1019 1315 1200 1353 dominus
1227 1314 1402 1364 impofita
1427 1315 1606 1354 mandata
1624 1313 1696 1353 ser-

1016 1382 1116 1408 vare.
1145 1369 1220 1409 Sed
1234 1370 1418 1421 quoniam
1428 1369 1531 1422 apud
1540 1368 1696 1411 seruum

1015 1425 1163 1463 bonum
1175 1425 1355 1464 duntaxat
1371 1428 1497 1478 potuit
1514 1423 1592 1465 effe
1604 1439 1694 1465 con··

1013 1480 1205 1529 fidet-atio,
1235 1480 1339 1534 quod
1368 1481 1548 1521 dominus
1568 1483 1693 1522 maior

1014 1536 1103 1585 fibi,
1135 1535 1265 1577 nescio
1289 1539 1395 1589 quid,
1421 1536 1605 1578 ffluersus
1622 1540 1692 1578 mi-

1014 1607 1153 1633 norem
1187 1594 1389 1633 dominum
1421 1595 1690 1646 imperauerat.

1014 1650 1134 1689 Cuius
1168 1649 1195 1688 fi
1224 1664 1305 1688 non
1334 1647 1446 1699 effer,
1480 1651 1691 1702 imperium

1012 1702 1266 1745 adolescentis
1284 1717 1533 1758 aetatemque
1551 1707 1690 1746 timere

1011 1760 1176 1801 deberet
1185 1776 1196 1809 3
1223 1763 1314 1813 quia
1323 1763 1379 1800 illi
1388 1762 1472 1813 post
1483 1759 1582 1801 senis
1591 1775 1692 1801 mor-

1011 1828 1091 1856 tem
1112 1828 1192 1856 erat
1210 1817 1390 1856 dominus
1416 1817 1579 1858 futurus.
1624 1817 1691 1857 Id-

1009 1874 1111 1912 circo
1140 1873 1287 1913 laborat
1312 1872 1441 1913 senex.
1500 1875 1626 1914 Primo
1645 1874 1689 1914 in

1009 1929 1183 1968 animum
1209 1927 1319 1969 suum
1343 1927 1440 1970 serui
1466 1931 1613 1969 animos
1630 1930 1687 1970 in·

1011 1985 1153 2024 clinare
1174 1985 1277 2024 dicit.
1315 1989 1419 2040 Ergo
1435 1999 1484 2026 ex
1504 1986 1569 2025 illo
1591 1997 1686 2026 tem-

1009 2054 1231 2093 p01·e‚³quo
1252 2053 1379 2082 emtus
1401 2041 1530 2082 seruus
1548 2041 1604 2093 fit,
1642 2039 1683 2081 se

1007 2096 1100 2136 iusta
1123 2108 1163 2136 et
1180 2099 1384 2138 clementia
1402 2098 1482 2139 fine
1502 2098 1605 2137 duris
1630 2098 1684 2137 la-

1005 2153 1168 2195 boribus
1202 2152 1415 2204 imperass'e.
1471 2154 1553 2209 Ego
1589 2158 1684 2194 enim

1007 2222 1043 2249 te
1061 2212 1131 2249 emi
1148 2225 1169 2249 a
1183 2211 1367 2263 paruulo,
1394 2212 1533 2263 inquit.
1572 2212 1683 2250 Vere

1006 2267 1116 2305 enim
1142 2266 1319 2318 praestat,
1348 2268 1437 2319 quia
1463 2267 1500 2306 ei
1517 2266 1683 2318 praestat

1005 2323 1073 2374 qui
1090 2334 1268 2363 meretur.
1317 2327 1419 2364 Nam
1444 2324 1544 2362 circa
1573 2324 1682 2362 iuue-

1003 2392 1096 2418 nem
1118 2377 1372 2418 inofficiosum
1392 2380 1584 2431 imperare
1603 2378 1680 2419 for-

1002 2432 1093 2474 taffe
1118 2435 1341 2486 imperantis
1367 2435 1420 2473 est
1438 2445 1574 2474 metus,
1630 2438 1680 2475 Et

1002 2504 1088 2530 cum
1109 2491 1206 2530 dixit
1221 2506 1241 2530 a
1256 2491 1430 2543 paruulo,
1459 2492 1591 2542 vtique
1610 2491 1677 2530 be·

1001 2546 1229 2586 neficiorum
1239 2545 1393 2586 suorum
1403 2548 1566 2601 longum
1577 2558 1677 2586 tem-

1000 2616 1072 2657 pus
1095 2603 1264 2654 ostendit
1270 2617 1283 2654 5
1311 2603 1500 2658 deditque
1523 2604 1562 2643 ei
1585 2616 1676 2642 con·

1554 2670 1680 2703 unua·
