1815 3168
616 115 1032 163 EVNVCHVS.

1402 125 1492 174 341

265 243 363 294 Nisi
385 261 516 299 nunc,
549 260 653 292 cum
682 245 867 291 minime
885 242 1057 294 vellem,
1091 239 1361 302 minimeque
1381 256 1495 305 opus

362 322 460 368 fuit.

262 397 390 447 Eho!
432 374 583 443 nonne
623 395 710 444 hoc
753 391 935 444 monstri
983 384 1199 439 fimile'st?
1248 387 1357 453 quid
1399 385 1497 442 ais?

361 470 396 520 P
409 485 441 518 A
456 485 502 517 R.
541 488 756 519 maxume.

263 544 311 595 C
322 561 371 595 Η.
411 550 635 595 Continuo
649 548 833 594 accurrit
845 545 898 592 ad
911 561 995 596 me,
1010 559 1143 607 quam
1153 541 1286 601 longe
1299 539 1492 604 quidem,

260 628 494 678 Incmuus,
516 615 884 677 tremu1us,‘1abiis
909 616 1107 671 demiffis,
1134 633 1312 679 gemens
1329 635 1340 661 ε

179 836 231 878 41
267 823 361 876 Nist
377 837 473 864 nunc
502 836 612 877 quum
636 823 785 862 minime

127 881 267 935 vellem]
296 882 401 932 Quia
418 878 570 932 semper
587 879 709 925 nolui,
730 877 785 917 id-

125 951 174 977 eo
205 951 308 976 nunc
334 937 515 985 minime,
545 944 680 988 vtpote
695 933 784 973 ado-

126 992 270 1033 lescens
289 991 432 1033 senem.
487 993 720 1044 ,Minimeque
748 1004 786 1028 o-

117 1063 191 1103 pus
200 1049 309 1103 fuit]
341 1051 467 1101 Saepe
484 1049 591 1087 enim
601 1048 783 1086 nolumus

126 1117 286 1154 tantum,
312 1116 418 1144 nunc
441 1105 557 1144 etiam
582 1115 679 1156 opus
700 1115 782 1150 non

125 1163 190 1202 est.
244 1164 294 1202 D.

180 1230 232 1271 43
263 1218 389 1274 ‚Q-uam
408 1213 690 1271 longequidem]
715 1216 783 1254 Be-

128 1286 181 1312 ne
209 1275 316 1328 longe
346 1272 460 1311 dixit:
498 1272 588 1322 quia
623 1285 646 1309 a
675 1269 784 1324 longe

127 1343 208 1368 non
235 1328 359 1379 potuit
387 1326 535 1366 dicere:
571 1339 633 1374 arc
652 1323 784 1373 subau-

128 1385 230 1424 ditur
248 1395 353 1432 erat,
384 1393 424 1422 vt
442 1380 504 1431 fit,
536 1393 648 1435 quam
675 1378 786 1436 longe

127 1442 237 1480 erat?
291 1441 341 1480 D.

184 1497 361 1536 Accurrit
387 1492 437 1533 ad
464 1491 538 1546 me]
575 1491 652 1532 Hic
680 1491 723 1529 in
743 1503 784 1529 o-

125 1553 281 1592 mnibus
309 1547 566 1601 exprimenda
595 1547 650 1586 est
674 1545 783 1586 tardi-

126 1620 194 1655 tas,
226 1606 332 1660 quod
352 1604 677 1657 impedimentum
699 1615 785 1640 non

126 1666 238 1717 parui
258 1662 442 1714 temporis
469 1659 582 1713 possit
611 1657 785 1698 ostende·

125 1733 182 1760 re.
237 1722 335 1759 Nam
364 1719 456 1757 licet
482 1717 649 1755 accurrit
681 1713 786 1754 dixe-

125 1776 188 1825 rit,
213 1786 344 1814 tamen
364 1783 510 1813 certum
520 1770 575 1811 est
583 1771 691 1811 istam
701 1782 786 1822 pro-

125 1831 373 1884 perationem
406 1830 448 1869 in
483 1826 617 1867 senem
652 1825 784 1880 (fine)

126 1884 238 1928 suiffe
255 1884 512 1927 tardiffimam.
550 1882 711 1925 Deinde
721 1881 785 1921 ad-

118 1945 218 1984 ”iecit
256 1953 296 1983 et
330 1943 479 1990 locum,
522 1937 630 1991 quod
666 1938 782 1987 dixit:

127 2013 238 2054 quam
262 2001 372 2054 longe
401 1996 557 2051 quidem.
611 1993 675 2036 Isti
706 2006 786 2034 cor·

128 2056 233 2108 poris
253 2055 479 2108 qualitatem
498 2050 697 2105 subiungit
713 2063 785 2090 tre·

127 2125 246 2159 mens,
286 2109 436 2151 ,deinde
472 2106 590 2148 labris
626 2104 787 2160 dimiffis.

130 2170 237 2208 Haec
255 2167 330 2207 iam
356 2165 403 2205 ad
429 2163 713 2216 impedimenta
737 2164 790 2202 lo-

133 2223 279 2274 quendi
315 2221 494 2261 videntur
519 2219 712 2273 apposita,
751 2228 791 2257 et

132 2277 238 2331 quod
258 2278 353 2317 dixit
373 2290 554 2318 tremens:
584 2274 721 2315 scimus
753 2287 792 2314 e-

134 2336 218 2374 nim
247 2335 396 2374 retortis
422 2333 472 2373 ad
501 2333 647 2372 hiatum
665 2330 791 2380 labris,

136 2388 202 2430 sed
221 2389 613 2440 praeminentioribus
625 2420 634 2438 ,
664 2388 793 2427 minus

138 2445 255 2486 facile
284 2442 393 2485 sonus
410 2446 586 2499 exprimi.
639 2444 796 2486 Adiecit

139 2514 269 2541 tamen
289 2515 443 2556 gemens,
466 2500 569 2553 quod
588 2499 731 2541 tardius
753 2501 796 2539 in

139 2558 288 2611 gemitu
310 2568 467 2597 naturae
496 2558 518 2582 ³*
547 2559 708 2610 (natura
733 2559 796 2606 Z.)

139 2611 348 2655 senectutis
373 2609 566 2668 ,exprest‘o
600 2610 696 2655 sono
731 2613 798 2652 ali·

1424 706 1491 752 45

834 820 927 873 quid
942 821 1116 859 locutura
1134 824 1369 870 prorumpat.
1414 815 1495 854 De·

832 877 928 917 inde
947 876 1202 929 congeminat
1220 871 1323 924 quali
1337 883 1496 910 reuoca·

833 935 984 972 tionem
1002 944 1042 972 et
1061 930 1327 970 salutationem
1341 958 1350 975 ‚
1379 928 1493 974 Heus,

833 991 943 1036 Heus,
964 988 1111 1042 inquit]
1137 984 1362 1026 Ostenditur
1380 982 1496 1021 tardi-

834 1058 888 1086 tas
903 1075 912 1091 ,
943 1044 1133 1096 fimulque
1153 1041 1250 1081 istud
1269 1040 1495 1085 declaratur,

832 1101 940 1155 quod
957 1113 1061 1145 ¹vere
1090 1112 1165 1139 vox
1191 1096 1259 1136 ista
1277 1095 1323 1134 ab
1345 1108 1392 1134 eo
1411 1107 1496 1133 coe-

832 1158 935 1211 perit
954 1155 1057 1205 sono,
1078 1155 1145 1207 qui
1164 1165 1205 1193 et
1224 1165 1361 1193 vocem
1379 1161 1420 1191 et
1432 1146 1498 1204 g'e0

832 1215 971 1255 mitum
991 1212 1216 1252 declararet.
1274 1212 1318 1250 E.

887 1283 944 1321 44
969 1269 1164 1314 Incuruas,
1177 1265 1366 1312 tremulus,
1387 1261 1496 1302 labiis

834 1322 1009 1376 demiffis,
1033 1322 1194 1378 gemens]
1223 1322 1277 1359 Vt
1307 1319 1437 1359 omnia
1459 1331 1498 1356 o·

833 1379 987 1419 stendat
1005 1380 1047 1417 in
1069 1377 1303 1417 contrarium
1314 1375 1380 1415 fibi
1393 1372 1498 1413 versa

835 1432 925 1484 effe,
944 1435 1062 1473 etiam
1081 1430 1228 1472 cursum
1247 1430 1422 1471 attribuit
1442 1427 1497 1468 se·

835 1492 878 1529 ni
899 1494 1007 1543 (Hoc
1029 1487 1203 1528 scholion
1229 1488 1395 1537 explicat
1416 1496 1498 1524 tan-

836 1557 919 1586 tum
937 1545 1078 1592 verba,
1108 1545 1294 1585 Continuo
1321 1543 1501 1588 accurrit,

835 1615 939 1653 quae
959 1600 1202 1641 exciderunt.
1236 1598 1312 1649 Z.).
1359 1596 1497 1642 Labra,

833 1657 922 1698 sunt
944 1657 1159 1709 superiora:
1190 1654 1303 1701 labia,
1334 1651 1501 1693 inferio-

834 1728 887 1754 ra.
942 1712 1071 1753 Labra
1081 1711 1280 1761 salinorum
1301 1710 1502 1762 (simorum

833 1769 1052 1824 legendum
1070 1778 1178 1821 putat
1187 1764 1502 1821 Bynkershoekia

833 1840 890 1866 us.
947 1826 1115 1871 Flaccus,
1134 1823 1229 1863 teste
1239 1820 1424 1870 Chal-ism,
1446 1821 1499 1859 ita

832 1882 1053 1935 distinguit:
1082 1880 1237 1920 modica
1256 1876 1334 1918 esse
1359 1876 1500 1926 Labra,

833 1938 952 1979 Labia
974 1937 1194 1982 immodica,
1216 1946 1257 1974 et
1278 1935 1377 1975 inde
1389 1933 1503 1974 Labe-

835 2008 925 2034 ones
969 1994 1066 2045 dici)
1101 1992 1260 2046 proprie
1307 1991 1498 2030 dicuntur.

841 2050 996 2090 Gemens
1024 2060 1171 2097 autem,
1205 2046 1254 2086 ob
1276 2049 1502 2087 continuam

838 2107 974 2148 tussim.
1004 2106 1081 2145 iSic
1101 2104 1302 2146 Lucillius:
1330 2101 1517 2153 Ante-fon

839 2177 897 2203 res
913 2175 1046 2208 autem,
1074 2174 1109 2200 et
1126 2160 1270 2200 triclini
1286 2160 1415 2198 limina
1427 2159 1505 2212 qui-

840 2219 925 2258 dam
946 2216 1122 2257 Perditus
1138 2214 1279 2269 Tiresia
1302 2214 1506 2271 tuffigran·

840 2275 973 2315 daeuus
990 2272 1166 2329 gemebat.
1225 2272 1414 2320 luemus,
1428 2270 1507 2309 val-

844 2331 895 2372 de
931 2342 1084 2370 curuus.
1138 2329 1203 2369 Sic
1237 2329 1345 2381 Virg.
1383 2332 1506 2375 (Aen.

843 2400 918 2434 ΧΠ,
942 2388 992 2434 1.)
1023 2386 1172 2425 Turnus
1192 2395 1239 2423 vt
1253 2385 1433 2435 irifrat‘ios
1443 2382 1507 2420 ad-

844 2443 950 2494 ueffb
981 2443 1107 2482 Mane
1137 2439 1297 2480 Latinos
1325 2437 1509 2492 Deskcffe

845 2500 960 2539 videt.
990 2520 1046 2529 —-
1103 2497 1287 2548 Infrac‘tos
1304 2497 1411 2536 enim
1433 2495 1510 2533 val-

847 2557 898 2595 de
926 2554 1063 2596 stauos
1092 2551 1287 2606 fignificat.
1341 2555 1440 2592 Nam
1468 2552 1510 2588 in

847 2609 1078 2667 praepositio
1105 2622 1210 2653 nunc
1236 2619 1374 2662 auget,
1405 2618 1514 2646 nunc

959 2669 993 2708 Y
1023 2679 1049 2721 3
1382 2663 1507 2713 minu-
