1815 3168
508 163 510 166 ’
564 164 857 210 ANDRIA.
893 193 895 197 -

1338 175 1402 221 77

76 315 140 364 30
173 295 257 346 Sed
278 310 396 343 nunc
421 307 615 357 peropus
639 288 711 343 est,
744 299 818 336 aut
836 288 956 335 hunc
981 303 1083 334 cum
1108 287 1209 351 ipsa,
1241 300 1315 335 aut
1331 304 1405 335 me

272 367 431 432 aliquid
458 367 510 414 de
531 366 602 412 illa
623 364 854 411 adnot-sum
874 364 994 408 hunc
1015 363 1153 425 loqui.

175 452 297 495 Dum
319 446 363 490 in
389 442 523 488 dubio
546 439 605 486 est
627 442 818 492 animus,
847 438 979 503 paulo
992 446 1219 484 momento
1229 436 1315 483 huc
1337 436 1406 484 vel

273 520 375 566 illuc
403 516 658 580 impellitur.

175 596 259 647 PA
276 609 330 640 M.
372 594 483 647 Quis
507 592 578 638 hic
598 590 827 653 loquitur?
864 584 1035 650 Mysis?
1072 586 1198 632 salue.
1238 584 1352 633 Mv.
1378 603 1408 633 o

274 668 403 727 salue,
424 665 665 731 Pamphile.
700 662 736 713 P
751 678 782 710 A
797 677 852 711 Μ.
884 661 991 727 quid
1014 658 1136 723 agit?
1186 659 1302 708 MY.
1337 678 1408 708 ro-

280 760 354 804 gas
367 744 386 788 ?

179 819 367 868 Laborat
399 833 422 863 e
457 815 630 870 dolore,
662 824 790 880 atque
812 828 862 861 ex
892 815 977 859 hoc
1000 811 1151 865 misera
1170 806 1414 865 sollicita'st,

280 893 397 940 diem

106 1112 160 1152 30
208 1096 279 1137 Sed
313 1108 407 1136 nunc
440 1105 603 1149 peropus
639 1092 706 1148 est]

51 1154 262 1198 calliditati
281 1151 477 1205 femineae
495 1161 534 1191 et
552 1150 709 1189 astutiae

50 1210 242 1253 sententia
259 1208 354 1248 haec
376 1207 566 1261 congruit.
616 1207 721 1248 Cum,

52 1267 149 1321 ipfiz]
189 1265 280 1318 Ipfiz,
310 1276 413 1303 nuuc
433 1264 592 1302 domina
609 1275 708 1303 mea.

53 1322 260 1374 Aduorficm
271 1319 382 1373 hunc]
406 1319 522 1370 Apud
534 1317 658 1357 hunc:
671 1328 710 1357 vt

55 1378 166 1425 alibi,
195 1380 245 1417 Et
271 1376 312 1415 id
333 1387 483 1429 gratum
502 1373 620 1426 fmffe
647 1373 712 1412 ad-

54 1435 198 1485 uersitm
217 1445 264 1479 te,
286 1431 394 1471 habeo
410 1432 591 1484 gratiam.
627 1433 680 1470 D.

110 1494 216 1542 Lege
231 1485 426 1540 peropu’st.
458 1484 581 1525 Nostri
601 1483 712 1522 codd.

58 1558 194 1585 omnes
213 1543 286 1581 hoc
305 1542 464 1588 ordine,
488 1553 555 1579 aut
570 1540 716 1593 aliquid

60 1603 103 1642 de
120 1600 184 1641 illa
204 1613 268 1638 me.
308 1597 423 1637 Tolle
434 1596 588 1648 aliquid,
611 1595 715 1646 quod

60 1669 100 1698 et
127 1658 297 1695 incertae
324 1652 379 1692 est
399 1650 517 1699 sedis,
549 1661 588 1690 et
605 1662 715 1700 repu-

62 1723 156 1768 gnat
174 1706 307 1750 sensui.
361 1712 404 1748 B.

117 1779 164 1822 31
203 1766 308 1805 Dum
345 1766 385 1802 in
425 1761 536 1802 dubio
568 1760 616 1812 efl
640 1763 716 1800 ani·

60 1823 165 1886 mus]
195 1816 411 1862 Translatio
427 1818 522 1857 haec
540 1817 593 1856 est
605 1831 625 1855 a
635 1830 716 1856 rno-

61 1882 100 1920 le
119 1878 279 1918 alicuius
298 1874 491 1928 ponderis,
511 1887 609 1926 quae
629 1884 719 1913 ante

2 1936 6 1941 '
62 1949 177 1988 quam
205 1934 245 1972 in
265 1933 349 1971 loco
366 1928 525 1979 sederit,
558 1943 643 1968 cum
663 1929 718 1967 in-

63 2001 168 2032 certa
197 1988 364 2041 pendet,
404 1985 588 2026 facillime
620 1997 718 2024 com-

62 2056 249 2088 mouetur.
310 2046 358 2085 D.

57 2150 64 2154 .
121 2103 224 2142 Dum
255 2102 296 2141 in
329 2096 448 2139 dubio·
469 2097 543 2153 est]
580 2101 631 2140 V.
671 2096 716 2138 C.

69 2160 160 2200 cam
184 2155 363 2199 indubio.
418 2157 459 2195 L.

73 2208 722 2313 [εἒὶιῗῐιῳῖξθζῇῐὶέοέζιιιτέζιῖἓιςῖ-Ιῖξ

74 2325 176 2374 vidit,
194 2322 438 2376 Mystssalue.
478 2322 607 2375 Salue]
637 2319 724 2362 Dif-

0 2410 1 2414 =
74 2379 172 2421 sicile
208 2380 262 2419 est
296 2378 401 2418 aliud
431 2378 614 2416 inuenire
641 2389 722 2415 vere

0 2436 1 2440 ’
75 2436 179 2482 bum,
197 2435 298 2487 quod
317 2434 366 2474 iic
386 2433 617 2482 declinetur,
647 2431 727 2470 Sal-

77 2505 122 2531 ue
142 2501 180 2531 et
187 2490 336 2541 fiiluete.
356 2490 502 2542 quippe
520 2489 630 2527 huius
642 2501 726 2528 ver-

79 2546 133 2585 bi,
146 2560 212 2598 per
227 2546 358 2585 modos
385 2545 438 2586 est
455 2559 537 2584 rara
558 2544 726 2584 declina-

79 2603 145 2643 ti0.
180 2600 276 2656 Qis
292 2600 349 2642 hic
369 2601 591 2657 loquitur3]
621 2601 725 2642 Prin-

1293 958 1412 1011 Quia

757 1093 900 1144 cipium
939 1089 1221 1132 Terentianum
1255 1089 1296 1128 in
1330 1090 1417 1129 iun-

758 1148 898 1203 gendis
919 1145 1103 1200 personis.
1161 1144 1328 1199 Ofizlue]
1364 1146 1415 1194 O,

757 1205 976 1245 interiefilio
1001 1203 1168 1255 optantis
1190 1202 1416 1247 aduentum,

759 1271 822 1301 aut
840 1270 1005 1311 repente
1024 1256 1196 1311 perculsi.
1248 1257 1357 1311 Quid
1373 1270 1418 1296 a·

759 1317 872 1373 git?]
910 1316 1127 1364 Amatorie,
1159 1324 1198 1353 et
1224 1312 1418 1353 familiari-

761 1384 820 1412 tei·
837 1385 920 1411 non
943 1370 1052 1410 addit
1068 1383 1179 1422 quae.
1213 1370 1423 1424 Virgilius²

762 1429 881 1480 (Aen.
892 1440 952 1473 lv,
966 1427 1082 1480 479.)
1111 1428 1224 1482 Qae
1233 1427 1324 1465 mihi
1334 1425 1419 1464 red-

762 1484 829 1523 dat
847 1496 937 1531 eum,
951 1483 1010 1521 vel
1026 1496 1066 1520 eo
1079 1482 1276 1533 mesphat,
1289 1494 1419 1521 aman-

765 1553 847 1588 tem,
911 1537 1087 1593 Rogas‘2]
1143 1539 1266 1577 Lenta
1301 1549 1422 1588 quae-

766 1594 854 1635 dam
878 1605 918 1633 et
937 1593 1048 1632 tristis
1069 1592 1121 1634 est
1142 1591 1348 1645 responsio,
1381 1603 1422 1632 et

764 1651 901 1689 dolore
922 1650 1050 1701 plena.
1103 1651 1153 1689 D.

852 1719 873 1758 3
912 1704 1078 1744 Laborat
1106 1717 1124 1742 e
1147 1703 1298 1757 dolore]
1339 1697 1424 1745 Du-

764 1761 907 1813 plicem
941 1760 1113 1800 laborem
1138 1760 1310 1814 Glycerii
1344 1757 1428 1798 effe

768 1818 870 1864 dicit,
893 1829 1013 1856 vnum
1040 1816 1304 1868 partitudinis,
1331 1816 1423 1856 alte-

767 1887 854 1913 rum
880 1885 993 1912 curae
1013 1883 1051 1910 et
1074 1869 1336 1911 sollicitudinis
1355 1885 1426 1911 nu-

767 1930 934 1982 ptiarum
951 1927 1152 1979 Pamphili.
1208 1926 1378 1967 Laborat
1404 1939 1426 1966 e

768 1985 907 2039 dolore]
937 1983 1093 2026 Callicle
1120 1983 1426 2038 aggi-editiii·‚iu·

767 2053 936 2087 uenem3
966 2053 1059 2079 nam
1079 2050 1238 2091 vtraque
1259 2037 1351 2091 (ΜΓ.
1373 2039 1424 2079 H.

770 2109 809 2136 et
832 2095 1044 2139 Lindenbi·.
1079 2098 1295 2149 vti-umque)
1338 2108 1428 2147 pro·

770 2163 856 2205 pter
884 2154 991 2192 illum
1009 2153 1234 2203 perpetitur,
1264 2162 1305 2191 et
1324 2152 1429 2191 dolo-

771 2222 855 2248 rem
875 2220 915 2247 et
941 2205 1247 2247 sollicitudinem.
1303 2211 1431 2261 Atque

769 2279 817 2304 ex
843 2263 929 2318 hoc]
958 2263 1090 2317 Mylis,
1104 2276 1203 2315 quae
1220 2274 1353 2303 contra
1363 2278 1429 2315 pa·

772 2331 870 2360 trem
902 2317 1046 2359 suasura
1073 2318 1135 2367 est,
1164 2320 1352 2360 incertum
1372 2321 1432 2359 in-

771 2378 937 2415 ueniens
955 2374 1221 2426 Pamphilum,
1250 2374 1360 2415 facile
1381 2375 1430 2417 ad

775 2430 816 2472 se
853 2432 1046 2471 conuertit
1080 2426 1284 2471 mentione
1311 2431 1431 2471 domi·

775 2500 852 2527 nae
868 2485 974 2528 suae:
1005 2498 1046 2526 et
1063 2488 1230 2526 maxime
1247 2488 1350 2539 quod
1370 2487 1434 2527 ad-

776 2543 881 2593 didit,
901 2557 966 2582 cur
982 2544 1087 2582 illam
1105 2555 1259 2596 aegram
1277 2541 1354 2583 el'l'e
1378 2543 1435 2582 di-

775 2610 846 2641 cat.
868 2602 1001 2651 Quare
1010 2598 1134 2641 statim
1143 2598 1353 2651 pei-fesium
1365 2599 1432 2645 est,

1324 2653 1433 2707 quod
