<?xml version="1.0" encoding="UTF-8"?>
<!DOCTYPE html PUBLIC "-//W3C//DTD XHTML 1.0 Transitional//EN"
    "http://www.w3.org/TR/xhtml1/DTD/xhtml1-transitional.dtd">
<html xmlns="http://www.w3.org/1999/xhtml" xml:lang="en" lang="en">
 <head>
  <title>
</title>
<meta http-equiv="Content-Type" content="text/html;charset=utf-8" />
  <meta name='ocr-system' content='tesseract 3.04.00' />
  <meta name='ocr-capabilities' content='ocr_page ocr_carea ocr_par ocr_line ocrx_word'/>
</head>
<body>
  <div class='ocr_page' id='page_1' title='image "./comoediaesexexre01tereuoft_0254.png"; bbox 0 0 1815 3168; ppageno 0'>
   <div class='ocr_carea' id='block_1_1' title="bbox 232 123 380 187">
    <p class='ocr_par' dir='ltr' id='par_1_1' title="bbox 232 123 380 187">
     <span class='ocr_line' id='line_1_1' title="bbox 232 123 380 187; baseline 0 -57"><span class='ocrx_word' id='word_1_1' title='bbox 232 123 235 130; x_wconf 91' lang='lat'>.</span> <span class='ocrx_word' id='word_1_2' title='bbox 291 131 380 187; x_wconf 52' lang='lat'>¹58</span> 
     </span>
    </p>
   </div>
   <div class='ocr_carea' id='block_1_2' title="bbox 664 124 1263 176">
    <p class='ocr_par' dir='ltr' id='par_1_2' title="bbox 664 124 1263 176">
     <span class='ocr_line' id='line_1_2' title="bbox 664 124 1263 176; baseline 0.005 -4"><span class='ocrx_word' id='word_1_3' title='bbox 664 124 826 173; x_wconf 68' lang='lat' dir='ltr'><strong>ACT.</strong></span> <span class='ocrx_word' id='word_1_4' title='bbox 861 125 934 171; x_wconf 91' lang='grc' dir='ltr'>ΙΠ.</span> <span class='ocrx_word' id='word_1_5' title='bbox 969 127 1168 176; x_wconf 66' lang='lat' dir='ltr'><strong>SCEN.</strong></span> <span class='ocrx_word' id='word_1_6' title='bbox 1201 128 1263 175; x_wconf 74' lang='lat' dir='ltr'>IV</span> 
     </span>
    </p>
   </div>
   <div class='ocr_carea' id='block_1_3' title="bbox 290 251 1652 474">
    <p class='ocr_par' dir='ltr' id='par_1_3' title="bbox 290 251 1652 474">
     <span class='ocr_line' id='line_1_3' title="bbox 290 251 1650 323; baseline 0.004 -22"><span class='ocrx_word' id='word_1_7' title='bbox 290 295 297 301; x_wconf 87' lang='lat'>.</span> <span class='ocrx_word' id='word_1_8' title='bbox 325 273 388 307; x_wconf 78' lang='lat'>20</span> <span class='ocrx_word' id='word_1_9' title='bbox 417 251 446 303; x_wconf 88' lang='lat' dir='ltr'>S</span> <span class='ocrx_word' id='word_1_10' title='bbox 462 267 495 301; x_wconf 88' lang='lat'>1.</span> <span class='ocrx_word' id='word_1_11' title='bbox 527 254 610 303; x_wconf 88' lang='lat' dir='ltr'>Ibo</span> <span class='ocrx_word' id='word_1_12' title='bbox 639 254 693 300; x_wconf 83' lang='lat' dir='ltr'>ad</span> <span class='ocrx_word' id='word_1_13' title='bbox 715 270 839 315; x_wconf 75' lang='lat' dir='ltr'>cum,</span> <span class='ocrx_word' id='word_1_14' title='bbox 876 263 1004 317; x_wconf 84' lang='lat' dir='ltr'>atque</span> <span class='ocrx_word' id='word_1_15' title='bbox 1024 254 1175 302; x_wconf 81' lang='lat' dir='ltr'>eadem</span> <span class='ocrx_word' id='word_1_16' title='bbox 1196 255 1327 310; x_wconf 84' lang='lat' dir='ltr'>haec,</span> <span class='ocrx_word' id='word_1_17' title='bbox 1357 273 1467 320; x_wconf 88' lang='lat' dir='ltr'>quae</span> <span class='ocrx_word' id='word_1_18' title='bbox 1487 257 1566 323; x_wconf 77' lang='lat' dir='ltr'>tibi</span> <span class='ocrx_word' id='word_1_19' title='bbox 1590 257 1650 306; x_wconf 85' lang='lat' dir='ltr'>di-</span> 
     </span>
     <span class='ocr_line' id='line_1_4' title="bbox 521 328 1513 384; baseline 0.001 -7"><span class='ocrx_word' id='word_1_20' title='bbox 521 333 576 384; x_wconf 79' lang='lat' dir='ltr'>xi,</span> <span class='ocrx_word' id='word_1_21' title='bbox 597 331 733 377; x_wconf 81' lang='lat' dir='ltr'>dicam</span> <span class='ocrx_word' id='word_1_22' title='bbox 756 329 909 375; x_wconf 78' lang='lat' dir='ltr'>itidem</span> <span class='ocrx_word' id='word_1_23' title='bbox 932 329 1006 376; x_wconf 91' lang='lat' dir='ltr'>illi.</span> <span class='ocrx_word' id='word_1_24' title='bbox 1038 328 1086 375; x_wconf 92' lang='lat' dir='ltr'>D</span> <span class='ocrx_word' id='word_1_25' title='bbox 1101 342 1135 374; x_wconf 83' lang='lat' dir='ltr'>A</span> <span class='ocrx_word' id='word_1_26' title='bbox 1150 342 1200 375; x_wconf 89' lang='lat' dir='ltr'>V.</span> <span class='ocrx_word' id='word_1_27' title='bbox 1235 332 1383 378; x_wconf 87' lang='lat' dir='ltr'>nullus</span> <span class='ocrx_word' id='word_1_28' title='bbox 1405 333 1513 379; x_wconf 86' lang='lat' dir='ltr'>sum.</span> 
     </span>
     <span class='ocr_line' id='line_1_5' title="bbox 419 402 1652 474; baseline 0.004 -23"><span class='ocrx_word' id='word_1_29' title='bbox 419 406 542 461; x_wconf 83' lang='lat' dir='ltr'>Quid</span> <span class='ocrx_word' id='word_1_30' title='bbox 572 405 715 452; x_wconf 74' lang='lat' dir='ltr'>causae</span> <span class='ocrx_word' id='word_1_31' title='bbox 738 402 810 456; x_wconf 87' lang='lat' dir='ltr'>cst,</span> <span class='ocrx_word' id='word_1_32' title='bbox 831 405 938 466; x_wconf 87' lang='lat' dir='ltr'>quin</span> <span class='ocrx_word' id='word_1_33' title='bbox 960 403 1064 451; x_wconf 88' lang='lat' dir='ltr'>hinc</span> <span class='ocrx_word' id='word_1_34' title='bbox 1088 405 1135 450; x_wconf 89' lang='lat' dir='ltr'>in</span> <span class='ocrx_word' id='word_1_35' title='bbox 1155 403 1388 469; x_wconf 85' lang='lat' dir='ltr'>pistrinum</span> <span class='ocrx_word' id='word_1_36' title='bbox 1407 405 1526 455; x_wconf 70' lang='lat' dir='ltr'>resta</span> <span class='ocrx_word' id='word_1_37' title='bbox 1544 425 1652 474; x_wconf 66' lang='lat' dir='ltr'>pro—-</span> 
     </span>
    </p>
   </div>
   <div class='ocr_carea' id='block_1_4' title="bbox 513 479 792 527">
    <p class='ocr_par' dir='ltr' id='par_1_4' title="bbox 513 479 792 527">
     <span class='ocr_line' id='line_1_6' title="bbox 513 479 792 527; baseline -0.014 -1"><span class='ocrx_word' id='word_1_38' title='bbox 513 479 670 527; x_wconf 84' lang='lat' dir='ltr'>ficiscar</span> <span class='ocrx_word' id='word_1_39' title='bbox 691 481 758 527; x_wconf 89' lang='lat' dir='ltr'>via</span> <span class='ocrx_word' id='word_1_40' title='bbox 770 479 792 522; x_wconf 68' lang='lat' dir='ltr'>P</span> 
     </span>
    </p>
   </div>
   <div class='ocr_carea' id='block_1_5' title="bbox 413 519 1647 623">
    <p class='ocr_par' dir='ltr' id='par_1_5' title="bbox 413 519 1647 623">
     <span class='ocr_line' id='line_1_7' title="bbox 413 519 1647 623; baseline 0.001 -19"><span class='ocrx_word' id='word_1_41' title='bbox 413 556 546 606; x_wconf 83' lang='lat' dir='ltr'>Nihil</span> <span class='ocrx_word' id='word_1_42' title='bbox 576 554 635 601; x_wconf 87' lang='lat' dir='ltr'>est</span> <span class='ocrx_word' id='word_1_43' title='bbox 665 554 788 620; x_wconf 83' lang='lat' dir='ltr'>preci</span> <span class='ocrx_word' id='word_1_44' title='bbox 816 553 903 602; x_wconf 89' lang='lat' dir='ltr'>loci</span> <span class='ocrx_word' id='word_1_45' title='bbox 935 551 1164 612; x_wconf 63' lang='lat' dir='ltr'>reustum</span> <span class='ocrx_word' id='word_1_46' title='bbox 1200 555 1286 603; x_wconf 86' lang='lat' dir='ltr'>iam</span> <span class='ocrx_word' id='word_1_47' title='bbox 1316 519 1574 623; x_wconf 58' lang='lat' dir='ltr'>Perturbaui</span> <span class='ocrx_word' id='word_1_48' title='bbox 1602 576 1647 606; x_wconf 92' lang='lat' dir='ltr'>o-</span> 
     </span>
    </p>
   </div>
   <div class='ocr_carea' id='block_1_6' title="bbox 516 631 662 681">
    <p class='ocr_par' dir='ltr' id='par_1_6' title="bbox 516 631 662 681">
     <span class='ocr_line' id='line_1_8' title="bbox 516 631 662 681; baseline 0.027 -4"><span class='ocrx_word' id='word_1_49' title='bbox 516 631 636 681; x_wconf 82' lang='lat' dir='ltr'>mnia</span> <span class='ocrx_word' id='word_1_50' title='bbox 647 645 662 681; x_wconf 73' lang='lat' dir='ltr'>t</span> 
     </span>
    </p>
   </div>
   <div class='ocr_carea' id='block_1_7' title="bbox 257 940 936 2340">
    <p class='ocr_par' dir='ltr' id='par_1_7' title="bbox 272 940 936 1155">
     <span class='ocr_line' id='line_1_9' title="bbox 330 940 936 998; baseline -0.005 -13"><span class='ocrx_word' id='word_1_51' title='bbox 330 944 479 985; x_wconf 87' lang='lat' dir='ltr'><em>Mirum</em></span> <span class='ocrx_word' id='word_1_52' title='bbox 497 946 536 984; x_wconf 77' lang='lat' dir='ltr'>ni</span> <span class='ocrx_word' id='word_1_53' title='bbox 551 943 670 998; x_wconf 88' lang='lat' dir='ltr'>domi]</span> <span class='ocrx_word' id='word_1_54' title='bbox 700 945 757 984; x_wconf 88' lang='lat' dir='ltr'>Ex</span> <span class='ocrx_word' id='word_1_55' title='bbox 777 940 852 982; x_wconf 82' lang='lat' dir='ltr'>hoc</span> <span class='ocrx_word' id='word_1_56' title='bbox 869 942 936 982; x_wconf 77' lang='lat' dir='ltr'>de-</span> 
     </span>
     <span class='ocr_line' id='line_1_10' title="bbox 274 997 935 1050; baseline -0.002 -11"><span class='ocrx_word' id='word_1_57' title='bbox 274 1001 393 1040; x_wconf 86' lang='lat' dir='ltr'>clarat</span> <span class='ocrx_word' id='word_1_58' title='bbox 410 1014 493 1040; x_wconf 85' lang='lat' dir='ltr'>uon</span> <span class='ocrx_word' id='word_1_59' title='bbox 513 997 590 1039; x_wconf 78' lang='lat' dir='ltr'>efl&#39;e</span> <span class='ocrx_word' id='word_1_60' title='bbox 611 1001 721 1039; x_wconf 88' lang='lat' dir='ltr'>illum</span> <span class='ocrx_word' id='word_1_61' title='bbox 740 999 839 1050; x_wconf 88' lang='lat' dir='ltr'>apud</span> <span class='ocrx_word' id='word_1_62' title='bbox 851 1013 935 1038; x_wconf 88' lang='lat' dir='ltr'>me-</span> 
     </span>
     <span class='ocr_line' id='line_1_11' title="bbox 272 1055 931 1106; baseline 0.003 -12"><span class='ocrx_word' id='word_1_63' title='bbox 272 1057 477 1104; x_wconf 85' lang='lat' dir='ltr'>retricem,</span> <span class='ocrx_word' id='word_1_64' title='bbox 505 1055 596 1096; x_wconf 88' lang='lat' dir='ltr'>ideo</span> <span class='ocrx_word' id='word_1_65' title='bbox 621 1056 842 1095; x_wconf 87' lang='lat' dir='ltr'>mirandum</span> <span class='ocrx_word' id='word_1_66' title='bbox 868 1055 931 1106; x_wconf 86' lang='lat' dir='ltr'>est,</span> 
     </span>
     <span class='ocr_line' id='line_1_12' title="bbox 272 1112 708 1155; baseline 0 -3"><span class='ocrx_word' id='word_1_67' title='bbox 272 1112 301 1152; x_wconf 82' lang='lat' dir='ltr'><strong>fi</strong></span> <span class='ocrx_word' id='word_1_68' title='bbox 318 1125 401 1152; x_wconf 86' lang='lat' dir='ltr'>non</span> <span class='ocrx_word' id='word_1_69' title='bbox 421 1112 527 1152; x_wconf 83' lang='lat' dir='ltr'>dorni</span> <span class='ocrx_word' id='word_1_70' title='bbox 546 1112 610 1155; x_wconf 88' lang='lat' dir='ltr'>est.</span> <span class='ocrx_word' id='word_1_71' title='bbox 666 1115 708 1152; x_wconf 90' lang='lat' dir='ltr'>E.</span> 
     </span>
    </p>

    <p class='ocr_par' dir='ltr' id='par_1_8' title="bbox 257 1167 936 1656">
     <span class='ocr_line' id='line_1_13' title="bbox 327 1167 930 1222; baseline 0.002 -15"><span class='ocrx_word' id='word_1_72' title='bbox 327 1182 383 1211; x_wconf 88' lang='lat'>20</span> <span class='ocrx_word' id='word_1_73' title='bbox 411 1167 548 1207; x_wconf 83' lang='lat' dir='ltr'><em>Dicam</em></span> <span class='ocrx_word' id='word_1_74' title='bbox 570 1168 690 1207; x_wconf 85' lang='lat' dir='ltr'>eadem</span> <span class='ocrx_word' id='word_1_75' title='bbox 717 1167 791 1222; x_wconf 72' lang='lat' dir='ltr'>ilii]</span> <span class='ocrx_word' id='word_1_76' title='bbox 824 1170 871 1208; x_wconf 87' lang='lat' dir='ltr'>In</span> <span class='ocrx_word' id='word_1_77' title='bbox 895 1183 930 1208; x_wconf 87' lang='lat' dir='ltr'>a·</span> 
     </span>
     <span class='ocr_line' id='line_1_14' title="bbox 270 1223 932 1276; baseline -0.002 -13"><span class='ocrx_word' id='word_1_78' title='bbox 270 1224 334 1263; x_wconf 83' lang='lat' dir='ltr'>liis</span> <span class='ocrx_word' id='word_1_79' title='bbox 363 1225 490 1263; x_wconf 85' lang='lat' dir='ltr'>itidem</span> <span class='ocrx_word' id='word_1_80' title='bbox 516 1223 695 1276; x_wconf 88' lang='lat' dir='ltr'>scriptum</span> <span class='ocrx_word' id='word_1_81' title='bbox 721 1223 794 1264; x_wconf 91' lang='lat' dir='ltr'>est:</span> <span class='ocrx_word' id='word_1_82' title='bbox 827 1224 932 1276; x_wconf 91' lang='lat' dir='ltr'>quod</span> 
     </span>
     <span class='ocr_line' id='line_1_15' title="bbox 268 1279 932 1332; baseline 0 -13"><span class='ocrx_word' id='word_1_83' title='bbox 268 1280 300 1319; x_wconf 83' lang='lat' dir='ltr'><strong>fi</strong></span> <span class='ocrx_word' id='word_1_84' title='bbox 318 1279 382 1329; x_wconf 91' lang='lat' dir='ltr'>est,</span> <span class='ocrx_word' id='word_1_85' title='bbox 403 1294 472 1332; x_wconf 90' lang='lat' dir='ltr'>pro</span> <span class='ocrx_word' id='word_1_86' title='bbox 489 1281 583 1319; x_wconf 83' lang='lat' dir='ltr'>item</span> <span class='ocrx_word' id='word_1_87' title='bbox 595 1281 834 1331; x_wconf 83' lang='lat' dir='ltr'>accipiamus.</span> <span class='ocrx_word' id='word_1_88' title='bbox 865 1283 932 1319; x_wconf 89' lang='lat' dir='ltr'>An</span> 
     </span>
     <span class='ocr_line' id='line_1_16' title="bbox 269 1334 936 1388; baseline -0.003 -14"><span class='ocrx_word' id='word_1_89' title='bbox 269 1349 367 1388; x_wconf 83' lang='lat' dir='ltr'>ergo</span> <span class='ocrx_word' id='word_1_90' title='bbox 405 1337 500 1375; x_wconf 86' lang='lat' dir='ltr'>idem</span> <span class='ocrx_word' id='word_1_91' title='bbox 537 1349 606 1386; x_wconf 87' lang='lat' dir='ltr'>pro</span> <span class='ocrx_word' id='word_1_92' title='bbox 643 1336 762 1378; x_wconf 79' lang='lat' dir='ltr'>item?</span> <span class='ocrx_word' id='word_1_93' title='bbox 797 1334 936 1376; x_wconf 83' lang='lat' dir='ltr'>Nullus</span> 
     </span>
     <span class='ocr_line' id='line_1_17' title="bbox 257 1389 933 1445; baseline -0.003 -14"><span class='ocrx_word' id='word_1_94' title='bbox 257 1392 368 1445; x_wconf 67' lang='lat' dir='ltr'>sum]</span> <span class='ocrx_word' id='word_1_95' title='bbox 399 1392 486 1431; x_wconf 87' lang='lat' dir='ltr'>Plus</span> <span class='ocrx_word' id='word_1_96' title='bbox 496 1390 551 1430; x_wconf 89' lang='lat' dir='ltr'>est</span> <span class='ocrx_word' id='word_1_97' title='bbox 569 1389 708 1430; x_wconf 83' lang='lat' dir='ltr'>nullum</span> <span class='ocrx_word' id='word_1_98' title='bbox 725 1389 798 1442; x_wconf 60' lang='lat' dir='ltr'>(ffb,</span> <span class='ocrx_word' id='word_1_99' title='bbox 818 1404 933 1442; x_wconf 87' lang='lat' dir='ltr'>quarn</span> 
     </span>
     <span class='ocr_line' id='line_1_18' title="bbox 263 1446 934 1501; baseline -0.003 -14"><span class='ocrx_word' id='word_1_100' title='bbox 263 1446 421 1501; x_wconf 73' lang='lat' dir='ltr'>periff’.</span> <span class='ocrx_word' id='word_1_101' title='bbox 475 1450 576 1488; x_wconf 87' lang='lat' dir='ltr'>Nam</span> <span class='ocrx_word' id='word_1_102' title='bbox 615 1447 681 1498; x_wconf 86' lang='lat' dir='ltr'>qui</span> <span class='ocrx_word' id='word_1_103' title='bbox 709 1448 835 1498; x_wconf 89' lang='lat' dir='ltr'>perit,</span> <span class='ocrx_word' id='word_1_104' title='bbox 872 1446 934 1485; x_wconf 91' lang='lat' dir='ltr'>vel</span> 
     </span>
     <span class='ocr_line' id='line_1_19' title="bbox 268 1502 933 1556; baseline -0.002 -14"><span class='ocrx_word' id='word_1_105' title='bbox 268 1516 410 1556; x_wconf 88' lang='lat' dir='ltr'>corpus</span> <span class='ocrx_word' id='word_1_106' title='bbox 448 1502 566 1542; x_wconf 86' lang='lat' dir='ltr'>habet</span> <span class='ocrx_word' id='word_1_107' title='bbox 601 1503 815 1554; x_wconf 86' lang='lat' dir='ltr'>reliquum:</span> <span class='ocrx_word' id='word_1_108' title='bbox 864 1503 933 1554; x_wconf 88' lang='lat' dir='ltr'>qui</span> 
     </span>
     <span class='ocr_line' id='line_1_20' title="bbox 265 1558 933 1609; baseline -0.001 -11"><span class='ocrx_word' id='word_1_109' title='bbox 265 1572 361 1600; x_wconf 80' lang='lat' dir='ltr'>vero</span> <span class='ocrx_word' id='word_1_110' title='bbox 381 1559 507 1598; x_wconf 85' lang='lat' dir='ltr'>nunus</span> <span class='ocrx_word' id='word_1_111' title='bbox 532 1559 596 1608; x_wconf 90' lang='lat' dir='ltr'>est,</span> <span class='ocrx_word' id='word_1_112' title='bbox 622 1561 674 1598; x_wconf 92' lang='lat' dir='ltr'>ita</span> <span class='ocrx_word' id='word_1_113' title='bbox 691 1572 774 1598; x_wconf 89' lang='lat' dir='ltr'>non</span> <span class='ocrx_word' id='word_1_114' title='bbox 797 1558 860 1609; x_wconf 91' lang='lat' dir='ltr'>est,</span> <span class='ocrx_word' id='word_1_115' title='bbox 888 1571 933 1598; x_wconf 87' lang='lat' dir='ltr'>ac</span> 
     </span>
     <span class='ocr_line' id='line_1_21' title="bbox 266 1614 700 1656; baseline -0.005 0"><span class='ocrx_word' id='word_1_116' title='bbox 266 1615 295 1656; x_wconf 80' lang='lat' dir='ltr'>fi</span> <span class='ocrx_word' id='word_1_117' title='bbox 313 1626 426 1655; x_wconf 86' lang='lat' dir='ltr'>natus</span> <span class='ocrx_word' id='word_1_118' title='bbox 445 1629 528 1654; x_wconf 90' lang='lat' dir='ltr'>non</span> <span class='ocrx_word' id='word_1_119' title='bbox 544 1614 597 1654; x_wconf 82' lang='lat' dir='ltr'>fit.</span> <span class='ocrx_word' id='word_1_120' title='bbox 652 1618 700 1655; x_wconf 90' lang='lat' dir='ltr'>D.</span> 
     </span>
    </p>

    <p class='ocr_par' dir='ltr' id='par_1_9' title="bbox 257 1669 927 2340">
     <span class='ocr_line' id='line_1_22' title="bbox 323 1669 927 1726; baseline -0.003 -15"><span class='ocrx_word' id='word_1_121' title='bbox 323 1672 462 1711; x_wconf 83' lang='lat' dir='ltr'><em>Dicam</em></span> <span class='ocrx_word' id='word_1_122' title='bbox 491 1672 639 1726; x_wconf 79' lang='lat' dir='ltr'>itidem]</span> <span class='ocrx_word' id='word_1_123' title='bbox 685 1669 927 1718; x_wconf 82' lang='lat' dir='ltr'>Adfimiliter,</span> 
     </span>
     <span class='ocr_line' id='line_1_23' title="bbox 266 1726 926 1778; baseline -0.003 -10"><span class='ocrx_word' id='word_1_124' title='bbox 266 1738 308 1768; x_wconf 81' lang='lat' dir='ltr'>et</span> <span class='ocrx_word' id='word_1_125' title='bbox 356 1727 411 1767; x_wconf 85' lang='lat' dir='ltr'>est</span> <span class='ocrx_word' id='word_1_126' title='bbox 446 1726 679 1766; x_wconf 77' lang='lat' dir='ltr'>aduerbium</span> <span class='ocrx_word' id='word_1_127' title='bbox 722 1727 926 1778; x_wconf 84' lang='lat' dir='ltr'>qualitatis.</span> 
     </span>
     <span class='ocr_line' id='line_1_24' title="bbox 262 1781 926 1835; baseline -0.005 -10"><span class='ocrx_word' id='word_1_128' title='bbox 262 1781 460 1825; x_wconf 82' lang='lat' dir='ltr'>Remanfit</span> <span class='ocrx_word' id='word_1_129' title='bbox 484 1781 617 1822; x_wconf 86' lang='lat' dir='ltr'>seruus</span> <span class='ocrx_word' id='word_1_130' title='bbox 649 1784 807 1835; x_wconf 83' lang='lat' dir='ltr'>cognito</span> <span class='ocrx_word' id='word_1_131' title='bbox 834 1796 926 1822; x_wconf 90' lang='lat' dir='ltr'>con·</span> 
     </span>
     <span class='ocr_line' id='line_1_25' title="bbox 264 1837 923 1890; baseline -0.003 -10"><span class='ocrx_word' id='word_1_132' title='bbox 264 1839 349 1880; x_wconf 80' lang='lat' dir='ltr'>filio</span> <span class='ocrx_word' id='word_1_133' title='bbox 369 1838 530 1888; x_wconf 88' lang='lat' dir='ltr'>domini,</span> <span class='ocrx_word' id='word_1_134' title='bbox 552 1850 591 1878; x_wconf 90' lang='lat' dir='ltr'>et</span> <span class='ocrx_word' id='word_1_135' title='bbox 608 1837 923 1890; x_wconf 83' lang='lat' dir='ltr'>seeumloquitur,</span> 
     </span>
     <span class='ocr_line' id='line_1_26' title="bbox 262 1892 926 1947; baseline -0.005 -11"><span class='ocrx_word' id='word_1_136' title='bbox 262 1893 304 1936; x_wconf 77' lang='lat' dir='ltr'>se</span> <span class='ocrx_word' id='word_1_137' title='bbox 330 1897 408 1936; x_wconf 87' lang='lat' dir='ltr'>iam</span> <span class='ocrx_word' id='word_1_138' title='bbox 436 1892 516 1934; x_wconf 80' lang='lat' dir='ltr'>effe</span> <span class='ocrx_word' id='word_1_139' title='bbox 541 1897 777 1947; x_wconf 88' lang='lat' dir='ltr'>periturum,</span> <span class='ocrx_word' id='word_1_140' title='bbox 821 1894 926 1946; x_wconf 87' lang='lat' dir='ltr'>quod</span> 
     </span>
     <span class='ocr_line' id='line_1_27' title="bbox 262 1951 927 2002; baseline -0.002 -11"><span class='ocrx_word' id='word_1_141' title='bbox 262 1963 429 1992; x_wconf 88' lang='lat' dir='ltr'>euentus</span> <span class='ocrx_word' id='word_1_142' title='bbox 449 1951 560 1990; x_wconf 87' lang='lat' dir='ltr'>aliter</span> <span class='ocrx_word' id='word_1_143' title='bbox 580 1952 778 2000; x_wconf 81' lang='lat' dir='ltr'>ceciderit,</span> <span class='ocrx_word' id='word_1_144' title='bbox 810 1964 927 2002; x_wconf 88' lang='lat' dir='ltr'>quam</span> 
     </span>
     <span class='ocr_line' id='line_1_28' title="bbox 257 2006 925 2060; baseline -0.003 -13"><span class='ocrx_word' id='word_1_145' title='bbox 257 2006 346 2060; x_wconf 84' lang='lat' dir='ltr'>ipse</span> <span class='ocrx_word' id='word_1_146' title='bbox 366 2006 567 2050; x_wconf 84' lang='lat' dir='ltr'>confilium</span> <span class='ocrx_word' id='word_1_147' title='bbox 585 2021 669 2047; x_wconf 81' lang='lat' dir='ltr'>non</span> <span class='ocrx_word' id='word_1_148' title='bbox 689 2008 793 2046; x_wconf 54' lang='lat' dir='ltr'>recia</span> <span class='ocrx_word' id='word_1_149' title='bbox 817 2007 925 2045; x_wconf 89' lang='lat' dir='ltr'>calli-</span> 
     </span>
     <span class='ocr_line' id='line_1_29' title="bbox 261 2060 926 2115; baseline -0.006 -11"><span class='ocrx_word' id='word_1_150' title='bbox 261 2065 383 2104; x_wconf 85' lang='lat' dir='ltr'>ditate</span> <span class='ocrx_word' id='word_1_151' title='bbox 414 2060 635 2115; x_wconf 82' lang='lat' dir='ltr'>susceperit.</span> <span class='ocrx_word' id='word_1_152' title='bbox 703 2066 760 2103; x_wconf 89' lang='lat' dir='ltr'>Ita</span> <span class='ocrx_word' id='word_1_153' title='bbox 797 2060 926 2102; x_wconf 88' lang='lat' dir='ltr'>secum</span> 
     </span>
     <span class='ocr_line' id='line_1_30' title="bbox 261 2118 924 2172; baseline -0.005 -12"><span class='ocrx_word' id='word_1_154' title='bbox 261 2121 432 2172; x_wconf 86' lang='lat' dir='ltr'>loquitur</span> <span class='ocrx_word' id='word_1_155' title='bbox 450 2118 564 2158; x_wconf 86' lang='lat' dir='ltr'>haec:</span> <span class='ocrx_word' id='word_1_156' title='bbox 597 2130 637 2158; x_wconf 87' lang='lat' dir='ltr'>et</span> <span class='ocrx_word' id='word_1_157' title='bbox 655 2119 709 2158; x_wconf 88' lang='lat' dir='ltr'>est</span> <span class='ocrx_word' id='word_1_158' title='bbox 728 2118 924 2158; x_wconf 77' lang='lat' dir='ltr'>oblocutio</span> 
     </span>
     <span class='ocr_line' id='line_1_31' title="bbox 262 2173 926 2227; baseline -0.005 -11"><span class='ocrx_word' id='word_1_159' title='bbox 262 2176 412 2216; x_wconf 86' lang='lat' dir='ltr'>habens</span> <span class='ocrx_word' id='word_1_160' title='bbox 445 2175 539 2227; x_wconf 90' lang='lat' dir='ltr'>quid</span> <span class='ocrx_word' id='word_1_161' title='bbox 565 2180 731 2225; x_wconf 83' lang='lat' dir='ltr'>metuat,</span> <span class='ocrx_word' id='word_1_162' title='bbox 767 2186 806 2214; x_wconf 87' lang='lat' dir='ltr'>et</span> <span class='ocrx_word' id='word_1_163' title='bbox 831 2173 926 2227; x_wconf 90' lang='lat' dir='ltr'>quid</span> 
     </span>
     <span class='ocr_line' id='line_1_32' title="bbox 262 2229 925 2283; baseline -0.005 -11"><span class='ocrx_word' id='word_1_164' title='bbox 262 2233 368 2273; x_wconf 88' lang='lat' dir='ltr'>velit.</span> <span class='ocrx_word' id='word_1_165' title='bbox 423 2233 524 2271; x_wconf 85' lang='lat' dir='ltr'>Nam</span> <span class='ocrx_word' id='word_1_166' title='bbox 548 2231 641 2283; x_wconf 88' lang='lat' dir='ltr'>quid</span> <span class='ocrx_word' id='word_1_167' title='bbox 671 2242 814 2271; x_wconf 90' lang='lat' dir='ltr'>metuat</span> <span class='ocrx_word' id='word_1_168' title='bbox 849 2229 925 2269; x_wconf 89' lang='lat' dir='ltr'>hoc</span> 
     </span>
     <span class='ocr_line' id='line_1_33' title="bbox 260 2285 924 2340; baseline -0.005 -12"><span class='ocrx_word' id='word_1_169' title='bbox 260 2288 338 2331; x_wconf 84' lang='lat' dir='ltr'>est:</span> <span class='ocrx_word' id='word_1_170' title='bbox 394 2285 504 2327; x_wconf 88' lang='lat' dir='ltr'>Nihil</span> <span class='ocrx_word' id='word_1_171' title='bbox 522 2287 577 2327; x_wconf 88' lang='lat' dir='ltr'>est</span> <span class='ocrx_word' id='word_1_172' title='bbox 602 2288 709 2340; x_wconf 85' lang='lat' dir='ltr'>preci</span> <span class='ocrx_word' id='word_1_173' title='bbox 732 2288 807 2326; x_wconf 90' lang='lat' dir='ltr'>loci</span> <span class='ocrx_word' id='word_1_174' title='bbox 836 2287 924 2325; x_wconf 88' lang='lat' dir='ltr'>reli-</span> 
     </span>
    </p>
   </div>
   <div class='ocr_carea' id='block_1_8' title="bbox 1467 767 1645 812">
    <p class='ocr_par' dir='ltr' id='par_1_10' title="bbox 1467 767 1645 812">
     <span class='ocr_line' id='line_1_34' title="bbox 1467 767 1645 812; baseline 0.006 -1"><span class='ocrx_word' id='word_1_175' title='bbox 1467 767 1645 812; x_wconf 88' lang='lat' dir='ltr'>Herum</span> 
     </span>
    </p>
   </div>
   <div class='ocr_carea' id='block_1_9' title="bbox 981 937 1645 1152">
    <p class='ocr_par' dir='ltr' id='par_1_11' title="bbox 981 937 1645 1152">
     <span class='ocr_line' id='line_1_35' title="bbox 1038 937 1645 996; baseline 0 -12"><span class='ocrx_word' id='word_1_176' title='bbox 1038 945 1093 984; x_wconf 90' lang='lat' dir='ltr'>Vt</span> <span class='ocrx_word' id='word_1_177' title='bbox 1111 941 1183 983; x_wconf 86' lang='lat' dir='ltr'>tibi</span> <span class='ocrx_word' id='word_1_178' title='bbox 1202 951 1241 982; x_wconf 85' lang='lat' dir='ltr'>et</span> <span class='ocrx_word' id='word_1_179' title='bbox 1259 941 1313 982; x_wconf 77' lang='lat' dir='ltr'>illi</span> <span class='ocrx_word' id='word_1_180' title='bbox 1324 942 1416 983; x_wconf 84' lang='lat' dir='ltr'>fitin</span> <span class='ocrx_word' id='word_1_181' title='bbox 1429 943 1516 992; x_wconf 57' lang='lat' dir='ltr'>ictu,</span> <span class='ocrx_word' id='word_1_182' title='bbox 1533 937 1645 996; x_wconf 51' lang='lat' dir='ltr'>prae·¹</span> 
     </span>
     <span class='ocr_line' id='line_1_36' title="bbox 982 997 1639 1040; baseline 0.003 -2"><span class='ocrx_word' id='word_1_183' title='bbox 982 997 1147 1039; x_wconf 83' lang='lat' dir='ltr'>ferenda</span> <span class='ocrx_word' id='word_1_184' title='bbox 1183 999 1237 1038; x_wconf 86' lang='lat' dir='ltr'>est</span> <span class='ocrx_word' id='word_1_185' title='bbox 1269 1000 1382 1038; x_wconf 51' lang='lat' dir='ltr'>lectio</span> <span class='ocrx_word' id='word_1_186' title='bbox 1413 1000 1523 1039; x_wconf 83' lang='lat' dir='ltr'>vuius</span> <span class='ocrx_word' id='word_1_187' title='bbox 1552 1000 1639 1040; x_wconf 83' lang='lat' dir='ltr'>cod.</span> 
     </span>
     <span class='ocr_line' id='line_1_37' title="bbox 982 1054 1642 1152; baseline 0.005 -59"><span class='ocrx_word' id='word_1_188' title='bbox 982 1054 1072 1150; x_wconf 42' lang='lat' dir='ltr'>tabi,</span> <span class='ocrx_word' id='word_1_189' title='bbox 1094 1062 1099 1104; x_wconf 66' lang='grc' dir='ltr'>ξ</span> <span class='ocrx_word' id='word_1_190' title='bbox 1105 1069 1202 1152; x_wconf 56' lang='lat' dir='ltr'>1{uae</span> <span class='ocrx_word' id='word_1_191' title='bbox 1227 1055 1332 1105; x_wconf 80' lang='lat' dir='ltr'>dixi,</span> <span class='ocrx_word' id='word_1_192' title='bbox 1363 1056 1481 1096; x_wconf 81' lang='lat' dir='ltr'>dicam</span> <span class='ocrx_word' id='word_1_193' title='bbox 1512 1056 1642 1096; x_wconf 80' lang='lat' dir='ltr'>itidem</span> 
     </span>
     <span class='ocr_line' id='line_1_38' title="bbox 981 1125 1146 1152; baseline 0.012 -2"><span class='ocrx_word' id='word_1_194' title='bbox 981 1125 995 1150; x_wconf 82' lang='lat' dir='ltr'>z</span> <span class='ocrx_word' id='word_1_195' title='bbox 1023 1126 1047 1150; x_wconf 84' lang='grc' dir='ltr'>ι.</span> <span class='ocrx_word' id='word_1_196' title='bbox 1137 1142 1146 1152; x_wconf 92' lang='grc'><strong>.</strong></span> 
     </span>
    </p>
   </div>
   <div class='ocr_carea' id='block_1_10' title="bbox 975 1223 1684 1766">
    <p class='ocr_par' dir='ltr' id='par_1_12' title="bbox 975 1223 1684 1766">
     <span class='ocr_line' id='line_1_39' title="bbox 1035 1223 1644 1277; baseline -0.002 -13"><span class='ocrx_word' id='word_1_197' title='bbox 1035 1235 1087 1265; x_wconf 88' lang='lat'>21</span> <span class='ocrx_word' id='word_1_198' title='bbox 1118 1224 1238 1277; x_wconf 86' lang='lat' dir='ltr'>Hinc]</span> <span class='ocrx_word' id='word_1_199' title='bbox 1267 1223 1310 1263; x_wconf 86' lang='lat' dir='ltr'>Id</span> <span class='ocrx_word' id='word_1_200' title='bbox 1329 1223 1402 1272; x_wconf 81' lang='lat' dir='ltr'>est,</span> <span class='ocrx_word' id='word_1_201' title='bbox 1427 1237 1478 1263; x_wconf 85' lang='lat' dir='ltr'>ex</span> <span class='ocrx_word' id='word_1_202' title='bbox 1494 1223 1570 1263; x_wconf 90' lang='lat' dir='ltr'>hoc</span> <span class='ocrx_word' id='word_1_203' title='bbox 1587 1225 1644 1264; x_wconf 91' lang='lat' dir='ltr'>lo-</span> 
     </span>
     <span class='ocr_line' id='line_1_40' title="bbox 983 1277 1642 1333; baseline 0.006 -17"><span class='ocrx_word' id='word_1_204' title='bbox 983 1291 1041 1318; x_wconf 79' lang='lat' dir='ltr'>co,</span> <span class='ocrx_word' id='word_1_205' title='bbox 1071 1279 1185 1317; x_wconf 60' lang='lat' dir='ltr'>Rec&#39;ta</span> <span class='ocrx_word' id='word_1_206' title='bbox 1198 1277 1415 1330; x_wconf 75' lang='lat' dir='ltr'>profictscar</span> <span class='ocrx_word' id='word_1_207' title='bbox 1432 1281 1496 1318; x_wconf 84' lang='lat' dir='ltr'>via</span> <span class='ocrx_word' id='word_1_208' title='bbox 1506 1280 1543 1333; x_wconf 69' lang='grc' dir='ltr'>ἲ]</span> <span class='ocrx_word' id='word_1_209' title='bbox 1573 1283 1642 1320; x_wconf 82' lang='lat' dir='ltr'>Be-</span> 
     </span>
     <span class='ocr_line' id='line_1_41' title="bbox 985 1331 1684 1386; baseline 0.003 -14"><span class='ocrx_word' id='word_1_210' title='bbox 985 1347 1038 1372; x_wconf 90' lang='lat' dir='ltr'>ne</span> <span class='ocrx_word' id='word_1_211' title='bbox 1057 1335 1166 1380; x_wconf 58' lang='lat' dir='ltr'>recta,</span> <span class='ocrx_word' id='word_1_212' title='bbox 1197 1344 1236 1372; x_wconf 90' lang='lat' dir='ltr'>vt</span> <span class='ocrx_word' id='word_1_213' title='bbox 1256 1334 1426 1385; x_wconf 84' lang='lat' dir='ltr'>corporis</span> <span class='ocrx_word' id='word_1_214' title='bbox 1447 1331 1640 1386; x_wconf 75' lang='lat' dir='ltr'>impulsio·</span> <span class='ocrx_word' id='word_1_215' title='bbox 1680 1383 1684 1386; x_wconf 13' lang='grc' dir='ltr'><em>ῃ</em></span> 
     </span>
     <span class='ocr_line' id='line_1_42' title="bbox 983 1388 1642 1440; baseline 0.005 -13"><span class='ocrx_word' id='word_1_216' title='bbox 983 1401 1076 1428; x_wconf 89' lang='lat' dir='ltr'>nem</span> <span class='ocrx_word' id='word_1_217' title='bbox 1095 1388 1341 1430; x_wconf 83' lang='lat' dir='ltr'>lucrifaciam.</span> <span class='ocrx_word' id='word_1_218' title='bbox 1372 1400 1438 1429; x_wconf 87' lang='lat' dir='ltr'>aut</span> <span class='ocrx_word' id='word_1_219' title='bbox 1454 1391 1568 1440; x_wconf 56' lang='lat' dir='ltr'>retra,</span> <span class='ocrx_word' id='word_1_220' title='bbox 1603 1401 1642 1430; x_wconf 89' lang='lat' dir='ltr'>vt</span> 
     </span>
     <span class='ocr_line' id='line_1_43' title="bbox 983 1446 1642 1498; baseline 0.003 -14"><span class='ocrx_word' id='word_1_221' title='bbox 983 1459 1065 1484; x_wconf 89' lang='lat' dir='ltr'>non</span> <span class='ocrx_word' id='word_1_222' title='bbox 1091 1458 1177 1484; x_wconf 88' lang='lat' dir='ltr'>eam</span> <span class='ocrx_word' id='word_1_223' title='bbox 1205 1446 1255 1485; x_wconf 89' lang='lat' dir='ltr'>ad</span> <span class='ocrx_word' id='word_1_224' title='bbox 1284 1456 1546 1498; x_wconf 86' lang='lat' dir='ltr'>precatorem,</span> <span class='ocrx_word' id='word_1_225' title='bbox 1575 1455 1642 1490; x_wconf 89' lang='lat' dir='ltr'>aut</span> 
     </span>
     <span class='ocr_line' id='line_1_44' title="bbox 983 1500 1643 1556; baseline 0.005 -17"><span class='ocrx_word' id='word_1_226' title='bbox 983 1501 1031 1539; x_wconf 87' lang='lat' dir='ltr'>ad</span> <span class='ocrx_word' id='word_1_227' title='bbox 1051 1500 1305 1553; x_wconf 85' lang='lat' dir='ltr'>Pamphilum.</span> <span class='ocrx_word' id='word_1_228' title='bbox 1362 1506 1413 1543; x_wconf 91' lang='lat' dir='ltr'>Et</span> <span class='ocrx_word' id='word_1_229' title='bbox 1429 1502 1536 1542; x_wconf 88' lang='lat' dir='ltr'>bene</span> <span class='ocrx_word' id='word_1_230' title='bbox 1551 1511 1643 1556; x_wconf 84' lang='lat' dir='ltr'>pro-</span> 
     </span>
     <span class='ocr_line' id='line_1_45' title="bbox 975 1556 1640 1610; baseline 0.006 -15"><span class='ocrx_word' id='word_1_231' title='bbox 975 1556 1134 1610; x_wconf 64' lang='lat' dir='ltr'>ficrflar.</span> <span class='ocrx_word' id='word_1_232' title='bbox 1166 1557 1357 1609; x_wconf 75' lang='lat' dir='ltr'>Profictfii</span> <span class='ocrx_word' id='word_1_233' title='bbox 1375 1559 1481 1597; x_wconf 86' lang='lat' dir='ltr'>enim</span> <span class='ocrx_word' id='word_1_234' title='bbox 1500 1560 1543 1597; x_wconf 88' lang='lat' dir='ltr'>in</span> <span class='ocrx_word' id='word_1_235' title='bbox 1556 1572 1640 1600; x_wconf 84' lang='lat' dir='ltr'>rem</span> 
     </span>
     <span class='ocr_line' id='line_1_46' title="bbox 982 1613 1637 1666; baseline 0.005 -15"><span class='ocrx_word' id='word_1_236' title='bbox 982 1626 1139 1666; x_wconf 82' lang='lat' dir='ltr'>aegram</span> <span class='ocrx_word' id='word_1_237' title='bbox 1167 1627 1211 1652; x_wconf 91' lang='lat' dir='ltr'>ac</span> <span class='ocrx_word' id='word_1_238' title='bbox 1238 1613 1437 1654; x_wconf 84' lang='lat' dir='ltr'>difficilem</span> <span class='ocrx_word' id='word_1_239' title='bbox 1462 1613 1637 1654; x_wconf 89' lang='lat' dir='ltr'>dicimus.</span> 
     </span>
     <span class='ocr_line' id='line_1_47' title="bbox 981 1670 1640 1722; baseline 0.003 -13"><span class='ocrx_word' id='word_1_240' title='bbox 981 1673 1032 1710; x_wconf 91' lang='lat' dir='ltr'>Et</span> <span class='ocrx_word' id='word_1_241' title='bbox 1049 1670 1145 1709; x_wconf 60' lang='grc' dir='ltr'>νει-Ἕω</span> <span class='ocrx_word' id='word_1_242' title='bbox 1164 1672 1246 1719; x_wconf 88' lang='lat' dir='ltr'>via,</span> <span class='ocrx_word' id='word_1_243' title='bbox 1275 1670 1390 1722; x_wconf 82' lang='lat' dir='ltr'>plana</span> <span class='ocrx_word' id='word_1_244' title='bbox 1409 1670 1525 1721; x_wconf 80' lang='lat' dir='ltr'>dixit,</span> <span class='ocrx_word' id='word_1_245' title='bbox 1557 1684 1640 1712; x_wconf 83' lang='lat' dir='ltr'>nou</span> 
     </span>
     <span class='ocr_line' id='line_1_48' title="bbox 978 1726 1368 1766; baseline 0.005 -2"><span class='ocrx_word' id='word_1_246' title='bbox 978 1736 1127 1765; x_wconf 85' lang='lat' dir='ltr'>tantum</span> <span class='ocrx_word' id='word_1_247' title='bbox 1147 1726 1258 1766; x_wconf 64' lang='lat' dir='ltr'>recta.</span> <span class='ocrx_word' id='word_1_248' title='bbox 1317 1727 1368 1766; x_wconf 92' lang='lat' dir='ltr'>D.</span> 
     </span>
    </p>
   </div>
   <div class='ocr_carea' id='block_1_11' title="bbox 974 1836 1640 2340">
    <p class='ocr_par' dir='ltr' id='par_1_13' title="bbox 974 1836 1640 2267">
     <span class='ocr_line' id='line_1_49' title="bbox 1021 1836 1640 1889; baseline -0.005 -10"><span class='ocrx_word' id='word_1_249' title='bbox 1021 1850 1083 1887; x_wconf 19' lang='lat'>,22</span> <span class='ocrx_word' id='word_1_250' title='bbox 1115 1837 1232 1877; x_wconf 80' lang='lat' dir='ltr'>Nihil</span> <span class='ocrx_word' id='word_1_251' title='bbox 1258 1836 1306 1889; x_wconf 86' lang='lat' dir='ltr'>est</span> <span class='ocrx_word' id='word_1_252' title='bbox 1327 1840 1427 1889; x_wconf 71' lang='lat' dir='ltr'>preci</span> <span class='ocrx_word' id='word_1_253' title='bbox 1451 1839 1527 1877; x_wconf 88' lang='lat' dir='ltr'>loci</span> <span class='ocrx_word' id='word_1_254' title='bbox 1553 1839 1640 1877; x_wconf 82' lang='lat' dir='ltr'>reli-</span> 
     </span>
     <span class='ocr_line' id='line_1_50' title="bbox 976 1891 1638 1948; baseline -0.003 -14"><span class='ocrx_word' id='word_1_255' title='bbox 976 1893 1093 1948; x_wconf 64' lang='lat' dir='ltr'>ae‘Jum]</span> <span class='ocrx_word' id='word_1_256' title='bbox 1136 1894 1350 1946; x_wconf 78' lang='lat' dir='ltr'>Subiungit</span> <span class='ocrx_word' id='word_1_257' title='bbox 1376 1906 1471 1946; x_wconf 79' lang='lat' dir='ltr'>ergo</span> <span class='ocrx_word' id='word_1_258' title='bbox 1509 1891 1638 1945; x_wconf 75' lang='lat' dir='ltr'>causas</span> 
     </span>
     <span class='ocr_line' id='line_1_51' title="bbox 977 1948 1636 2001; baseline 0.002 -14"><span class='ocrx_word' id='word_1_259' title='bbox 977 1963 1041 1988; x_wconf 90' lang='lat' dir='ltr'>cur</span> <span class='ocrx_word' id='word_1_260' title='bbox 1068 1948 1326 2001; x_wconf 84' lang='lat' dir='ltr'>proficiscatur</span> <span class='ocrx_word' id='word_1_261' title='bbox 1352 1949 1395 1987; x_wconf 86' lang='lat' dir='ltr'>in</span> <span class='ocrx_word' id='word_1_262' title='bbox 1424 1948 1636 2001; x_wconf 88' lang='lat' dir='ltr'>pistrinum.</span> 
     </span>
     <span class='ocr_line' id='line_1_52' title="bbox 979 2004 1637 2059; baseline 0.005 -17"><span class='ocrx_word' id='word_1_263' title='bbox 979 2005 1096 2045; x_wconf 85' lang='lat' dir='ltr'>Nihil</span> <span class='ocrx_word' id='word_1_264' title='bbox 1120 2005 1166 2056; x_wconf 84' lang='lat' dir='ltr'>est</span> <span class='ocrx_word' id='word_1_265' title='bbox 1192 2005 1313 2059; x_wconf 82' lang='lat' dir='ltr'>precz]</span> <span class='ocrx_word' id='word_1_266' title='bbox 1345 2004 1465 2055; x_wconf 92' lang='lat' dir='ltr'>Quod</span> <span class='ocrx_word' id='word_1_267' title='bbox 1488 2006 1637 2055; x_wconf 85' lang='lat' dir='ltr'>praedi-</span> 
     </span>
     <span class='ocr_line' id='line_1_53' title="bbox 974 2058 1638 2113; baseline -0.002 -13"><span class='ocrx_word' id='word_1_268' title='bbox 974 2062 1032 2100; x_wconf 81' lang='lat' dir='ltr'>xit</span> <span class='ocrx_word' id='word_1_269' title='bbox 1060 2058 1189 2101; x_wconf 84' lang='lat' dir='ltr'>senex,</span> <span class='ocrx_word' id='word_1_270' title='bbox 1245 2061 1325 2100; x_wconf 84' lang='lat' dir='ltr'>Iam</span> <span class='ocrx_word' id='word_1_271' title='bbox 1347 2060 1570 2113; x_wconf 76' lang='lat' dir='ltr'>perturbaui</span> <span class='ocrx_word' id='word_1_272' title='bbox 1598 2076 1638 2100; x_wconf 88' lang='lat'>0.-</span> 
     </span>
     <span class='ocr_line' id='line_1_54' title="bbox 974 2117 1636 2171; baseline 0.002 -15"><span class='ocrx_word' id='word_1_273' title='bbox 974 2118 1093 2171; x_wconf 84' lang='lat' dir='ltr'>mnia]</span> <span class='ocrx_word' id='word_1_274' title='bbox 1129 2118 1342 2165; x_wconf 86' lang='lat' dir='ltr'>Allocutio,</span> <span class='ocrx_word' id='word_1_275' title='bbox 1373 2117 1416 2155; x_wconf 91' lang='lat' dir='ltr'>in</span> <span class='ocrx_word' id='word_1_276' title='bbox 1437 2130 1514 2169; x_wconf 85' lang='lat' dir='ltr'>qua</span> <span class='ocrx_word' id='word_1_277' title='bbox 1539 2117 1636 2168; x_wconf 87' lang='lat' dir='ltr'>quid</span> 
     </span>
     <span class='ocr_line' id='line_1_55' title="bbox 974 2172 1635 2267; baseline 0 -55"><span class='ocrx_word' id='word_1_278' title='bbox 974 2183 1151 2267; x_wconf 53' lang='lat' dir='ltr'>ffetuat,</span> <span class='ocrx_word' id='word_1_279' title='bbox 1193 2172 1289 2226; x_wconf 91' lang='lat' dir='ltr'>quid</span> <span class='ocrx_word' id='word_1_280' title='bbox 1320 2173 1433 2222; x_wconf 86' lang='lat' dir='ltr'>velit,</span> <span class='ocrx_word' id='word_1_281' title='bbox 1474 2172 1635 2213; x_wconf 87' lang='lat' dir='ltr'>manife-</span> 
     </span>
    </p>

    <p class='ocr_par' dir='ltr' id='par_1_14' title="bbox 1007 2228 1634 2340">
     <span class='ocr_line' id='line_1_56' title="bbox 1007 2228 1634 2340; baseline 0 -16"><span class='ocrx_word' id='word_1_282' title='bbox 1007 2228 1162 2339; x_wconf 48' lang='lat' dir='ltr'>usslreegg·</span> <span class='ocrx_word' id='word_1_283' title='bbox 1193 2232 1356 2337; x_wconf 39' lang='lat' dir='ltr'>Alli-tiqui</span> <span class='ocrx_word' id='word_1_284' title='bbox 1382 2284 1634 2340; x_wconf 75' lang='lat' dir='ltr'>declinabant</span> 
     </span>
    </p>
   </div>
   <div class='ocr_carea' id='block_1_12' title="bbox 260 2339 1631 2396">
    <p class='ocr_par' dir='ltr' id='par_1_15' title="bbox 260 2339 1631 2396">
     <span class='ocr_line' id='line_1_57' title="bbox 260 2339 1631 2396; baseline -0.003 -11"><span class='ocrx_word' id='word_1_285' title='bbox 260 2346 386 2393; x_wconf 62' lang='lat' dir='ltr'>filum,</span> <span class='ocrx_word' id='word_1_286' title='bbox 414 2345 493 2383; x_wconf 86' lang='lat' dir='ltr'>iam</span> <span class='ocrx_word' id='word_1_287' title='bbox 520 2343 743 2396; x_wconf 88' lang='lat' dir='ltr'>perturbaui</span> <span class='ocrx_word' id='word_1_288' title='bbox 764 2344 919 2384; x_wconf 85' lang='lat' dir='ltr'>omnia:</span> <span class='ocrx_word' id='word_1_289' title='bbox 962 2354 1063 2395; x_wconf 82' lang='lat' dir='ltr'>prex</span> <span class='ocrx_word' id='word_1_290' title='bbox 1085 2343 1222 2394; x_wconf 79' lang='lat' dir='ltr'>precis:</span> <span class='ocrx_word' id='word_1_291' title='bbox 1258 2341 1361 2380; x_wconf 88' lang='lat' dir='ltr'>vnde</span> <span class='ocrx_word' id='word_1_292' title='bbox 1384 2339 1562 2380; x_wconf 82' lang='lat' dir='ltr'>remanfit</span> <span class='ocrx_word' id='word_1_293' title='bbox 1586 2342 1631 2382; x_wconf 84' lang='lat' dir='ltr'>in</span> 
     </span>
    </p>
   </div>
   <div class='ocr_carea' id='block_1_13' title="bbox 259 2398 922 2670">
    <p class='ocr_par' dir='ltr' id='par_1_16' title="bbox 259 2398 922 2553">
     <span class='ocr_line' id='line_1_58' title="bbox 261 2398 919 2453; baseline -0.005 -13"><span class='ocrx_word' id='word_1_294' title='bbox 261 2400 361 2440; x_wconf 85' lang='lat' dir='ltr'>nihil</span> <span class='ocrx_word' id='word_1_295' title='bbox 397 2413 490 2453; x_wconf 84' lang='lat' dir='ltr'>ergo</span> <span class='ocrx_word' id='word_1_296' title='bbox 535 2398 667 2439; x_wconf 82' lang='lat' dir='ltr'>causae</span> <span class='ocrx_word' id='word_1_297' title='bbox 697 2400 775 2452; x_wconf 84' lang='lat' dir='ltr'>est,</span> <span class='ocrx_word' id='word_1_298' title='bbox 823 2400 919 2450; x_wconf 86' lang='lat' dir='ltr'>quin</span> 
     </span>
     <span class='ocr_line' id='line_1_59' title="bbox 260 2453 922 2509; baseline -0.003 -13"><span class='ocrx_word' id='word_1_299' title='bbox 260 2458 302 2496; x_wconf 87' lang='lat' dir='ltr'>in</span> <span class='ocrx_word' id='word_1_300' title='bbox 333 2456 536 2509; x_wconf 87' lang='lat' dir='ltr'>pistrinum</span> <span class='ocrx_word' id='word_1_301' title='bbox 569 2457 671 2495; x_wconf 60' lang='lat' dir='ltr'>seua</span> <span class='ocrx_word' id='word_1_302' title='bbox 707 2453 922 2508; x_wconf 82' lang='lat' dir='ltr'>proficiscar</span> 
     </span>
     <span class='ocr_line' id='line_1_60' title="bbox 259 2515 434 2553; baseline -0.006 0"><span class='ocrx_word' id='word_1_303' title='bbox 259 2515 331 2553; x_wconf 79' lang='lat' dir='ltr'>via.</span> <span class='ocrx_word' id='word_1_304' title='bbox 392 2516 434 2553; x_wconf 93' lang='lat' dir='ltr'>E.</span> 
     </span>
    </p>

    <p class='ocr_par' dir='ltr' id='par_1_17' title="bbox 259 2567 722 2670">
     <span class='ocr_line' id='line_1_61' title="bbox 315 2567 722 2623; baseline -0.01 -13"><span class='ocrx_word' id='word_1_305' title='bbox 315 2569 450 2610; x_wconf 82' lang='lat' dir='ltr'>Dicam</span> <span class='ocrx_word' id='word_1_306' title='bbox 490 2568 611 2606; x_wconf 81' lang='lat' dir='ltr'>eadem</span> <span class='ocrx_word' id='word_1_307' title='bbox 650 2567 722 2623; x_wconf 76' lang='lat' dir='ltr'>illi]</span> 
     </span>
     <span class='ocr_line' id='line_1_62' title="bbox 259 2623 681 2670; baseline -0.005 -5"><span class='ocrx_word' id='word_1_308' title='bbox 259 2626 378 2670; x_wconf 68' lang='lat' dir='ltr'>dicam</span> <span class='ocrx_word' id='word_1_309' title='bbox 396 2626 490 2665; x_wconf 83' lang='lat' dir='ltr'>idem</span> <span class='ocrx_word' id='word_1_310' title='bbox 517 2623 581 2663; x_wconf 78' lang='lat' dir='ltr'>illi.</span> <span class='ocrx_word' id='word_1_311' title='bbox 640 2627 681 2665; x_wconf 90' lang='lat' dir='ltr'>L.</span> 
     </span>
    </p>
   </div>
   <div class='ocr_carea' id='block_1_14' title="bbox 772 2564 921 2610">
    <p class='ocr_par' dir='ltr' id='par_1_18' title="bbox 772 2564 921 2610">
     <span class='ocr_line' id='line_1_63' title="bbox 772 2564 921 2610; baseline -0.007 -2"><span class='ocrx_word' id='word_1_312' title='bbox 772 2564 843 2610; x_wconf 75' lang='grc' dir='ltr'>ΜΓ.</span> <span class='ocrx_word' id='word_1_313' title='bbox 875 2569 921 2608; x_wconf 84' lang='lat' dir='ltr'>R.</span> 
     </span>
    </p>
   </div>
   <div class='ocr_carea' id='block_1_15' title="bbox 971 2395 1630 2676">
    <p class='ocr_par' dir='ltr' id='par_1_19' title="bbox 971 2395 1630 2676">
     <span class='ocr_line' id='line_1_64' title="bbox 973 2395 1630 2446; baseline 0.002 -9"><span class='ocrx_word' id='word_1_314' title='bbox 973 2397 1039 2437; x_wconf 85' lang='lat' dir='ltr'>vsu</span> <span class='ocrx_word' id='word_1_315' title='bbox 1072 2395 1299 2437; x_wconf 84' lang='lat' dir='ltr'>accusatiuus</span> <span class='ocrx_word' id='word_1_316' title='bbox 1328 2408 1366 2435; x_wconf 91' lang='lat' dir='ltr'>et</span> <span class='ocrx_word' id='word_1_317' title='bbox 1384 2397 1630 2446; x_wconf 55' lang='lat' dir='ltr'>ablatirxupi11</span> 
     </span>
     <span class='ocr_line' id='line_1_65' title="bbox 971 2451 1626 2506; baseline 0 -14"><span class='ocrx_word' id='word_1_318' title='bbox 971 2454 1252 2506; x_wconf 70' lang='lat' dir='ltr'>singularitate,</span> <span class='ocrx_word' id='word_1_319' title='bbox 1302 2452 1458 2505; x_wconf 75' lang='lat' dir='ltr'>astutia,</span> <span class='ocrx_word' id='word_1_320' title='bbox 1491 2451 1626 2504; x_wconf 65' lang='lat' dir='ltr'>scelus,</span> 
     </span>
     <span class='ocr_line' id='line_1_66' title="bbox 971 2510 1630 2560; baseline 0.003 -11"><span class='ocrx_word' id='word_1_321' title='bbox 971 2511 1114 2558; x_wconf 78' lang='lat' dir='ltr'>malum,</span> <span class='ocrx_word' id='word_1_322' title='bbox 1126 2519 1166 2547; x_wconf 91' lang='lat' dir='ltr'>et</span> <span class='ocrx_word' id='word_1_323' title='bbox 1174 2510 1322 2560; x_wconf 86' lang='lat' dir='ltr'>reliqua</span> <span class='ocrx_word' id='word_1_324' title='bbox 1334 2510 1630 2558; x_wconf 43' lang='lat' dir='ltr'>alianum-iecti—</span> 
     </span>
     <span class='ocr_line' id='line_1_67' title="bbox 971 2563 1630 2618; baseline 0 -12"><span class='ocrx_word' id='word_1_325' title='bbox 971 2579 1042 2606; x_wconf 86' lang='lat' dir='ltr'>nes</span> <span class='ocrx_word' id='word_1_326' title='bbox 1061 2565 1149 2605; x_wconf 88' lang='lat' dir='ltr'>sunt</span> <span class='ocrx_word' id='word_1_327' title='bbox 1160 2565 1329 2604; x_wconf 87' lang='lat' dir='ltr'>dolentis</span> <span class='ocrx_word' id='word_1_328' title='bbox 1345 2576 1410 2604; x_wconf 89' lang='lat' dir='ltr'>aut</span> <span class='ocrx_word' id='word_1_329' title='bbox 1421 2563 1630 2618; x_wconf 82' lang='lat' dir='ltr'>irascentis,</span> 
     </span>
     <span class='ocr_line' id='line_1_68' title="bbox 971 2621 1528 2676; baseline -0.002 -13"><span class='ocrx_word' id='word_1_330' title='bbox 971 2621 1126 2676; x_wconf 86' lang='lat' dir='ltr'>quando</span> <span class='ocrx_word' id='word_1_331' title='bbox 1146 2621 1198 2661; x_wconf 86' lang='lat' dir='ltr'>ita</span> <span class='ocrx_word' id='word_1_332' title='bbox 1215 2632 1427 2674; x_wconf 82' lang='lat' dir='ltr'>ponuntur.</span> <span class='ocrx_word' id='word_1_333' title='bbox 1484 2624 1528 2662; x_wconf 89' lang='lat' dir='ltr'>E.</span> 
     </span>
    </p>
   </div>
   <div class='ocr_carea' id='block_1_16' title="bbox 1792 1983 1815 3168">
    <p class='ocr_par' dir='ltr' id='par_1_20' title="bbox 1792 1983 1815 3168">
     <span class='ocr_line' id='line_1_69' title="bbox 1792 1983 1815 3168; baseline 0 0"><span class='ocrx_word' id='word_1_334' title='bbox 1792 1983 1815 3168; x_wconf 95' lang='lat' dir='ltr'> </span> 
     </span>
    </p>
   </div>
  </div>
 </body>
</html>
