1815 3168
646 192 944 239 ANDRIA.

1396 207 1482 249 161

199 332 224 381 5
256 311 413 362 DAV.
450 315 627 364 Posthac
648 318 914 366 incolumem
934 319 992 366 sat
1015 321 1098 368 scio
1119 322 1214 369 fore
1235 342 1328 379 me,
1361 347 1481 378 nunc

352 391 383 438 fi
408 392 492 438 hoc
517 393 662 440 deuito
686 394 864 441 malum.

250 466 403 520 ΡᾼΜ.
434 472 554 514 Nam
575 468 681 532 quid
722 486 804 528 ego
828 487 956 521 ,nunc
992 470 1130 518 dicam
1159 476 1309 536 patri?
1348 495 1475 538 nega-

353 542 457 590 bon'
478 544 586 591 velle
605 560 688 597 me,
713 543 847 591 modo

118 665 241 704 mium
260 666 495 720 generaliter
514 680 583 717 pro
593 666 700 706 bene
710 678 776 707 aut

119 722 222 761 male
238 722 337 761 facTto
355 721 535 762 redditur.
555 721 620 762 sed
641 721 775 762 discer-

119 779 222 816 nitur
259 778 320 817 ita.
374 781 471 818 Nam
504 780 670 830 pretium
701 793 770 831 pro

120 831 292 882 stultitia,
331 833 387 874 est
419 848 578 885 poena:
605 837 774 886 pretium

117 889 337 939 (praemium
365 888 436 930 Ms.
460 890 609 929 Boend.
639 902 680 929 et
707 890 769 933 ed.

119 944 186 984 Du
211 948 270 996 B.)
290 958 360 996 pro
386 946 542 994 virtute,
569 946 694 985 honor
719 946 774 987 est

110 1011 158 1038 ct
176 1001 333 1041 lucrum.
391 1001 562 1041 Pretium
586 1001 630 1040 ob
648 1002 772 1054 stulti-

114 1057 226 1110 tiam]
269 1058 329 1095 bic
366 1058 518 1096 Plautus
555 1061 772 1111 (Leguntur

115 1111 233 1151 verba
251 1113 292 1150 in
303 1118 548 1166 Argumento
558 1114 770 1154 Alium-iae.

114 1169 343 1210 creduntur
369 1179 497 1207 autem
527 1173 772 1222 Argumenta

114 1223 342 1264 Fabularurn
375 1225 497 1264 Plauti
527 1223 604 1265 effe
631 1240 654 1265 a
681 1224 770 1265 Pris-

117 1280 243 1320 ciano.
316 1278 435 1333 Igitur
477 1293 564 1320 cum
596 1284 770 1322 Donatus

114 1334 265 1374 duobus
300 1334 385 1375 fere
413 1333 546 1375 seculis
580 1335 768 1376 Prisciano

112 1390 157 1430 fit
181 1391 393 1442 antiquior,
426 1391 488 1430 vel
512 1391 640 1430 noster
663 1393 768 1431 locus

115 1446 171 1485 est
188 1446 452 1497 interpolatus,
469 1446 573 1497 quod
593 1461 683 1486 vero
699 1448 772 1487 mi·

113 1500 155 1540 hi
182 1515 262 1540 non
280 1501 335 1540 est
352 1500 569 1551 verifimile,
598 1513 676 1542 tam
703 1501 769 1542 sci·

113 1566 194 1596 tum
213 1558 339 1596 locum
352 1555 484 1596 inscito
503 1558 768 1610 interpolatori

114 1610 262 1652 venisse
284 1614 325 1651 in
344 1623 528 1661 mentem,
560 1616 620 1652 rel
641 1626 767 1653 aetate

111 1669 258 1709 Donati
284 1669 460 1708 Plautum
496 1666 621 1719 ipsum
647 1671 767 1708 credi-

111 1734 192 1763 tum
228 1719 305 1762 efl'e
336 1726 671 1777 Argumentorum
702 1739 765 1764 au-

108 1780 272 1832 Ctorem)
290 1779 439 1818 locutus
457 1779 520 1827 est,
544 1781 707 1821 Pretium
719 1778 764 1820 ob

106 1837 268 1884 Asinos.-
307 1848 398 1886 pro,
426 1834 617 1876 afinorum
652 1838 765 1888 preti-

109 1904 185 1929 um.
231 1893 340 1943 virg.
382 1893 502 1942 (Aen.
537 1895 762 1946 lx,'232.)‚

106 1946 200 1986 Rem
209 1959 386 2000 magnam,
402 1948 634 2000 pretiumque
641 1962 764 1988 morae

94 2005 198 2055 fore.
229 2005 277 2042 Et
296 2000 398 2050 alibi,
417 2003 540 2053 (Aen.
553 2006 760 2057 X¹¹>351·)a

106 2058 211 2098 Illum
237 2057 396 2105 Tydides
423 2059 499 2098 alio
524 2071 594 2111 pro
621 2061 759 2101 talibus

103 2111 197 2161 aufi's
218 2113 348 2165 Afficit
362 2117 500 2166 pretia.
528 2125 569 2153 et
587 2115 642 2154 est
664 2115 760 2169 figu-

102 2183 144 2210 ra
164 2168 316 2214 ἔκλειψις.
340 2180 379 2209 vt
395 2168 498 2223 apud
507 2171 617 2224 Virg.
637 2173 757 2224 (Aen.

105 2239 161 2276 xr,
183 2228 315 2279 269),
345 2225 607 2278 Inuidzffi'deos
623 2232 758 2282 patriis

102 2294 146 2324 vt
161 2283 328 2321 redditus
346 2282 436 2323 oris.
493 2286 546 2325 D.

124 2361 129 2366 ,
156 2337 363 2378 Praemium
373 2337 419 2378 ob
427 2337 647 2394 stultitiam]
672 2341 758 2381 Hoc

104 2393 176 2440 dl,
210 2395 388 2434 meritum
425 2405 544 2446 atque
574 2409 756 2448 poenam.

104 2449 243 2501 virgil.
280 2452 401 2501 (Aen.
435 2463 498 2498 lx,
535 2454 665 2504 232),
703 2476 757 2484 —

103 2501 193 2545 Rem
203 2509 613 2561 magnam,pretiumque
623 2510 757 2548 morae.

105 2561 154 2600 Et
188 2562 305 2611 (Aen.
332 2575 412 2611 xn,
451 2567 590 2616 351.)‚
626 2563 756 2604 -111um

104 2614 262 2666 Tydides
294 2617 368 2656 alio
394 2629 466 2670 pro
497 2619 634 2659 talibus
661 2620 756 2673 aufi's

103 2670 240 2726 Affbcit
261 2675 392 2726 pretio.
417 2693 477 2707 --·
524 2676 688 2719 Inulmm
712 2678 756 2718 id

1383 556 1476 608 Qui

822 670 1026 724 nunquam]
1074 674 1239 723 Impune
1272 687 1474 726 nunquam

820 723 941 773 feret,
974 726 1013 765 id
1042 727 1105 776 est,
1132 742 1302 779 poenam
1322 729 1474 773 sustine-

820 779 887 819 bit.
944 784 986 821 E.

877 837 1043 876 Pretium
1056 836 1100 876 ob
1112 838 1332 896 stultitiam]
1363 848 1472 886 Seru.

819 893 990 933 Aeneid.
1019 907 1072 933 lx.
1102 893 1192 935 vers.
1233 897 1474 954 Frenumque

819 962 959 995 morae,
993 960 1032 989 et
1059 951 1228 991 Aeneid.
1266 967 1348 995 x11.
1380 956 1470 997 vers.

820 1003 955 1055 Afficit
969 1010 1099 1058 pretio.
1152 1012 1194 1048 L.

869 1063 975 1113 Lege
1006 1074 1053 1099 ex
1080 1073 1168 1102 vett.
1195 1063 1291 1103 Edd.
1328 1079 1367 1105 et
1393 1083 1472 1109 vno

817 1115 902 1156 cod.
922 1118 1054 1169 Regio,
1060 1117 1134 1168 fid
1153 1119 1314 1161 inultum
1328 1124 1472 1164 idnun-

819 1185 928 1225 quam
947 1188 972 1211 a
990 1188 1044 1212 me
1061 1175 1218 1226 aufiret.
1274 1181 1316 1218 Β.

873 1241 897 1281 ς
926 1228 1080 1280 Posthac
1098 1231 1309 1272 incolumem
1317 1235 1383 1284 fizt
1419 1239 1473 1275 cio

807 1284 901 1335 fore
919 1286 991 1339 me]
1024 1286 1085 1325 Sic
1106 1286 1234 1327 dicere
1251 1286 1415 1331 solemus
1430 1294 1472 1332 in

817 1353 961 1392 magno
996 1343 1165 1392 periculo
1198 1344 1328 1395 politi:
1375 1362 1471 1387 nun—

819 1408 932 1445 quam
951 1409 1020 1434 nos
1039 1398 1321 1450 periclitam-os,
1339 1402 1472 1443 fiillud

817 1451 1032 1501 periculum
1063 1455 1297 1502 potuerimus
1332 1460 1469 1499 euade-

817 1518 869 1543 re.
927 1506 1098 1562 Posthac]
1135 1510 1325 1550 Audaaer
1351 1512 1386 1552 se
1415 1517 1470 1554 in-

815 1561 1008 1601 columem
1031 1564 1077 1614 in
1102 1562 1267 1605 futurum
1288 1572 1472 1619 promittit

812 1616 910 1665 sore,
932 1612 1016 1655 cun]
1037 1621 1113 1657 vita
1132 1619 1298 1661 hominis
1317 1637 1390 1664 tarn
1411 1642 1469 1666 va-

811 1672 876 1710 riis
895 1671 1100 1724 multisque
1119 1675 1161 1713 fit
1180 1679 1360 1727 periculis
1380 1695 1469 1721 con-

812 1726 907 1766 serta
920 1741 929 1764 :
946 1727 1021 1768 Sed
1035 1729 1104 1768 hoc
1115 1730 1225 1772 dicit:
1244 1735 1316 1782 Sic,
1328 1739 1467 1787 inquit,

814 1783 1027 1834 periclitor;
1059 1784 1084 1823 fi
1104 1784 1175 1825 hoc
1193 1787 1360 1839 euasero,
1390 1793 1464 1832 scio

813 1852 878 1878 me
896 1853 975 1877 non
997 1840 1126 1892 postea
1150 1846 1465 1893 periclitattu'um⁶

813 1896 1036 1934 Menander
1064 1896 1112 1936 fic
1140 1899 1178 1936 ἄν
1210 1901 1292 1945 Θεὸς
1320 1915 1463 1949 <perfer

813 1962 895 1990 ort<
924 1962 1260 1997 ANAHOATMHHE
1284 1962 1299 1979 '⁶
1316 1957 1376 2003 (Is.
1393 1964 1464 2002 (ja-

809 2004 912 2045 saul).
948 2008 1000 2046 ita
1034 2010 1217 2051 restituit.-
1259 2006 1351 2053 Ενδέν
1385 2023 1467 2054 ἀτο-

810 2061 962 2111 φεῦγων,
998 2064 1039 2102 ἐκ
1068 2063 1107 2103 ε’ἶν
1144 2072 1319 2114 ἀπολοίμην
1354 2076 1464 2124 ποτέ),

808 2130 848 2157 et
867 2118 921 2157 est
939 2117 1088 2169 sensUS,
1117 2126 1216 2162 Tam
1235 2125 1393 2166 difficile
1413 2130 1467 2168 est

808 2173 901 2213 hinc
918 2175 1097 2226 euadere,
1130 2190 1168 2217 vt
1186 2181 1361 2230 qui;hinc
1381 2199 1465 2224 eua-

806 2227 904 2280 serit,
926 2231 1100 2272 videatur
1118 2235 1340 2277 immortalis
1365 2239 1464 2279 futu-

807 2299 885 2325 ruS.
945 2289 993 2329 D.

859 2342 1017 2394 Posthac
1052 2345 1292 2402 incolumem]
1338 2352 1464 2392 Facile

805 2410 872 2437 me
897 2397 1093 2452 intelligo,
1131 2402 1275 2454 inquit,
1312 2407 1487 2448 incola<

806 2467 912 2493 mem
943 2452 1021 2493 effe
1046 2454 1174 2497 futuro
1201 2471 1399 2512 tempore,
1436 2464 1462 2503 fi

805 2508 879 2549 hoc
897 2511 1051 2562 malum,
1073 2514 1175 2563 quod
1193 2514 1377 2568 praesens
1396 2520 1459 2569 est,

804 2568 1015 2607 euitauero.
1067 2571 1111 2608 E.
1340 2580 1343 2583 “

859 2625 886 2666 6
918 2623 1053 2663 Dicam
1068 2625 1192 2678 patri]
1221 2627 1456 2680 Benepasri,

800 2691 884 2721 non
903 2679 1078 2721 Simoni:
1108 2691 1156 2722 vt*
1168 2681 1220 2721 de
1237 2685 1461 2725 auE'toritate

911 2738 944 2779 Ι,
1348 2740 1462 2781 huius
