1815 3168
488 142 1015 189 HEAVTONTIM.

1335 149 1424 205 585

204 269 407 330 Agedum
431 268 618 322 vicissim,
641 273 761 332 Syre,
789 268 856 314 dic
879 286 988 332 qnae
1010 271 1130 319 iilzsst
1150 275 1294 320 altera.

104 362 168 407 70
208 343 298 391 ὃν.
335 345 605 405 Adducimus
630 355 749 391 tuam
772 346 1044 393 Bacchidem.
1087 346 1268 398 CLt‘r.
1305 345 1430 394 hem!

304 420 422 483 quid,
447 419 736 467 Bacchidem?

204 495 302 544 Eho
333 494 521 549 sceleste,
560 512 648 560 quo
678 494 801 542 'illam
837 495 988 544 ducis?
1024 495 1112 545 SY.
1152 513 1242 560 quo
1271 514 1353 557 ego
1384 496 1432 543 il-

276 596 278 598 *
300 570 420 618 lam?
459 571 512 618 ad
534 588 615 618 nos
639 571 808 618 scilicet.

205 643 352 694 CLlT.
386 647 456 693 Ad
477 648 737 712 patremne?
775 643 854 693 SY.
894 647 948 694 ad
969 665 1070 694 eum
1093 647 1250 713 ipsum.
1283 642 1433 693 CLxT.

303 739 330 769 o
343 723 535 769 hominis
548 721 850 787 impudentem
863 720 1105 770 audaciam!
1133 722 1210 771 SY.
1231 723 1356 774 heus,

203 802 316 845 Non
335 797 385 845 fit
406 796 494 844 fine
504 798 670 864 periclo
684 798 847 845 facinus
861 816 1072 860 magnum
1085 810 1127 845 et
1135 796 1435 845 memorabile.

128 1019 182 1071 69
223 1016 409 1071 Agedum]
453 1018 534 1073 Age
567 1015 728 1072 singula-

74 1085 155 1112 rem
175 1087 379 1112 numerum
400 1072 604 1114 defiderat:
636 1076 728 1128 Agi-

70 1140 106 1168 te
132 1130 344 1180 pluralem:
373 1132 541 1184 Agedum
567 1143 661 1169 vero
693 1144 730 1169 v-

67 1197 267 1237 trumque.
325 1189 435 1241 Qae
475 1187 522 1238 est
545 1185 608 1226 illa
643 1185 730 1224 alte·

72 1256 116 1280 ra
128 1241 171 1295 ?]
199 1245 415 1294 Interrogat
433 1257 514 1282 non
526 1243 732 1281 immemor

73 1297 280 1337 verborum
308 1299 425 1350 Syri,
475 1300 509 1338 O
542 1298 731 1350 Clitipho:

69 1351 151 1405 post
169 1352 254 1405 istuc
277 1356 432 1393 veniam.
489 1358 532 1397 C.

129 1421 185 1462 70
214 1411 330 1452 Hem!
362 1410 503 1464 quiil?]
550 1409 643 1448 Hem
674 1411 730 1449 in-

74 1465 253 1504 teriectio·
268 1464 321 1504 est
338 1478 459 1504 nouas
479 1479 537 1506 res
556 1479 630 1505 nec
650 1467 732 1518 opi-

75 1533 128 1559 ne
145 1521 347 1560 audientis.
405 1524 450 1563 C.

131 1577 358 1616 Adducimus
371 1577 492 1631 tuam]
513 1579 606 1628 Quo
616 1576 732 1616 sacili-

75 1645 119 1671 us
145 1631 315 1672 blandii-i
349 1632 586 1673 adolescenti
611 1635 733 1684 postit,

77 1688 209 1729 adiicit
228 1689 353 1729 Tuam.
410 1693 452 1729 E.

130 1744 204 1784 Etfi
222 1748 398 1786 Donatus
418 1744 465 1784 ad
483 1744 597 1786 Adel.
615 1757 671 1795 xv3
697 1759 735 1798 4,

76 1800 140 1840 hic
154 1801 252 1855 legit
270 1801 510 1841 Abducimus:
540 1813 672 1841 tamen
685 1802 734 1840 ob

1272 877 1436 921 CL1T.

778 1017 849 1058 bus
873 1017 1009 1058 nostris
1028 1028 1065 1058 et
1085 1017 1172 1058 edd.
1195 1027 1284 1058 vett.
1305 1014 1370 1056 sub
1389 1013 1438 1055 fi-

780 1090 886 1124 nem,
911 1076 1011 1114 Heus
1035 1088 1076 1113 tu
1087 1078 1104 1113 !
1158 1077 1197 1114 B.

832 1144 883 1184 73
917 1132 1015 1169 Heus
1044 1144 1085 1169 tu
1095 1133 1111 1169 !
1138 1143 1211 1169 non
1224 1127 1276 1180 fit
1287 1129 1366 1180 stne
1380 1140 1438 1181 pe-

779 1189 897 1227 riculo
923 1186 1096 1240 facinus]
1135 1187 1337 1226 Sententia
1372 1199 1439 1238 ge·

781 1243 919 1282 neralis
934 1272 942 1290 ,
977 1256 1078 1295 quae
1095 1253 1133 1281 et
1151 1239 1270 1282 seruis
1290 1255 1440 1281 conue-

780 1302 850 1339 nit.
910 1301 955 1341 C.

833 1355 959 1397 Heus!
988 1367 1063 1393 non
1088 1351 1138 1404 fit
1155 1353 1235 1406 fine
1250 1350 1437 1407 periculo]

780 1412 980 1462 Quoniam
1012 1411 1268 1463 interrogatus
1299 1407 1438 1457 seruus,

782 1480 860 1518 qno
900 1465 1057 1505 duceret
1094 1467 1341 1512 Bacchidem,
1382 1478 1441 1503 re·

782 1521 949 1574 spondit,
971 1523 1019 1559 ad
1043 1534 1200 1572 patrem.
1243 1520 1364 1572 Quod
1380 1533 1441 1559 ae·

785 1581 856 1633 gre
876 1577 1005 1616 ferens
1025 1576 1259 1627 adolescens,
1281 1591 1368 1616 cnm
1384 1577 1444 1614 in-

784 1635 1014 1687 dignatione
1058 1633 1243 1672 audacem
1288 1630 1442 1673 sernum

784 1689 1090 1743 pronunciauit:
1147 1690 1335 1729 continuo
1373 1688 1442 1727 ille

785 1744 1002 1798 respondit,
1029 1744 1197 1785 <Facinus
1218 1757 1387 1800 magnum
1406 1756 1443 1782 et

784 1800 1015 1842 memorabile
1026 1799 1112 1850 fieri
1135 1815 1316 1855 nunquam
1332 1800 1442 1853 poste,

79 1854 304 1896 consensum
342 1857 453 1897 codd.
486 1858 735 1897 retinendum
773 1858 854 1911 sine
873 1858 1000 1910 aliquo
1012 1858 1190 1908 periculo,
1231 1860 1290 1897 Ita
1305 1857 1345 1895 in
1366 1855 1443 1895 hoc

78 1912 258 1966 putamus
278 1914 519 1953 Adducimus.
573 1916 602 1952 B

132 1981 182 2023 71
216 1970 316 2024 Eho]
356 1968 576 2009 Inter-ieetio
604 1967 737 2008 admo-

79 2025 211 2065 nentis
233 2027 507 2074 attentionem,
537 2036 576 2065 et
593 2035 631 2063 vt
647 2024 739 2064 fista-

81 2091 142 2120 tur
162 2082 312 2135 gradus,
336 2080 537 2133 poscentis.
597 2083 686 2137 1ῼΞιο
697 2082 739 2119 il-

85 2137 155 2177 lam
183 2140 331 2190 ducis?]
362 2140 447 2177 Hoc
485 2150 572 2176 cum
602 2139 740 2175 timore

84 2193 433 2246 pronunciandum.
472 2195 604 2234 Timet
615 2205 665 2232 ne
677 2207 740 2245 pa-

86 2262 145 2289 ter
162 2251 262 2289 illins
275 2251 435 2289 amicam
446 2247 661 2303 cognoscat.
694 2251 739 2290 C.

143 2308 233 2362 2310
250 2305 348 2346 illam
368 2304 526 2360 ducis?]
557 2306 602 2344 V.
614 2305 658 2345 C.
681 2304 742 2344 ab·

87 2361 202 2401 ducis.
256 2365 295 2402 L.

140 2430 192 2470 72
233 2417 266 2456 O
314 2417 557 2471 impudentem
589 2417 741 2457 audaci·

89 2473 196 2528 am!]
240 2476 346 2513 Bene
391 2475 608 2514 audaciam:
643 2486 741 2525 quae

90 2530 247 2582 proprie
266 2528 319 2568 est
335 2530 539 2569 temeritas.
596 2532 644 2572 C.

144 2589 196 2625 Vt
219 2581 342 2625 versus
371 2586 583 2636 quadratus,
601 2597 638 2624 et
668 2585 745 2637 ple-

93 2654 163 2681 nus
181 2640 243 2692 iit,
275 2641 351 2695 leg.
371 2654 460 2681 cum
486 2641 596 2682 codd.
624 2642 744 2681 omni·

742 1940 744 1942 v
786 1926 946 1967 quoque
959 1914 1176 1964 periculum
1193 1912 1257 1963 est,
1269 1925 1446 1964 cum‚pa-

786 1982 844 2010 tre
864 1968 1085 2022 praesente,
1119 1971 1160 2008 in
1179 1969 1296 2009 domo
1316 1968 1445 2007 futura

787 2028 830 2067 sit
859 2027 1053 2065 meretrix.
1111 2028 1266 2066 Tamen
1305 2024 1443 2072 studet,

788 2095 828 2123 vt
850 2081 1102 2121 nibilominus
1124 2081 1371 2133 celaripoffit.
1401 2082 1445 2119 Ε.

842 2140 934 2178 Non
959 2135 1010 2188 fit
1028 2137 1110 2187 sine
1126 2137 1306 2191 periculo]
1338 2138 1448 2178 Con-

789 2206 845 2234 tra
878 2193 1046 2233 quenal.
1069 2195 1190 2246 Satyr.
1221 2205 1317 2240 xiv,
1350 2204 1443 2245 224,

790 2249 925 2290 Nullus
955 2251 1050 2288 enim
1081 2251 1205 2304 magni
1220 2248 1373 2300 sceleris
1398 2248 1449 2287 la-

793 2306 870 2345 bar.
919 2306 993 2344 Vbi
1008 2305 1237 2345 Sclioliastes
1256 2303 1449 2345 huncTe-

791 2361 907 2402 rentii
928 2362 1055 2401 locum
1075 2360 1213 2400 laudat.
1270 2365 1311 2402 L.

847 2421 918 2458 Pro
946 2417 1178 2457 memorabile
1200 2417 1275 2470 leg.
1305 2427 1452 2454 comme-

791 2473 993 2517 morabile5
1015 2474 1151 2525 qniain
1174 2472 1284 2512 codd.
1298 2466 1452 2523 quibus-

794 2530 881 2569 dam
930 2529 1072 2582 legitur
1110 2543 1171 2569 nec
1204 2526 1450 2581 memorabile.

795 2588 894 2627 Nam
918 2588 1007 2625 olim
1031 2589 1119 2626 Com
1139 2596 1177 2625 et
1195 2587 1273 2625 Con
1295 2596 1367 2622 vna
1396 2582 1454 2620 lit-

796 2643 938 2689 terula,
970 2645 1003 2682 (ἑ
1031 2655 1177 2695 nempe
1198 2637 1348 2682 inuersa
1373 2637 1454 2677 scri-

907 2700 979 2738 Oo
1009 2711 1033 2752 5
1339 2694 1453 2734 beba-
