1815 3168
645 219 939 266 ANDRIA.

1406 230 1468 277 37

135 358 198 414 7'0
233 353 352 397 Bona
375 349 516 396 dicere
532 384 545 400 ,
587 355 630 394 et
653 346 827 393 laudare
848 346 1045 392 fortunas
1069 359 1201 395 meas,

237 428 329 478 Qui
354 435 535 483 gnatum
558 422 764 469 haberem
791 421 861 466 tali
885 421 1064 480 ingenio
1088 416 1351 482 praeditum.

239 500 360 553 Quid
384 498 524 545 verbis
539 514 651 561 opus
675 495 765 544 est?
786 497 865 541 hac
885 495 996 541 fama
1016 493 1223 557 impulsus
1241 492 1465 544 Chremes.

232 574 362 621 Vltro
387 575 439 620 ad
461 591 529 619 me
550 574 689 624 venit,
725 572 897 618 vnicam
921 580 1095 629 gnatam
1116 568 1233 614 suam

181 655 186 658 ’
234 652 349 695 Cum
374 649 474 696 dote
497 648 662 693 summa
685 644 774 693 filio
797 661 977 692 vxorem
999 654 1046 689 vt
1070 642 1202 689 daret.

136 742 200 790 75
237 725 423 773 Placuit3
449 721 671 789 despondi.
710 721 781 767 hic
803 721 969 785 nuptiis
991 716 1133 765 diE’tus
1154 716 1214 764 est
1225 716 1330 764 dies.

154 1003 214 1047 70
245 990 420 1031 Laudare
436 989 621 1041 fortunas
644 987 759 1041 meas]

98 1046 369 1095 ἔμῷατικαῗτεξον
384 1046 593 1099 firmans,
644 1057 761 1096 quam

89 1105 306 1156 firtunam.
326 1114 365 1143 et
387 1102 436 1141 de
446 1115 567 1141 more.
580 1112 626 1148 vt,
640 1101 760 1150 (Aen.

99 1173 143 1210 J,
182 1163 293 1209 610.)
349 1157 426 1214 Qi
465 1171 500 1197 te
532 1159 630 1196 tanti
655 1155 762 1194 talem

100 1226 257 1271 genuere
272 1227 456 1268 parentes.
486 1216 544 1263 Et,
560 1215 683 1264 (Aen.
695 1223 760 1259 111,

100 1274 218 1326 480.)
275 1272 391 1318 Vade,
422 1273 497 1316 ait,
525 1268 659 1320 oftlix
677 1268 761 1306 nati

99 1329 252 1380 pietate.
290 1329 339 1367 Et
348 1327 511 1373 Plautus,
528 1322 682 1377 (Bacch.
695 1335 761 1370 111,

103 1384 248 1437 3,51.)
304 1382 534 1421 Fortunatus
570 1381 632 1432 qui
663 1380 763 1419 illum

100 1439 239 1478 eduxit
263 1433 352 1486 fibi.
410 1439 461 1478 D.

164 1493 334 1532 Laudare
335 1493 517 1544 firmnas
527 1489 642 1544 meas]
671 1487 764 1529 vbi-

87 1562 186 1601 ·que
215 1548 399 1590 fortunae
424 1546 613 1594 attribuit,
655 1543 762 1596 quod

103 1603 204 1644 boni
227 1604 295 1643 filii
314 1601 410 1647 sunt.
439 1614 478 1641 vt
497 1613 535 1642 et
552 1600 760 1642 Sallustius.

104 1661 239 1712 (Catil.
253 1661 339 1712 25.)
377 1658 575 1697 Praeterea
598 1659 680 1695 viro
709 1668 764 1693 at·

106 1728 175 1768 que
191 1713 651 1766 liberisfiztisfhrtunata.
690 1713 733 1751 E.

161 1836 217 1878 72
247 1825 469 1878 Hacfizma]
499 1827 565 1866 An
581 1835 675 1862 vere
686 1822 763 1861 lau-

105 1881 215 1922 datus
257 1881 319 1930 fit,
366 1881 513 1935 singula
560 1879 656 1919 haec
690 1891 761 1930 pro

105 1939 343 1993 argumentis
374 1935 478 1977 sunt:
508 1946 547 1976 et
571 1932 762 1975 excusatio

105 1994 181 2042 est,
217 2007 299 2033 non
327 1990 404 2034 efl'e
436 1992 590 2032 stultitia
614 1988 760 2037 falsum,

103 2048 170 2090 sed
189 2047 404 2102 impulsum.
463 2046 661 2101 Impulfits]
692 2050 761 2086 Be-

105 2119 159 2146 ne
176 2105 368 2157 impulfics:
389 2105 486 2144 vltro
512 2104 618 2142 enim
630 2103 763 2141 venire

104 2158 287 2214 impulsus
305 2161 377 2209 est,
408 2162 473 2213 qui
501 2159 610 2199 daret
630 2169 763 2199 contra

103 2216 276 2257 officium
295 2215 423 2256 soceri,
477 2219 526 2257 D.

159 2273 263 2327 Qud
286 2271 409 2312 verbis
430 2274 543 2325 opus]
572 2270 759 2312 Demori-

105 2329 176 2369 bus
193 2330 261 2368 filii
279 2327 332 2368 sui
356 2342 442 2367 cum
465 2328 761 2381 pronunciatum

109 2385 256 2425 ciuibus
274 2385 435 2432 diceret,
459 2398 645 2437 magnum
664 2382 762 2422 testi-

110 2443 284 2481 monium
326 2452 365 2480 et
392 2440 612 2480 Chremetis
639 2440 761 2490 ponit,

111 2497 217 2548 quod
235 2499 328 2536 vltro
348 2497 466 2545 venit,
484 2495 588 2547 quod
611 2496 762 2534 vnicam

98 2562 252 2601 matam,
278 2552 382 2604 quod
404 2565 490 2591 cum
509 2552 601 2590 dote
621 2548 764 2589 summa

101 2605 194 2646 *filio
214 2608 378 2659 promifit
391 2621 560 2647 vxorern.
589 2609 764 2658 Sequens

112 2664 220 2703 enim
238 2663 446 2712 videbatur,
466 2674 504 2703 vt
524 2675 611 2702 cum
628 2674 668 2702 et
687 2658 767 2713 ipse

112 2718 316 2771 probatum
343 2719 463 2761 filium
494 2716 624 2769 sciret,
669 2718 767 2771 opti-

767 847 867 907 C3

1372 834 1465 885 So.

808 1000 911 1027 mam
938 985 1205 1026 conditionem
1231 978 1468 1036 matrim-onii

811 1057 894 1083 non
913 1043 1142 1095 repudiaret.
1180 1044 1283 1093 Ergo
1304 1052 1390 1077 cum
1411 1036 1468 1076 di·

812 1101 874 1147 cit,
885 1100 1040 1151 placuit,
1062 1097 1264 1139 Chremeti
1276 1093 1467 1134 conditio-

811 1170 903 1196 nem
923 1156 1107 1207 optimam
1129 1151 1354 1192 declarabat.
1391 1152 1433 1189 E.

865 1223 917 1265 73
972 1211 1122 1250 Vnicam
1154 1222 1308 1265 gnatam
1333 1203 1466 1258 fiam]

810 1266 999 1309 Abundat
1011 1265 1308 1318 quidemsuam:
1332 1260 1397 1302 sed
1416 1272 1467 1299 ta-

810 1337 902 1363 men
942 1320 1215 1362 asseuerantius
1252 1318 1318 1358 est.
1381 1317 1469 1356 Vni-

812 1393 890 1419 cum
918 1377 1085 1433 gnatam]
1143 1375 1250 1428 Quid
1284 1373 1309 1413 si
1337 1371 1467 1412 taedio

811 1435 1019 1474 multorum
1056 1433 1242 1474 filiorum?
1282 1440 1319 1469 at
1355 1429 1468 1480 (lege

811 1490 1008 1530 multarum
1035 1486 1236 1541 filiarum?
1275 1488 1362 1536 ait.)
1387 1484 1470 1523 vni-

811 1559 906 1585 cam.
959 1547 1009 1584 D.

870 1600 1038 1640 Chremes
1057 1599 1158 1638 vltra
1172 1598 1223 1637 ad
1238 1596 1313 1651 me]
1351 1598 1470 1636 Hune

811 1657 940 1695 locum
957 1656 1114 1695 Seruius
1125 1654 1293 1706 explicat
1303 1650 1468 1693 Aeneid.

814 1725 897 1754 vn.
918 1708 1010 1749 vers.
1032 1722 1096 1762 32.
1159 1710 1202 1748 L.

866 1778 923 1820 74
953 1766 1041 1806 Cum
1062 1764 1319 1817 dotefinnma]
1359 1761 1469 1812 Quid

812 1822 839 1863 fi
879 1836 1026 1874 pauper
1059 1821 1145 1866 est?
1195 1831 1235 1860 at
1261 1833 1346 1858 cum
1377 1818 1469 1857 dote

811 1877 967 1918 summa.
1023 1881 1074 1919 D.

867 1946 921 1988 75
952 1933 1118 1988 Placuit]
1168 1933 1271 1973 Cum
1299 1942 1470 1982 pronun-

812 1990 993 2037 ciatione,
1013 1990 1166 2042 placuit.
1209 1986 1378 2040 Placuit]
1398 2001 1468 2023 συν-

811 2053 920 2092 τομία.
952 2046 1049 2085 adeo
1072 2046 1174 2084 bona
1191 2042 1364 2082 conditio
1381 2040 1468 2090 fuit,

813 2113 851 2142 vt
886 2103 1063 2153 quamuis
1098 2101 1194 2140 vltro
1222 2099 1467 2146 obstem-estur,

812 2170 942 2198 tamen
989 2158 1113 2196 statim
1154 2157 1333 2207 placeret.
1392 2153 1468 2192 De-

798 2215 958 2267 spondi]
1000 2217 1058 2254 Ex
1084 2212 1205 2251 veteri
1230 2224 1360 2258 more,
1390 2221 1468 2260 quo

809 2269 1022 2322 spondebat
1053 2269 1166 2307 eriam
1198 2267 1371 2319 petitoris
1405 2278 1470 2317 pa-

810 2338 886 2366 ter:
918 2323 1184 2376 vndefimnffis
1205 2334 1242 2362 et
1256 2322 1393 2375 spons&
1414 2320 1470 2359 di-

811 2383 916 2421 citur.
958 2381 1165 2433 Despondi]
1189 2379 1357 2430 proprie.
1374 2385 1465 2416 na'm

812 2438 862 2476 de
893 2435 1024 2488 sponso
1053 2436 1204 2480 dicitur,
1248 2435 1339 2486 quia
1351 2433 1468 2485 spon-

812 2494 871 2534 det
899 2488 1061 2544 ¹puellae
1092 2502 1219 2543 pater:
1262 2489 1469 2541 despondet,

813 2547 1078 2588 adolescenti&
1146 2549 1219 2586 Hic
1263 2546 1378 2584 dusius
1421 2543 1467 2597 ‹st

814 2605 928 2659 Dies]
968 2607 1105 2644 Vtrum
1138 2601 1388 2641 constitutus?
1420 2613 1468 2638 an

817 2662 992 2701 dicatus?
1019 2670 1068 2704 ,vt
1095 2661 1219 2708 (Aen.
1248 2670 1313 2704 vx,
1357 2658 1469 2708 138.)

815 2716 950 2758 Iunoni
969 2715 1135 2768 infernae
1146 2714 1263 2755 dic‘lus
1272 2713 1388 2765 fiacer.
1416 2714 1466 2751 D.
