1815 3168
739 120 895 166 ACT.
926 118 978 163 11.
1012 118 1206 163 SCEN.
1235 118 1303 163 ΠΙ.

469 253 628 297 Tuum
651 244 732 294 esse
765 251 808 294 ‘m
832 245 1050 312 potiundo
1083 245 1327 310 periculum
1353 261 1442 291 non
1467 247 1554 291 vis:
1594 243 1700 291 haut

571 323 696 372 stulte
718 325 824 388 sapis
838 339 848 369 τ

469 399 695 463 Siquidem
714 399 758 445 id
782 390 990 463 sapere'st,
1015 390 1124 444 velle
1146 405 1189 442 tc
1209 395 1267 449 id,
1289 394 1407 458 quod
1429 412 1518 441 non
1543 393 1698 460 possesf,

571 477 840 535 contingere.

471 556 563 598 Aut
585 551 689 597 haec
711 567 811 596 cum
834 548 916 595 illis
942 547 1038 595 sunt
1061 546 1282 599 habenda,
1323 556 1397 592 aut
1415 545 1486 591 illa
1507 562 1606 592 cum
1631 545 1698 592 his

570 626 804 672 amittenda
825 625 936 671 sunt.

374 711 401 761 8
415 718 439 766 5
471 706 646 750 Harum
658 702 841 748 duarum
855 699 1159 747 conditionum
1171 715 1288 744 nunc
1300 708 1437 745 vtram
1451 696 1698 749 malim-ide:
1719 729 1725 736 -

473 776 560 826 Etfi
582 776 821 830 confilium,
842 775 964 841 quod
983 777 1093 841 cepi,
1113 772 1284 822 rechum
1306 771 1387 820 ess'e
1400 784 1442 819 et
1452 784 1593 819 tutum
1606 773 1702 818 scio.

395 1006 448 1048 32
479 996 586 1036 Haut
609 993 723 1048 stulte
744 991 867 1048 fizpis]
899 999 993 1043 Εἴρω-

340 1059 440 1096 υικῶς.
495 1052 537 1091 ld
567 1052 671 1089 enim
702 1051 803 1089 velle
829 1051 910 1090 fine
927 1064 996 1102 pe-

341 1111 480 1154 riCulo,
509 1106 612 1158 quod
639 1106 721 1145 fieri
748 1120 828 1146 non
859 1105 996 1158 potest,

340 1167 395 1205 est
414 1163 642 1216 infipientis.
700 1164 746 1204 C.

394 1222 500 1261 Haut
517 1219 628 1270 stulte
643 1217 771 1272 fitpis]
802 1221 890 1259 Non
911 1216 998 1256 stul-

341 1289 389 1325 te,
410 1278 547 1327 inquit,
578 1273 686 1327 sapis,
713 1286 754 1314 et
777 1287 861 1313 cum
884 1286 997 1323 ames,

340 1346 382 1374 et
405 1333 519 1384 potiri
547 1330 758 1377 demeres,
787 1342 825 1370 et
844 1330 1000 1382 pecuni-

341 1405 402 1431 am
425 1389 518 1437 dari,
537 1389 687 1426 interea
704 1398 744 1425 tu
764 1387 916 1425 nullum
937 1399 1001 1437 pe-

342 1447 508 1488 riculum
540 1444 636 1482 velis
663 1440 856 1481 sustinere.
914 1445 1001 1482 Hoc

341 1515 471 1543 autem
495 1500 647 1539 stultitia
666 1498 720 1538 est
738 1499 912 1550 protinus
930 1496 1003 1536 vel-

341 1562 373 1600 le
394 1557 450 1604 id,
479 1557 578 1610 quod
594 1569 668 1595 non
680 1554 817 1609 potest,
853 1555 1002 1593 contin-

342 1630 441 1673 gere.
495 1615 539 1653 E.
673 1664 686 1672 .

400 1679 453 1725 34
480 1672 560 1709 Aut
586 1665 693 1721 haec]
724 1666 877 1708 Scilicet
901 1666 1003 1718 peri·

342 1727 440 1767 cula.
498 1726 589 1765 Cum
620 1722 712 1777 illis]
740 1721 934 1764 Inuidiose
960 1721 1002 1759 il-

344 1785 401 1832 lis,
435 1795 522 1821 cum
545 1782 588 1819 in
606 1794 681 1834 vna
700 1776 753 1818 fit.
787 1779 849 1820 Sic
868 1779 909 1817 in
928 1780 1002 1818 Eu-

345 1839 491 1886 nucho,
512 1836 603 1876 Non
618 1838 762 1888 perpeti
771 1839 1003 1875 meretricum

346 1893 596 1935 contumelias.
656 1894 705 1933 C.
864 1931 868 1933 ,

403 1954 483 1991 Aut
499 1948 584 1987 haec
600 1958 680 1986 cum
698 1945 893 1999 illisfimt]
927 1948 1004 1984 Aut

346 2007 456 2048 enim
485 2004 634 2044 debent
660 2002 824 2042 frussum
852 2012 892 2040 er
910 2002 1005 2053 poti-

345 2062 445 2103 undi
480 2062 682 2111 vtilitatem
718 2072 803 2097 cum
832 2057 1004 2108 periculo

347 2119 549 2160 sustinere:
580 2125 645 2154 aut
668 2115 810 2166 pariter
833 2125 872 2152 et
898 2127 1004 2151 com-

347 2175 514 2218 moditas
532 2170 744 2211 omittenda
764 2168 829 2217 est,
860 2167 886 2207 fi
907 2168 1005 2221 peri-

349 2233 483 2272 culum
504 2229 705 2269 deuitatur.
764 2229 807 2266 E.

418 2284 558 2326 Versus
615 2280 752 2335 probat
795 2281 1007 2321 leffionem

349 2342 540 2390 Remini,
562 2338 750 2380 Mittenda
768 2351 838 2389 pro
860 2337 1007 2392 vulgari

350 2398 578 2442 Amittenda.
633 2398 672 2435 B.

406 2465 457 2506 35
489 2454 634 2493 Harum
653 2451 808 2490 duarum
825 2450 1007 2489 conditio-

351 2512 456 2565 num]
487 2509 572 2549 Hoc
598 2506 647 2546 fic
666 2505 784 2544 insert
800 2507 938 2559 Syrus,
969 2516 1008 2544 vt

352 2568 512 2608 tandem
549 2564 642 2604 velit
670 2561 868 2600 confilium
900 2559 1007 2600 suum

355 2621 549 2665 anteferri.
592 2621 740 2663 Harum
752 2618 910 2658 duarum
924 2631 1008 2657 con-

1582 852 1703 895 Nam

1045 994 1244 1048 ditionum]
1285 997 1362 1034 Aut
1396 992 1495 1031 velle
1533 990 1705 1043 pericula

1047 1063 1135 1089 cum
1154 1063 1291 1097 amma,
1320 1059 1385 1088 aut
1413 1059 1590 1087 amntem
1617 1060 1705 1085 eam

1047 1120 1122 1145 vna
1133 1118 1218 1144 cum
1240 1104 1432 1157 periculis.

1049 1162 1103 1201 est
1121 1162 1214 1201 affio
1226 1162 1267 1199 in
1284 1161 1465 1211 aliquem,
1483 1162 1544 1198 vel
1557 1161 1707 1198 denun-

1050 1219 1176 1257 ciatio.
1216 1217 1402 1256 condicere
1440 1217 1548 1254 enim
1585 1212 1706 1267 prisca

1049 1275 1202 1328 lingua,
1236 1272 1290 1311 est
1307 1273 1556 1311 denunciare.
1615 1272 1708 1311 Con-

1051 1331 1143 1369 ditio
1164 1343 1254 1368 vero
1284 1328 1364 1367 {ine
1383 1341 1418 1372 c,
1449 1338 1488 1365 vt
1504 1326 1566 1364 hic
1587 1326 1638 1366 est
1657 1328 1709 1365 le-

1051 1385 1236 1440 gendum,
1260 1384 1314 1424 est
1334 1385 1544 1423 conuenrio
1565 1393 1708 1421 certam

1051 1444 1185 1496 legem
1210 1442 1253 1480 in
1272 1439 1310 1480 se
1329 1441 1547 1478 continens.
1602 1438 1708 1480 Alibi

1048 1503 1213 1540 Terent.
1269 1499 1419 1548 Accepit
1453 1496 1707 1543 conditionem,

1051 1555 1179 1595 dehinc
1198 1552 1384 1606 quaestum
1404 1554 1547 1604 occipit.
1604 1551 1711 1593 Dici·

1051 1622 1112 1651 tur
1157 1611 1276 1649 etiam
1319 1608 1433 1648 bonae
1467 1609 1712 1647 conditionis.-

1052 1668 1103 1707 ita
1122 1677 1159 1705 vt
1180 1665 1324 1704 referas
1345 1665 1392 1704 ad
1411 1664 1595 1711 fortunas,
1625 1677 1708 1703 non

1052 1723 1100 1762 ad
1119 1735 1259 1770 mores,
1283 1722 1324 1760 id
1344 1720 1408 1769 est,
1431 1720 1541 1760 diues
1554 1719 1616 1759 est.
1647 1719 1710 1760 Est

1053 1780 1158 1821 enim
1187 1779 1350 1817 conditio
1381 1778 1482 1816 inter
1513 1778 1620 1828 plura
1645 1775 1711 1815 eli-

1053 1835 1214 1889 genda,
1257 1832 1363 1872 sortis
1398 1834 1521 1871 oblata
1558 1829 1708 1871 eleffio.

1054 1891 1332 1938 conditionum,
1359 1888 1398 1926 id
1409 1888 1477 1935 est,
1489 1890 1707 1938 optionum,

1054 1947 1298 1986 elefflonum.
1357 1946 1402 1985 C.

1108 2004 1256 2041 Harum
1290 2000 1464 2039 duarum·
1482 1998 1598 2053 nunc]
1644 2001 1708 2039 De

1055 2056 1199 2097 duabus
1218 2056 1291 2096 illis
1310 2056 1509 2107 propofitis
1521 2055 1711 2094 conditio·-

1055 2113 1170 2153 nibus
1203 2123 1267 2153 aut
1292 2113 1522 2164 periculum,
1553 2123 1615 2150 aut
1634 2110 1712 2149 fru-

1056 2171 1158 2210 &um
1177 2170 1321 2220 capiat,
1351 2180 1413 2207 aut
1438 2167 1463 2206 fi
1492 2168 1709 2219 periculum

1055 2225 1188 2279 fugiat,
1211 2224 1545 2263 militatem-etiam
1570 2224 1717 2273 paritet

1056 2291 1288 2321 contemnat.
1349 2285 1404 2321 Ex
1441 2279 1519 2326 his,
1566 2279 1707 2330 iuquit,

1057 2338 1267 2391 quamlibet
1322 2336 1587 2375 conditionem
1642 2335 1711 2374 eli·

1056 2404 1133 2448 gat.
1189 2395 1231 2433 E.
1528 2402 1531 2406 ·

1113 2450 1165 2498 86
1194 2448 1276 2486 Scio
1298 2448 1364 2486 hoc
1384 2447 1584 2501 cmfilium]
1614 2446 1711 2487 Inci-

1057 2515 1136 2544 tare
1164 2503 1448 2543 adolescentem
1482 2505 1606 2555 eupit,
1658 2515 1711 2541 ne

1055 2560 1186 2602 frustra
1209 2573 1362 2610 operam
1377 2559 1595 2611 perdiderit,
1607 2557 1711 2609 quod

1056 2617 1296 2657 meretr³ccm
1349 2617 1530 2664 adduxit,
1581 2616 1711 2664 itaque

1589 2670 1713 2710 osten-

1493 1105 1702 1151 conuiuio,
1761 1110 1771 1116 ²
