1815 3168
303 186 398 233 ²42

687 168 846 216 ACT.
886 170 939 213 V.
971 166 1166 212 SCEN.
1196 166 1272 212 vl.

443 298 567 347 Prius
590 294 828 344 rescisceres
849 306 922 347 tu,
965 302 1100 357 quam
1132 307 1218 354 ego
1241 289 1364 345 illud,
1387 290 1510 355 quod
1531 289 1611 338 tibi
1637 306 1678 337 e-

544 374 668 420 uenit
689 371 811 419 boni.

386 465 413 512 5
444 445 524 498 ΡΑ
539 463 594 495 Μ.
640 450 746 494 Mea
791 444 1051 508 Glycerium
1096 442 1195 491 suos
1226 452 1429 508 parentes
1464 443 1677 508 repperit.

543 521 697 571 DAV.
736 517 901 569 faRum
921 515 1058 568 bene!
1095 515 1206 566 CH.
1247 513 1377 569 hem!

445 597 595 647 ΡΑΜ.
632 602 758 646 Pater
781 597 945 643 amicus
977 595 1169 641 summus
1196 593 1341 640 nobis.
1383 591 1517 641 DAV.
1549 592 1681 656 quis?

546 673 701 722 PAM.
742 672 972 719 Chremes,
1010 668 1168 718 DAV.
1208 685 1356 716 narras
1379 667 1533 733 probe.
1648 676 1650 678 ’

450 747 521 800 ΡΑ
537 764 589 797 Μ.
635 752 734 796 Nec
765 763 891 794 mora
921 745 1005 793 vlla
1028 743 1110 798 est,
1147 747 1254 808 quin
1277 761 1370 791 eam
1392 760 1573 792 vxorem
1599 742 1678 789 du-

547 841 655 872 cam.
694 819 808 870 CH.
849 839 957 868 num
982 820 1053 867 ille
1075 821 1258 867 somniat

444 904 526 954 Ea,
561 915 673 962 quae
704 898 888 958 vigilans
918 896 1087 945 voluit?
1120 894 1270 942 PAM.
1310 905 1407 942 tum
1441 894 1494 941 de
1524 911 1681 960 puero,

546 969 706 1024 Daue?
740 970 834 1018 DA
853 984 901 1018 v.
945 971 1015 1024 ah,
1039 969 1198 1018 define.

447 1049 575 1099 Solus
602 1047 676 1101 est,
698 1062 829 1110 quem
857 1045 1039 1107 diligant
1065 1048 1140 1094 Di.
1178 1042 1288 1094 CH.
1325 1046 1465 1094 saluus
1499 1046 1614 1099 sum,
1651 1044 1683 1093 fi

547 1125 654 1172 haec
672 1139 774 1171 vera
797 1120 911 1174 sunt.

1619 1248 1681 1282 10

316 1379 524 1434 hominum]
551 1378 903 1420 Famammalorum
917 1387 975 1415 ce·
1022 1388 1080 1423 an,
1110 1376 1175 1430 qui
1197 1387 1334 1424 amant,
1361 1373 1429 1428 ipfi
1445 1372 1523 1426 fibi
1534 1372 1686 1429 mem'a'

315 1442 441 1481 ierem
476 1437 665 1476 nuncium
698 1447 835 1473 omnes
868 1434 975 1472 dixe·
1015 1431 1195 1487 fingunt?
1252 1435 1302 1474 D.

313 1507 426 1538 runt:
464 1493 606 1533 idcirco
641 1490 834 1530 hominum
872 1503 976 1529 more

315 1553 384 1594 hoc
407 1549 588 1604 contigit)
613 1561 668 1596 vt,
697 1546 785 1587 mali
804 1547 893 1600 quid
909 1559 974 1601 ego

311 1607 439 1664 passus
455 1605 565 1658 effem,
590 1607 698 1657 prius
706 1601 840 1655 scires,
866 1615 976 1656 quam

319 1680 402 1723 ego,
421 1661 602 1717 quid'tihi
621 1656 840 1714 contigisset.
879 1662 923 1700 E.

373 1719 461 1762 Post
471 1717 544 1772 fim
559 1713 746 1757 intersere
764 1728 842 1772 ego,
877 1718 920 1756 Β,

372 1790 401 1830 4
429 1776 579 1815 Omnes
596 1772 711 1812 codd.
728 1782 884 1824 praeter
893 1769 979 1810 cod.

318 1834 434 1874 Palat.
455 1830 615 1883 quidem
631 1826 892 1876 habentillud,
916 1825 980 1865 sed

319 1888 443 1929 male:
474 1896 512 1925 vt
541 1898 592 1924 ex
619 1883 869 1936 oppofitione>
889 1896 981 1921 con-

316 1945 402 1984 stat.
461 1945 594 1993 Atque
613 1954 683 1992 pro
703 1940 804 1992 quod
825 1940 896 1979 tibi
922 1950 980 1978 re-

321 2013 430 2054 pone
445 1997 514 2038 tibi
532 1996 643 2051 quod,
701 1997 744 2037 B.

380 2069 403 2110 ς
443 2055 538 2095 Mea
567 2052 780 2103 Glycerium
798 2048 892 2101 ficos
916 2059 982 2101 pa-

321 2124 443 2152 rentes
461 2109 617 2162 reperit]
644 2110 754 2148 Haec
764 2107 816 2145 ita
825 2118 980 2145 narran-

323 2180 384 2207 tur
400 2169 513 2208 Dauo
526 2197 534 2212 ‚
570 2176 609 2204 vt
626 2163 766 2203 eadem
785 2174 904 2214 opera
925 2171 979 2200 et-

324 2226 399 2264 iam
421 2222 613 2265 Charinus
630 2219 775 2259 audiat.
829 2220 878 2258 D.

379 2282 405 2322 6
451 2279 566 2317 Pater
603 2278 741 2316 amicus
779 2270 978 2328 ficmmus]

323 2337 437 2376 Haec?
460 2333 602 2381 omnia,
631 2343 672 2372 vr
692 2331 872 2377 diximus,
895 2340 980 2380 pro-

323 2402 411 2444 pter
431 2389 646 2432 Charinum
665 2388 851 2435 dicuntur,
873 2397 982 2424 vrau-

324 2448 417 2486 diat.
476 2447 627 2486 Amicus
641 2443 830 2498 ficmmus]
863 2438 983 2482 Deest

305 2506 418 2544 ⁴eius.
473 2503 521 2541 D.

275 2556 279 2559 ’
303 2604 305 2606 ,
378 2570 406 2612 7
435 2557 540 2597 Num
559 2554 615 2594 ille
621 2555 794 2607 somniat
813 2567 866 2599 ea,
888 2565 980 2604 quae

307 2614 485 2670 'vigilans
504 2613 682 2666 voluiz?]
713 2612 817 2655 Hinc
836 2609 977 2661 virgil.

1076 1544 1248 1585 Somniat
1263 1543 1324 1598 ea]
1354 1547 1643 1597 Argumentum
1663 1557 1686 1583 a

1026 1600 1350 1655 repugnantibus.
1407 1603 1505 1640 Nam
1525 1601 1689 1654 vigilare

1027 1667 1224 1711 repugnat
1259 1654 1472 1705 somniare,
1513 1656 1603 1696 ficut
1630 1657 1689 1695 ni-

1028 1727 1140 1769 grum
1159 1713 1317 1765 pallido.
1375 1713 1569 1754 Charinus
1589 1724 1686 1766 ergo

1029 1784 1113 1811 non
1150 1768 1271 1808 credit
1301 1767 1369 1807 ista
1406 1769 1538 1808 omnia
1567 1769 1688 1808 conti·

1031 1823 1128 1881 gifl'e
1147 1855 1157 1874 ‚
1207 1838 1307 1877 quae
1345 1824 1566 1876 Pamphilus
1604 1838 1689 1864 nar-

1028 1894 1096 1923 rat.
1151 1883 1198 1921 Ε.

1085 1940 1189 1992 ‚Qyin
1225 1949 1302 1974 eam
1329 1935 1506 1990 uxorem]
1541 1932 1614 1976 Ms.
1643 1937 1685 1976 R.

1028 1992 1136 2048 φαίη
1155 1995 1240 2032 iam.
1295 1995 1338 2032 L.

1085 2051 1174 2089 Duo
1201 2047 1395 2086 veterrimi
1424 2045 1571 2086 habent
1599 2047 1688 2099 quin

1029 2117 1134 2146 IAM
1163 2117 1327 2150 urm-em.
1371 2104 1498 2152 Recte,
1518 2114 1556 2142 vt
1569 2102 1685 2143 Adel.

1027 2175 1086 2209 IV,
1114 2173 1149 2213 ς’
1169 2162 1235 2202 66·
1291 2163 1332 2200 B.

1085 2223 1106 2266 8
1138 2215 1288 2270 Define]
1318 2214 1611 2267 Compendium
1634 2225 1686 2255 at-

1028 2274 1124 2313 tulit,
1182 2276 1234 2314 D.

1081 2341 1108 2382 9
1142 2329 1231 2368 Duo
1257 2327 1344 2367 libri
1370 2340 1457 2366 cum
1481 2325 1569 2367 edd.
1589 2337 1682 2368 vett.

1027 2387 1129 2424 Γεὲὶε
1148 2383 1291 2423 habent
1311 2383 1412 2424 Solus
1429 2398 1473 2432 es,
1503 2384 1592 2434 quia
1609 2382 1686 2423 hoe

1027 2455 1108 2480 non
1121 2453 1198 2480 tam
1208 2438 1348 2479 infanti
1361 2440 1555 2488 conuenit,
1568 2452 1685 2491 quam

1027 2497 1137 2548 patri.
1195 2500 1326 2547 Atque
1354 2508 1423 2546 pro
1444 2495 1684 2550 diligant'le-

1028 2565 1078 2605 ge
1102 2565 1188 2591 cum
1208 2554 1355 2591 Faerno
1377 2552 1552 2606 diligunt.
1588 2562 1626 2590 vt
1643 2561 1685 2592 et

1027 2610 1069 2648 in
1087 2622 1142 2662 gr,
1162 2607 1390 2659 prouerbio:
1422 2607 1457 2646 ἕν
1483 2612 1516 2645 οἱ
1541 2609 1614 2647 2⁵0>
1632 2617 1685 2656 φι·
1738 2619 1746 2629 ³

302 2667 426 2726 ¹(Ecl.
455 2682 563 2720 vul,
601 2671 720 2724 108.)
766 2664 979 2711 Credimus?
1024 2667 1132 2715 Λῦσιν,
1151 2662 1352 2711 ἀποθνήσκει
1377 2670 1455 2708 νέος.
1490 2665 1551 2705 ·Β.
