1815 3168
365 150 459 197 590

758 132 910 177 ACT.
947 130 998 175 11.
1037 128 1229 174 SCEN.
1260 128 1330 173 111.

496 265 570 307 An
597 274 646 304 ea
667 273 842 320 quoque
866 257 1030 303 dicetur
1053 254 1206 306 huius,
1236 252 1267 300 fi
1288 272 1371 302 vna
1391 254 1496 302 haec
1517 255 1718 304 dedecori

599 331 657 379 est
684 335 873 396 parum?

498 408 587 457 SY.
620 411 717 454 Imo
760 408 812 452 ad
854 420 973 453 tuam
1019 415 1201 450 matrem
1242 402 1494 450 abducetur.
1535 401 1649 451 CLI
1668 417 1719 452 T.

598 484 704 546 quid
727 484 811 528 eo?
855 480 941 527 ΒΥ.
979 477 1226 539 longum'st,
1251 479 1459 542 Clitipho,

402 574 467 622 95
501 561 546 606 Si
567 559 644 606 tibi
668 573 863 609 narrem,
896 555 1180 619 quamobrem
1204 554 1248 599 id
1279 553 1451 600 faciam:
1487 571 1587 602 vera
1607 554 1724 600 causa

600 632 672 678 cst.
714 629 886 678 CLIT.
927 630 1115 677 fabulae:

498 709 628 758 Nihil
650 708 742 753 satis
762 704 876 752 firmi
899 706 1048 757 video,

1083 704 1368 768 quamobrem
1390 706 1584 769 accipere
1605 704 1725 750 hunc

598 785 705 829 mihi
729 781 925 846 expediat
946 793 1127 827 metum.

498 857 586 906 SY.
626 861 772 910 Mane,
798 855 936 903 habeo
958 855 1087 909 aliud,
1111 853 1140 902 fi
1164 852 1275 902 istud
1287 855 1467 901 metuis:
1507 854 1724 919 quodam-

595 932 654 978 bo
676 930 969 978 confiteamini

497 1011 601 1057 Sine
624 1006 789 1070 periclo
814 1002 908 1053 effe.
944 1002 1122 1051 CLIT.
1162 1005 1421 1059 huiusmodi,
1445 1004 1634 1056 obsecro,
1656 1004 1726 1050 ali-

598 1080 705 1145 quid
726 1083 918 1144 repperi.
960 1077 989 1126 S
1003 1094 1047 1128 Y.

1081 1097 1296 1126 maxume·

497 1157 581 1204 Ibo
604 1156 778 1203 obuiam
804 1157 927 1201 hinc:
968 1155 1130 1209 dicam,
1163 1166 1209 1205 vt
1226 1164 1506 1204 reuortantur
1529 1155 1725 1203 domum.

597 1228 781 1278 CL1T.
819 1231 945 1279 hem!

417 1467 472 1509 93
511 1452 700 1494 Dedecori
745 1452 793 1504 est
831 1452 1020 1508 parumP]

361 1511 501 1564 Turpe
530 1510 582 1549 est
610 1509 754 1549 habere
784 1524 901 1549 vnam
929 1511 1021 1549 ami-

364 1581 463 1614 cam,
485 1566 630 1606 nedum
654 1566 760 1605 duas.
820 1568 863 1607 C.

419 1637 476 1677 94
513 1623 621 1677 Qud
647 1622 739 1676 e0?]
770 1624 873 1663 Cum
904 1622 1021 1660 inter-

362 1680 596 1734 rogatione:
627 1678 727 1729 quali
757 1678 880 1726 dicat,
912 1676 1020 1729 Quid

363 1748 474 1785 tum,
521 1735 549 1774 fi
586 1734 633 1773 ad
670 1744 830 1774 matrem
858 1733 1023 1774 deduce·

363 1796 458 1833 tur?
514 1794 558 1834 C.

416 1851 525 1901 Lege
556 1859 644 1885 cum
675 1845 786 1885 codd.
808 1846 1020 1886 deducetur.

363 1906 472 2013 B·95
492 1957 650 1997 Fabulae
661 1957 691 2011 !]
720 1931 1019 2009 Rectefhbulae:

362 2017 453 2067 quia
473 2027 603 2065 neque
623 2026 735 2053 verae
752 2011 856 2062 sunt,
885 2026 1018 2065 neque

360 2070 595 2112 vel-iiimiles.
658 2070 705 2111 C.

418 2127 472 2179 96
502 2125 614 2165 Nihil
643 2125 742 2176 fitis
767 2123 889 2178 firmi]
923 2125 1017 2165 Nul-

358 2183 439 2222 lam
465 2183 655 2221 rationem
681 2180 796 2220 video
832 2179 1016 2220 firmitatis

358 2241 404 2278 in
433 2238 607 2284 confilio,
641 2247 680 2276 vt
709 2235 876 2276 debeam
898 2238 1018 2276 talem

359 2305 510 2334 metum
537 2290 739 2345 suscipere,
772 2303 811 2332 vt
829 2292 933 2345 apud
954 2306 1018 2345 pa·

360 2361 460 2390 trem
478 2351 599 2389 amica
616 2362 703 2389 mea
722 2347 777 2388 fit.
835 2352 877 2389 E.

417 2417 473 2459 97
501 2406 628 2445 Mane.
650 2403 764 2444 habeo
780 2404 898 2459 aliud]
928 2407 1015 2445 Hoc

358 2462 525 2503 irridens
561 2461 672 2506 dicit3
701 2461 786 2499 vult
813 2462 918 2500 euim
949 2461 1015 2501 ob-

359 2520 444 2557 uius
464 2519 520 2556 ire
541 2518 742 2564 meretrici,
762 2527 803 2555 et
824 2518 955 2556 dicere
976 2528 1016 2556 vt

359 2575 518 2613 domum
559 2583 771 2612 reuertatur
806 2574 1015 2625 (reuerten-

358 2635 433 2671 tu'r.
462 2630 531 2673 Ed.
551 2628 773 2682 Leidensis).
830 2630 956 2673 Aliter
978 2642 1014 2669 e-

1633 1323 1727 1355 100

1071 1452 1154 1492 nim
1182 1451 1331 1492 incitari
1360 1448 1612 1491 adolescentis
1647 1450 1727 1488 ani-

1070 1521 1154 1547 mus
1187 1522 1271 1547 non
1298 1507 1441 1559 potest,
1471 1508 1537 1559 qui.
1563 1505 1727 1545 fastidio-

1070 1562 1128 1603 sus
1145 1566 1277 1617 coepit
1295 1561 1373 1603 effe
1393 1561 1634 1614 per'copiam,
1656 1560 1725 1600 nili

1070 1620 1109 1661 id
1131 1621 1236 1672 quod
1255 1622 1360 1672 cupit
1378 1620 1611 1673 denegetur.
1639 1621 1681 1657 E.

1124 1675 1262 1718 Versus
1297 1687 1337 1715 et
1365 1673 1578 1715 sententiae
1606 1674 1736 1726 gratia·

1070 1746 1242 1785 repone:
1272 1733 1404 1778 Μάηε,
1423 1731 1535 1771 habeo
1551 1731 1666 1778 aliud,
1686 1728 1732 1780 st

1070 1790 1135 1842 iste
1149 1788 1196 1841 efi
1213 1791 1339 1834 metus,
1358 1788 1457 1841 quod
1473 1802 1507 1826 a.
1558 1788 1600 1825 Β.

1125 1854 1178 1898 98
1210 1843 1444 1898 Huiusmodi,
1468 1841 1625 1892 obficro,
1658 1840 1725 1879 ali-

1071 1902 1180 1954 quid]
1214 1903 1344 1951 Quam
1374 1898 1486 1937 stulte
1512 1909 1644 1936 amans
1664 1897 1725 1935 in-

1070 1957 1219 1995 ducitur
1238 1954 1396 1994 credere
1414 1956 1563 2007 Syrum,
1587 1953 1653 2003 qui
1673 1953 1728 1990 io·

1069 2023 1188 2059 catur,
1207 2012 1285 2050 iam
1305 2010 1451 2049 habere
1469 2009 1625 2060 aliquid,
1646 2016 1722 2058 quo

1068 2069 1235 2119 potiatur
1281 2068 1399 2106 amica
1445 2063 1527 2104 fine
1573 2064 1724 2117 pericu·

1066 2125 1117 2163 lo.
1173 2124 1220 2163 C.

1121 2178 1345 2232 Huiufinodi
1379 2176 1544 2230 obficro]
1588 2178 1639 2218 V.
1670 2176 1720 2217 C.

1064 2234 1283 2287 Istiufinodi.
1339 2237 1380 2274 L.

1121 2304 1174 2345 99
1203 2295 1274 2354 Pro
1297 2291 1415 2339 Hinc,
1442 2287 1548 2340 quod
1566 2287 1620 2326 est
1639 2287 1721 2327 ine-

1065 2346 1510 2453 {13?3?.’¹³s¹{‡¹b535{‘3¹5’
1531 2343 1720 2439 22525‘32

1065 2459 1148 2499 cod.
1167 2459 1367 2499 Meadino.
1418 2460 1522 2496 Tum
1539 2457 1629 2507 lege
1647 2454 1720 2493 Re-

1066 2528 1252 2555 uertatur.
1310 2517 1407 2553 Nam
1417 2511 1617 2561 Antiphila
1634 2523 1716 2549 non

1064 2571 1187 2623 potest
1197 2585 1270 2609 vna
1285 2569 1474 2622 intelligi3
1486 2567 1631 2620 alioqui
1641 2566 1718 2608 Cli·

1064 2629 1129 2669 nia
1151 2641 1235 2679 non
1255 2622 1435 2670 tacuifl'et.
1493 2627 1536 2665 B.
