1815 3168
316 147 415 178 Lxx
734 131 822 177 DE
859 131 1231 183 THEATRO.

321 250 511 304 primum,
538 249 642 290 vnde
659 260 748 290 nata
766 249 808 290 fir
826 251 1064 299 Comoedia,
1099 262 1259 303 quoque
1276 251 1385 302 pauo
1404 260 1496 290 ante
1515 251 1683 292 Comoe-

323 306 475 345 diarum
498 303 602 345 rsum
621 308 768 359 antiqui
790 309 934 346 Poetae
960 306 1138 348 luserint:
1169 302 1314 346 deinde
1339 319 1449 353 veru,
1485 306 1701 356 quomodo·

325 362 567 404 comoediae
595 364 658 402 ari
687 376 729 400 :ic
754 364 999 415 pronunciari
1028 361 1160 401 solitae
1182 361 1343 411 suerint,
1384 371 1421 401 vt
1458 361 1553 415 quid
1584 362 1684 401 Ludi

324 417 417 464 sint,
449 419 540 470 quid
585 420 620 458 T
644 433 766 464 entra,
803 418 956 466 Scenae,
992 419 1128 466 Actus,
1168 418 1366 467 Personae,
1410 428 1448 456 et
1484 417 1522 457 id
1555 429 1684 470 genus

325 485 488 521 caetera,
507 473 619 515 facile
637 474 918 526 intelligantur.
976 473 1100 524 Quod
1123 485 1220 525 opus
1240 473 1333 514 dum
1349 473 1609 529 aggredimur,
1634 472 1686 513 fa-

326 531 441 571 cilem
469 541 585 582 atque
611 539 808 570 attentum
834 529 1034 570 Lector-em
1066 526 1143 571 effe
1174 530 1368 582 cupimus,
1397 540 1434 567 vt
1453 529 1611 569 tandem
1631 530 1690 567 in·

328 587 499 639 telligat‚
536 585 631 636 quid
649 585 690 624 sit
708 584 868 636 Fabula,
893 584 1133 641 Tragoedia,
1164 584 1382 628 Comoedia
1402 596 1522 638 vetus,
1538 586 1685 641 Satyra,

326 653 366 683 et
381 655 487 683 noua
507 640 736 686 Comoedia.

662 697 772 757 Qid
789 695 951 742 Fabula,
986 697 1215 751 Tragoedia,
1245 695 1394 749 Satyra,

779 753 975 796 Comoedia
995 766 1099 793 vetus
1117 767 1152 794 et
1173 765 1280 793 noua.

441 808 603 850 Fabulae
622 811 808 862 generale
833 822 981 850 nomen
1009 808 1082 856 est,
1109 807 1391 863 Tragoediam,
1424 810 1617 862 Satyram,
1649 819 1692 852 et

329 865 586 907 Comoediam
607 866 647 906 in
665 863 703 905 se
720 866 995 917 compleEteits.
1050 865 1190 919 Estque
1208 865 1351 906 Fabula
1375 867 1543 907 narratio
1577 879 1691 917 quae-

329 922 420 962 dam
448 920 628 969 conficta,
660 932 700 961 et
730 921 945 963 demissiore
971 921 1202 975 plerumque
1228 920 1312 962 stilo
1337 934 1381 961 ac
1407 921 1571 961 verfibus
1599 935 1692 964 con·

327 976 469 1030 scripta
486 977 532 1017 ad
555 977 854 1019 oblectationem
872 977 1115 1024 αυείἰῑοιῑιιῃ.Ἰ
1159 976 1275 1018 Vnde
1303 979 1419 1018 etiam
1437 977 1613 1018 Poemata
1635 979 1693 1018 in-

330 1044 388 1074 ter
406 1033 563 1074 Fabulas
582 1048 603 1074 a
623 1034 823 1075 nonnullis
835 1043 1186 1075 connumerantur:
1218 1032 1692 1086 quapropter-quibusdam

329 1087 431 1130 visus
450 1090 503 1130 est
523 1094 713 1131 Homerus
737 1089 901 1132 Iliadem
917 1089 1030 1131 instar
1042 1088 1298 1145 Tragoediam,
1318 1087 1525 1145 Odyffeam
1544 1090 1693 1131 adima-

330 1147 469 1201 ginem
488 1145 730 1191 Comoediae
751 1143 1018 1198 conscripsifl'e.
1294 1164 1296 1166 ·

445 1203 649 1259 Tragoedia
670 1212 801 1243 autem
821 1202 962 1242 Fabula
982 1201 1046 1249 est,
1065 1214 1140 1254 qua
1160 1202 1311 1254 antiqui
1334 1199 1693 1253 reprehendebant,

332 1258 439 1310 quod
461 1260 501 1298 in
522 1257 636 1298 rebus
655 1271 734 1299 non
752 1255 872 1299 solum
889 1258 1050 1311 priuatis
1070 1270 1114 1298 ac
1135 1258 1332 1304 ciuilibus,
1361 1255 1425 1296 sed
1447 1257 1614 1298 maxime
1639 1271 1695 1297 ar·

333 1315 422 1355 duis
440 1326 480 1354 et
498 1314 545 1354 ad
567 1315 764 1367 Principes
782 1313 1037 1355 attinentibus
1055 1313 1185 1354 minus
1213 1313 1357 1353 redum
1384 1312 1593 1353 videbatur.
1648 1314 1696 1352 In

334 1384 383 1411 ea
402 1368 539 1410 scenici
557 1382 720 1416 amurca,
749 1379 788 1409 et
808 1370 884 1410 olei
901 1368 1074 1411 faecibus
1095 1369 1209 1420 (quas
1232 1368 1369 1410 Graeci
1386 1364 1518 1416 erqv‘yac
1538 1368 1703 1420 vocant)-

332 1425 583 1480 pei-linebant
603 1438 680 1474 ora,
700 1436 791 1466 ante
807 1422 912 1464 vsum
935 1422 1206 1476 personarum:
1238 1422 1342 1465 vnde
1357 1423 1606 1477 Tragoediae
1625 1437 1694 1462 no-

333 1495 441 1522 men.
498 1481 588 1522 Eius
614 1494 736 1534 graue
762 1491 1036 1533 argumentum
1066 1478 1159 1526 fuit,
1191 1475 1356 1534 petitum
1383 1476 1496 1532 saepe
1518 1479 1565 1518 ab
1584 1479 1696 1520 histo-

334 1539 415 1579 rica
447 1536 548 1577 fide:
591 1536 708 1576 difflo
737 1533 888 1583 seuera,
924 1534 1114 1586 sublimis,
1150 1534 1265 1592 saepe
1297 1535 1464 1580 tumida:
1492 1536 1698 1590 tranquilla

334 1595 478 1649 prima,
510 1591 804 1639 exitusyfunesti.

448 1649 533 1690 Post
549 1648 813 1701 Tragoediam
830 1648 998 1689 inuenta
1018 1648 1229 1694 Comoedia,
1248 1660 1349 1699 quae
1370 1648 1482 1686 Vetus
1501 1647 1599 1687 dieta
1620 1647 1696 1689 est:

338 1707 382 1747 in
408 1720 484 1758 qua
511 1707 571 1756 (vt
594 1705 636 1745 in
654 1703 874 1756 Tragoedia
903 1707 1078 1757 quoque)
1106 1702 1265 1757 simplex
1285 1716 1441 1744 carmen
1469 1702 1559 1743 fuit:
1591 1703 1698 1754 quod

338 1775 496 1804 carmen
527 1760 666 1801 chorus
690 1760 789 1800 circa
816 1773 897 1799 aras
929 1759 1125 1800 fumantes
1151 1772 1257 1800 nunc
1279 1756 1474 1811 spatiatus,
1515 1772 1621 1799 nunc
1641 1773 1698 1800 re-

337 1819 507 1859 uoluens
537 1829 674 1872 gyros,
701 1829 790 1856 cum
819 1816 982 1856 tibicine
1008 1815 1262 1856 concinebat:
1295 1826 1454 1866 eratque
1482 1816 1605 1864 primo
1625 1829 1700 1857 vna

336 1873 503 1929 persona
521 1870 736 1914 cantoribus
754 1870 968 1922 substituta,
1002 1884 1102 1923 quae
1119 1870 1360 1926 refpondens
1388 1871 1544 1913 alternis
1564 1870 1696 1919 choro,

337 1928 600 1983 locupletabat
617 1928 862 1980 variabatque
880 1941 963 1969 rem
981 1926 1171 1968 musicam.
1225 1926 1379 1969 Chorus
1399 1938 1527 1968 autem
1548 1927 1590 1967 in
1602 1932 1700 1969 Tra-

338 1986 485 2043 goedia
503 2017 512 2035 ‚
541 1995 606 2031 aut
637 1985 831 2027 Comoedia
853 1985 993 2038 Verere,
1024 1982 1224 2025 dicebatur
1240 1983 1446 2024 multitudo
1466 1996 1700 2025 coaeuorum

339 2046 552 2087 iuuenum,
582 2051 648 2082 aut
673 2043 870 2083 minorum
895 2042 938 2082 in
958 2038 1091 2091 sacris,
1116 2040 1178 2083 vel
1207 2041 1351 2092 Scena,
1380 2041 1623 2081 cantantium
1646 2051 1701 2082 at-

339 2113 418 2155 que
436 2097 666 2140 saltantium.

453 2155 538 2196 Fuit
558 2154 670 2194 Vetus
696 2153 894 2194 Comoedia
913 2153 1070 2194 Graecis
1088 2151 1255 2195 Archaea
1274 2151 1393 2198 dicia,
1422 2152 1511 2204 quia
1537 2148 1632 2193 effet
1649 2150 1701 2191 de

340 2211 458 2254 nobis
477 2223 612 2264 parum
636 2210 806 2266 cognitis
824 2209 943 2249 vitiis:
975 2209 1069 2251 item
1087 2210 1205 2252 etiam
1223 2209 1460 2258 Eteonymos,
1488 2209 1576 2259 quia
1603 2204 1702 2246 ines·

342 2266 398 2309 set
423 2269 463 2309 in
492 2280 537 2307 ea
565 2266 671 2306 velut
704 2265 876 2306 historica
895 2263 989 2306 fides
1008 2278 1123 2307 verae
1143 2265 1390 2313 narrationis,
1420 2275 1459 2305 et
1483 2263 1701 2304 nominatio

342 2325 541 2371 omnium,
575 2321 626 2363 de
646 2321 788 2374 quibus
811 2319 1053 2362 scribebatur.
1108 2321 1186 2363 Sed
1210 2334 1297 2361 cum
1316 2323 1459 2361 Poetae
1474 2319 1516 2358 in
1530 2321 1700 2361 Comoe-

342 2375 418 2421 diis
449 2379 558 2419 abuti
586 2379 767 2419 licentius
789 2377 887 2427 stilo,
909 2387 950 2419 et
973 2378 1105 2432 paffim
1132 2377 1288 2417 laedere
1307 2391 1353 2418 ex
1373 2375 1539 2417 libidine
1561 2372 1705 2428 coepis-

341 2434 427 2477 sent
448 2435 577 2487 plures
595 2434 739 2482 bonos,
769 2435 862 2490 lege
881 2434 957 2483 lata
970 2464 980 2483 ,
1012 2447 1067 2475 ne
1087 2430 1284 2488 quisquam
1302 2433 1345 2474 in
1363 2433 1527 2474 alterum
1550 2431 1704 2474 infame

341 2505 499 2536 carmen
516 2488 717 2537 scriberet,
750 2499 965 2530 tacuerunt.

455 2548 590 2597 Satyra
615 2546 762 2588 exinde
789 2545 911 2588 sumfit
938 2546 1156 2587 exordium.
1211 2544 1354 2596 Estque
1382 2556 1505 2598 genus
1522 2545 1702 2597 Fabulae,

341 2615 444 2661 quae
469 2616 518 2645 ex
549 2603 714 2658 Satyris,
744 2616 840 2657 quos
864 2602 995 2645 illotos
1025 2613 1065 2644 et
1089 2602 1307 2658 petulantes
1324 2603 1432 2644 Deos
1459 2597 1535 2642 effe
1553 2598 1700 2651 scimus,

632 2676 633 2679 ¹
1118 2677 1127 2693 υ
1552 2671 1700 2699 nomen
