1815 3168
323 162 422 211 334·

703 145 862 191 AC-T.
895 144 952 189 ΙΙ.
981 141 1175 190 SCEN.
1207 140 1273 186 ΠΙ.

412 295 415 311 ³
458 278 585 323 Haut
611 269 758 319 fimilis
799 264 977 330 virgo'st
1007 270 1231 329 virginum
1264 264 1535 317 nostrarum,
1587 279 1693 326 quas

559 359 717 396 matres
742 346 914 392 student

461 421 663 474 Demiffis
684 423 879 469 humeris
905 416 1001 473 effe,
1025 415 1176 479 vinclo
1200 413 1409 484 peElore,
1446 426 1493 463 vt
1517 414 1696 476 graciles.

559 499 667 547 sient
680 515 691 556 ς

329 732 462 770 reant3
492 731 532 760 vt
553 717 684 770 {it-fis,
716 713 743 756 fi
765 717 840 757 vist
871 727 910 756 et
929 715 993 754 ad—

328 780 440 819 datur
465 791 527 826 vt,
563 773 668 826 quod
689 774 806 816 deest.
864 776 936 812 Fac
957 783 994 810 vt

326 832 509 889 promiss'a
566 842 777 883 appareant
824 831 959 883 (Lege
983 842 991 868 ε

328 892 427 947 quod
451 887 544 940 deest
561 901 595 926 et
605 890 646 926 in
666 885 736 934 illo,
756 885 872 925 faciis
885 897 992 923 nunc

327 945 511 1000 promifl'a
534 953 755 995 appareant.
785 944 861 993 Z).
921 939 992 978 Vbi

326 1017 368 1044 tu
382 1015 515 1041 neruos
528 999 699 1038 intendas
718 998 819 1050 tuos]
854 999 990 1035 Vtrum

328 1057 499 1099 obscene
535 1055 631 1103 hoc,
665 1063 705 1092 vt
740 1050 898 1091 seruus?
939 1063 989 1089 an

328 1115 587 1163 μεταφορικῶς,
629 1109 695 1148 vbi
732 1108 910 1147 laborare
947 1118 992 1145 ac

328 1168 540 1224 periclitari
561 1164 733 1206 debeas?
758 1163 835 1205 Sed
853 1163 992 1203 melius

327 1229 491 1280 legunt,
522 1224 586 1274 qui
608 1222 682 1260 hoc
702 1231 822 1260 totum
841 1218 888 1259 ad
909 1231 992 1272 per-

326 1282 459 1323 sonam
479 1279 681 1332 applicant
698 1278 923 1320 Chaereae;
955 1285 994 1313 et

327 1340 489 1386 melius,
532 1349 649 1387 quam
690 1335 759 1385 qui
785 1338 996 1374 Parmeno-

328 1388 431 1438 nem'
458 1392 540 1432 -hoc
569 1400 710 1443 putant
738 1389 863 1440 loqui2
905 1387 990 1426 Siue

327 1454 420 1492 adeo
440 1449 555 1504 digna
574 1461 630 1487 res
640 1446 697 1497 est,
717 1444 781 1485 vbi
791 1457 926 1486 neruos
938 1446 991 1484 in-

328 1509 462 1550 tendas
482 1517 579 1545 tuos.
638 1505 690 1543 D.

385 1564 471 1602 Siue
489 1562 578 1601 adeo
595 1559 729 1614 digna]
758 1552 898 1598 Sensus
917 1555 992 1597 este

328 1621 355 1662 {i
376 1621 462 1659 talis
488 1631 549 1657 res
572 1617 627 1655 est
648 1617 753 1664 haec,
778 1614 842 1654 vbi
854 1624 991 1652 omnes

324 1689 410 1717 tuas
443 1674 702 1728 cogitationes
737 1672 993 1722 possisinten-

329 1735 443 1780 dere,
482 1743 521 1770 et
557 1730 765 1780 plurimum
797 1726 987 1766 laborare.

326 1790 516 1840 Denique
547 1788 658 1840 digna
678 1798 735 1824 res
755 1783 820 1834 est,
854 1781 917 1822 vbi
945 1783 995 1820 la-

330 1844 552 1885 borandum
570 1843 623 1881 fit.
681 1840 883 1881 Continuo
911 1836 994 1877 sub-

329 1901 480 1953 iungit:
514 1899 620 1937 Haut
632 1894 766 1946 fimilis
791 1893 899 1948 virgo
929 1894 988 1945 est,

331 1971 423 2011 quas
443 1968 578 1994 matres
591 1952 745 2003 student
767 1947 920 2003 demzffis
930 1950 995 1988 hu-

330 2015 439 2054 meris
459 2008 537 2064 effe]
566 2012 656 2050 Non
686 2007 772 2045 cibo
796 2007 837 2044 in
859 2015 936 2044 tota
958 2018 994 2043 a·

330 2071 439 2122 liqna
449 2064 695 2120 pinguedine
706 2060 918 2101 subleuatis.
947 2063 991 2101 Ε.

386 2123 512 2165 Codd.
534 2120 652 2160 nostri
670 2120 772 2158 male
789 2117 894 2156 hunc
913 2128 993 2156 ver·

331 2180 415 2222 sum
437 2175 865 2218 tribuuntParmenoni.
896 2177 937 2213 Β.

334 2256 338 2260 ·
387 2249 437 2278 21
471 2233 721 2286 Hautfi‘milis
738 2231 849 2285 virgo
863 2229 909 2281 est
918 2230 994 2268 vir·

328 2296 457 2350 ginum
485 2288 713 2345 nostrarum]
745 2288 906 2328 Ciuium
934 2283 997 2325 sci-

330 2352 442 2398 licet,
474 2348 513 2386 id
536 2346 609 2395 est,
641 2357 767 2385 terrae
786 2354 828 2382 ac
847 2343 995 2394 patriae

331 2406 498 2446 nostrae.
535 2415 575 2442 vt
604 2403 710 2454 Virg.
748 2400 914 2453 (Georg.
945 2411 994 2447 11,

334 2464 420 2514 89.)
454 2461 544 2498 Non
563 2458 685 2499 eadem
703 2455 901 2495 arboribus
908 2467 995 2507 pen-

329 2521 395 2559 det
422 2516 609 2556 vindemia
638 2513 788 2565 nostris.
846 2514 893 2552 Et
921 2509 997 2551 Sal·

332 2574 475 2621 lustius,
497 2571 629 2623 Nostri
644 2571 764 2623 foeda
781 2567 894 2623 fuga,
923 2578 993 2606 etc.

332 2633 443 2690 Qus
465 2624 780 2681 matresstudem]
807 2628 893 2666 Hoc
914 2636 998 2665 ver·

1656 567 1701 612 Si

1042 714 1094 753 bo
1117 710 1285 752 ostendit
1306 712 1451 751 cultum
1482 707 1700 755 industriae}

1045 783 1126 809 non
1175 768 1507 822 pulchritudinem
1553 775 1702 804 natura·

1043 828 1159 866 lem.‘
1193 828 1241 866 D.
1656 843 1658 846 >
1687 853 1694 863 .

1099 894 1153 923 22
1205 879 1388 934 Demiffisv
1423 876 1584 918 humeris
1624 874 1696 929 effu

1043 940 1167 978 vinclo
1207 937 1368 991 pec'iore]
1397 934 1562 986 Antiqui
1593 934 1701 972 enim

1043 995 1182 1034 Graeci
1226 994 1341 1033 etiam
1383 989 1600 1044 virginibus
1627 987 1703 1028 suis

1042 1048 1285 1101 praebebant
1294 1047 1528 1100 palaestram,
1542 1045 1588 1084 ad
1601 1058 1702 1086 com·

1043 1105 1229 1156 ponenda
1249 1117 1431 1154 corpora..
1477 1104 1549 1142 Vel
1568 1101 1702 1154 demts-

1032 1162 1085 1212 fis
1104 1161 1261 1199 humeris
1279 1160 1354 1211 essa,
1366 1183 1369 1188 ν
1382 1158 1529 1210 liquide
1550 1169 1588 1198 et
1607 1157 1703 1196 mol·

1043 1218 1132 1255 liter
1157 1215 1352 1263 deduffis,
1382 1226 1516 1266 neque
1536 1213 1704 1253 extanti-

1043 1273 1124 1321 bus,
1146 1273 1230 1312 alae
1252 1272 1296 1310 in
1319 1271 1480 1310 modurn
1506 1270 1701 1321 (athletico

1043 1330 1165 1369 modo.
1204 1325 1274 1368 Ms.
1306 1328 1387 1377 H..)
1444 1324 1614 1378 Demiffis
1641 1326 1705 1370 hus

1041 1388 1150 1425 meris
1168 1383 1241 1437 effe,
1270 1384 1394 1422 vineto
1418 1382 1582 1435 pec‘Jore]
1612 1384 1703 1421 Nou

1042 1437 1317 1494 accipiendum
1348 1438 1403 1478 est
1431 1437 1533 1490 qu'afi
1554 1437 1704 1476 hoc-di-

1042 1509 1112 1547 cat,
1134 1497 1198 1537 Ad
1215 1495 1289 1535 hoc
1310 1495 1392 1535 illas
1401 1494 1558 1533 student
1567 1504 1704 1533 matres

1044 1555 1209 1594 demissis
1232 1552 1403 1592 humeris
1427 1548 1526 1599 esse,
1557 1561 1597 1591 et
1623 1551 1705 1589 vin-

1043 1612 1103 1651 &o
1124 1611 1301 1663 pe&ore‚
1330 1619 1369 1647 vt
1393 1608 1554 1661 graciles
1581 1606 1703 1645 fient:

1044 1666 1147 1719 quali
1175 1666 1271 1706 haec
1301 1666 1378 1704 duo
1406 1675 1565 1716 propter
1587 1674 1705 1703 vnum

1043 1722 1137 1763 illud
1159 1723 1262 1762 fiant.
1290 1720 1356 1762 sed
1372 1721 1477 1761 varie
1506 1721 1577 1758 tria
1595 1720 1705 1768 dixit,

1044 1792 1098 1819 ne
1127 1780 1274 1819 diceret
1300 1781 1319 1799 '‘
1352 1788 1414 1816 aut
1443 1775 1598 1816 student
1623 1776 1706 1815 illas

1045 1836 1212 1876 demiffis
1241 1834 1414 1873 humeris
1424 1863 1432 1882 ‚
1469 1842 1508 1871 et
1536 1833 1705 1879 vinfilum

1045 1893 1196 1944 pe3us‚
1227 1902 1265 1929 vt
1283 1891 1446 1944 graciles
1470 1888 1570 1926 fient
1587 1891 1705 1939 (Ver-

1044 1948 1103 1995 ba,
1122 1959 1165 1985 ne
1185 1947 1319 1985 diceret
1347 1967 1401 1976 -
1421 1944 1538 1996 fient,
1569 1940 1705 1984 absunt

1045 2003 1092 2042 ab
1117 2002 1177 2042 ed.
1198 2007 1362 2055 Argent.
1411 2003 1459 2040 Et
1475 2012 1611 2052 parum
1623 1997 1704 2040 sani

1043 2058 1219 2112 habent).
1282 2056 1411 2097 Vinao
1433 2057 1591 2110 pec‘lore]
1625 2058 1704 2097 Ca-

1043 2115 1180 2168 stigato
1203 2127 1245 2153 ac
1264 2113 1395 2159 tenui,
1429 2124 1469 2152 et
1496 2111 1600 2152 velut
1619 2113 1703 2152 vin.

1045 2172 1115 2209 630.
1169 2169 1287 2211 Deest
1330 2182 1424 2223 ergo
1472 2168 1582 2207 velut.
1649 2170 1704 2210 Vt

1043 2226 1202 2283 graciles
1215 2226 1331 2280 stent]
1363 2225 1595 2279 Afingulari
1614 2226 1702 2280 gra·-

1046 2284 1124 2322 cilis
1144 2284 1265 2335 (Quis
1286 2283 1326 2321 id
1346 2279 1475 2321 nescit.
1520 2282 1619 2322 Cum
1640 2294 1702 2322 ve—

1045 2353 1089 2379 ro
1110 2342 1283 2380 Donatus
1304 2349 1438 2376 notare
1457 2332 1582 2385 soleat,
1601 2350 1702 2389 quae

1043 2396 1161 2436 rarius
1195 2405 1399 2434 occurrunt
1409 2407 1421 2442 3
1458 2393 1700 2444 crediderim,

1046 2464 1134 2492 eum
1161 2447 1296 2505 legifl'e
1329 2462 1630 2499 GRACILAE‚
1662 2460 1702 2489 et

1045 2506 1235 2560 scripsisse,
1254 2509 1288 2547 A
1310 2505 1490 2561 fingulari
1508 2518 1535 2546 G
1549 2518 1651 2546 RAc
1666 2519 1700 2545 1-

1046 2577 1117 2606 LA
1156 2567 1260 2604 venit
1289 2575 1360 2604 etc.
1425 2562 1702 2604 Coniefturam

1046 2620 1198 2662 firmant
1249 2620 1468 2662 testimonia
1507 2618 1630 2674 Probi
1665 2628 1704 2656 et

1598 2676 1702 2717 Non.
