1815 3168
286 119 386 170 450

669 97 826 146 ACT.
861 98 935 144 IV.
967 95 1162 142 SCEN.
1192 95 1287 140 Vll.

429 228 524 280 SA.
563 227 749 291 Egone?
798 226 1072 292 imperatoris
1103 223 1312 270 virtutem
1341 236 1578 273 noueram,
1619 229 1663 267 et

529 307 619 353 vim
644 304 848 355 militum,

436 385 538 432 Sine
560 381 765 441 sanguine
788 378 873 423 hoc
895 373 990 421 fieri
1009 390 1101 421 non
1123 369 1259 439 posse,
1281 373 1358 437 qui
1374 369 1664 432 abstergerem

535 457 729 504 vulnera.

339 531 410 585 ἰο
441 528 598 580 Tun.
637 529 725 584 Vbi
747 522 852 578 alii?
887 522 985 572 SA.

1028 526 1130 589 qui,
1170 523 1360 578 malum,
1402 523 1506 571 alii?
1553 520 1667 568 solus

538 607 699 654 Sannio
727 603 864 650 seruat
885 601 1083 650 domum.

308 808 376 852 lib.
400 821 471 851 VII.
492 819 572 860 Cap.
592 808 657 850 26.
689 798 767 854 genu
793 803 858 848 ταὶς
884 819 965 853 τρα-

1509 677 1672 720 THR-

1066 815 1094 858 9
1123 805 1207 860 Qi
1222 799 1456 857 abstergerem
1473 796 1625 838 vulnera
1635 793 1673 849 ν]

309 871 428 915 πέζας,
448 862 645 911 σπόγγισον.
674 862 829 913 leian.
853 862 878 899 1.
903 873 964 902 12.
1015 860 1132 909 Quali
1151 862 1225 900 hoc
1245 859 1363 899 fuerit
1381 854 1515 897 auxilii
1533 863 1673 906 genus.

311 928 344 978 §.
374 935 438 963 22.
469 919 506 959 ff.
537 921 586 957 de
605 916 704 957 instr.
723 930 764 955 er
793 914 966 954 instrum.

310 980 499 1021 Perticae,
527 973 656 1027 quibus
675 986 827 1010 araneae
850 972 968 1010 deter-

307 1045 467 1090 gantur:
502 1032 588 1069 item
609 1027 811 1083 spongiae,
840 1026 972 1085 qqibus

315 1091 516 1133 columnae,
533 1089 755 1138 pauimenta,
778 1083 892 1136 podia
911 1096 972 1122 ex-

312 1156 524 1201 tergantur.
587 1141 662 1182 Hic
700 1153 794 1192 ergo
826 1141 972 1191 primus

314 1199 400 1242 vsus
418 1197 678 1251 spongiarum.
734 1196 851 1244 Dein,
873 1205 974 1235 certa

313 1256 480 1311 quadam
506 1264 586 1292 arte
615 1252 762 1298 coaffls,
800 1249 974 1298 καρδιοφύ-

315 1327 416 1355 amoq
445 1312 530 1350 loco
558 1309 629 1349 illis
649 1307 865 1349 vtebantur.
892 1307 976 1348 Ari-

317 1368 526 1419 stophanes
555 1365 692 1404 Ranis:
728 1362 797 1401 οῗσε
820 1372 873 1409 μοὶ
893 1363 974 1410 πςδς

317 1425 364 1469 ‘tn‘
370 1445 383 1464 ν
405 1427 537 1469 καρδίαν
556 1418 734 1467 σπογγιοέν.
790 1419 976 1460 Ridicula-

320 1483 376 1521 ria
394 1478 479 1519 sunt
497 1490 598 1529 quae
616 1474 838 1527 sequuntur,
864 1486 903 1515 et
920 1476 977 1513 ni-

320 1538 400 1579 mia
413 1546 451 1575 vt
460 1534 522 1573 hic
534 1530 821 1585 perscribantur.
865 1534 980 1582 Quae

322 1606 417 1634 vero
437 1605 487 1630 ex
507 1590 632 1638 Liuio,
651 1589 910 1634 Tertulliano,
931 1592 982 1628 A·

326 1650 550 1694 ristaeneto,
589 1645 670 1684 aliis
700 1644 790 1684 addi
814 1642 978 1696 possent,

323 1707 402 1746 iam
412 1716 482 1756 pro
496 1701 699 1754 compertis
711 1700 913 1740 habentur.
943 1704 984 1741 L.

379 1762 530 1800 Omnes
552 1757 663 1796 codd.
694 1756 830 1805 nostri,
869 1756 984 1808 istunc

328 1816 424 1863 huc„
435 1824 583 1867 praeter
603 1810 835 1860 petrensem,
856 1812 919 1851 vbi
930 1827 986 1852 re-

331 1874 412 1919 cle,
441 1871 545 1923 istum
566 1869 646 1910 huc.
703 1868 832 1908 Festus
859 1869 987 1914 enim3

332 1925 521 1972 Peniculi‚
547 1924 727 1978 spongiae
751 1923 879 1977 longae
901 1935 986 1975 pro-

330 1981 701 2037 ptersz'nzilitudinem
720 1979 917 2019 caudarum
928 1991 987 2033 ap-

327 2038 496 2094 pellatae.
551 2041 592 2076 B.

393 2101 414 2144 8
449 2091 626 2149 Egone?]
656 2093 761 2130 Haec
789 2088 897 2130 causa
925 2088 990 2128 est.

336 2150 576 2204 Imperatoris
607 2150 784 2186 virtutem
803 2160 987 2195 noueram,

338 2221 373 2247 et
404 2210 478 2245 vim
505 2204 681 2257 militum]
714 2205 796 2242 Hoc
828 2204 910 2253 plus
929 2202 992 2241 ha-

337 2262 450 2302 bebit
471 2260 563 2309 salis,
584 2259 609 2299 fi
629 2258 927 2299 ficintelleesum
938 2258 994 2297 fu-

339 2320 429 2367 erit,
456 2327 495 2356 vt
513 2319 639 2369 Sanga
673 2329 750 2354 vno
778 2314 997 2366 eodemque

340 2385 520 2425 tempore
538 2383 577 2411 et
595 2382 753 2422 quaerat
777 2370 871 2423 quid
886 2371 996 2418 dicat,

338 2430 526 2480 simulque
551 2426 801 2480 respondeat,
828 2429 910 2466 Hoc
933 2441 997 2466 no-

338 2499 487 2531 ueram,
535 2484 593 2523 ine
609 2483 794 2539 fiznguine
812 2481 903 2534 fieri
921 2497 996 2523 non

334 2541 461 2596 poffi‘,
513 2539 680 2579 scilicet:
733 2538 993 2587 ἀπροσδοκήτως.

339 2597 452 2652 Quid
466 2597 594 2651 igitur,
605 2595 714 2654 sithoc
724 2594 887 2639 sciebat?
915 2600 966 2641 D.

1017 1418 1117 1472 fieri.

1017 915 1126 966 Quid
1154 916 1228 954 hoc
1256 914 1335 954 est?
1364 911 1471 953 vnde
1491 906 1677 950 vulnera?

1020 985 1186 1023 quorum
1210 970 1392 1011 vulnera?
1431 978 1558 1008 vtrum
1590 963 1678 1003 vtri-

1021 1027 1142 1078 usque
1161 1027 1304 1078 partis?
1332 1029 1412 1074 An,
1430 1022 1537 1075 quod
1550 1019 1680 1073 magis

1019 1083 1223 1123 ridiculum
1243 1082 1308 1131 est,
1327 1079 1504 1121 suorum?
1555 1080 1606 1118 D.

1073 1139 1329 1194 Abstergerem
1348 1135 1524 1189 vulnera]
1551 1130 1685 1182 Prisci-j

1021 1210 1083 1236 an.
1101 1195 1167 1235 lib.
1187 1209 1244 1234 lx.
1301 1197 1342 1234 L.

1077 1250 1209 1291 Nostri
1230 1261 1368 1289 ornnes
1389 1261 1476 1287 cum
1487 1245 1574 1285 edd.
1587 1255 1681 1284 vett.

1023 1318 1063 1347 et
1080 1305 1291 1353 prisciano,
1325 1306 1447 1358 longe
1472 1300 1687 1342 numerofi-
1755 1350 1763 1353 .
1806 1309 1809 1322 ¹

1024 1377 1081 1412 us,
1111 1364 1195 1403 Sine
1200 1362 1387 1417 fiznguine
1406 1361 1471 1399 hoc
1499 1372 1574 1398 non
1586 1356 1685 1410 posse

1172 1421 1219 1458 In
1240 1417 1373 1457 Bemb.
1393 1426 1434 1455 et
1451 1416 1597 1457 Victor.
1617 1413 1687 1463 est,

1027 1477 1191 1515 volnera.
1247 1475 1461 1521 Caeterum
1495 1470 1689 1510 ofilonari-

1030 1545 1073 1571 us
1097 1531 1166 1572 stat
1192 1530 1375 1581 produ&
1399 1528 1614 1581 penultima
1641 1526 1690 1565 in

1030 1586 1278 1643 abstergerem.
1333 1589 1378 1627 B.

1090 1656 1140 1685 10
1168 1643 1249 1697 Qi
1270 1641 1420 1695 malum]
1442 1640 1602 1688 Malum,
1617 1652 1690 1691 per

1032 1704 1219 1748 παςὲνθεσιν
1281 1696 1450 1738 suauiter
1508 1695 1692 1738 infertur.

1032 1757 1184 1796 Plautus
1207 1756 1249 1794 in
1267 1754 1441 1806 Epidico,
1458 1751 1589 1806 Qae,
1615 1765 1690 1790 ma-

1034 1814 1126 1861 lum,
1154 1813 1238 1852 haec
1266 1811 1508 1862 imprudentia
1541 1807 1614 1860 est?
1643 1811 1691 1847 Et

1036 1882 1119 1907 non
1139 1867 1402 1915 interponitur
1427 1863 1585 1913 malum,
1620 1862 1695 1903 nisi

1037 1924 1158 1963 oculis
1181 1920 1368 1961 conuerfis
1386 1919 1544 1967 adeum,
1566 1919 1696 1971 quiid,

1039 1978 1147 2030 quod
1165 1976 1491 2030 reprehendimus
1502 2006 1511 2023 ‚
1541 1974 1694 2016 dixerit.

1039 2034 1188 2075 Malum
1229 2046 1335 2072 nuuc
1367 2032 1587 2071 interiectio
1626 2031 1694 2072 est.

1041 2091 1149 2132 solus
1186 2089 1326 2129 Sannio
1359 2088 1505 2139 struat-
1527 2088 1694 2143 domum]

1041 2149 1151 2188 Haec
1185 2145 1309 2200 figura
1336 2142 1514 2191 παρόμοιον
1543 2144 1696 2185 dicitur.

1042 2203 1148 2243 Solus
1165 2203 1305 2242 Sannio
1311 2200 1444 2253 struat
1460 2200 1621 2254 domum]
1644 2203 1698 2241 Vt

1045 2261 1167 2312 (Aen.
1194 2271 1274 2307 111,
1316 2258 1448 2309 183.)‚
1485 2256 1574 2296 Sola
1602 2256 1697 2296 mihi

1045 2314 1135 2355 tales
1167 2313 1266 2366 cafhs
1296 2312 1497 2365 Caffimdra
1529 2312 1695 2354 canebat.

1042 2373 1173 2413 seruat
1191 2370 1356 2423 domum]
1384 2371 1455 2408 Pro
1474 2380 1650 2409 remanet
1659 2380 1700 2410 vt

1046 2425 1232 2472 obseruet.
1287 2428 1386 2467 Nam
1393 2425 1530 2475 firuat
1539 2426 1699 2476 domum,

1043 2484 1189 2523 reffium
1207 2492 1310 2522 erat:
1341 2494 1434 2527 non,
1443 2481 1576 2532 struat
1587 2484 1697 2531 domi,

1042 2540 1069 2580 fi
1098 2540 1251 2591 custodit
1276 2538 1570 2591 intelligeretur.
1624 2538 1700 2578 Vel

1044 2598 1189 2650 Serum,
1205 2608 1278 2650 pro
1296 2592 1422 2638 sedet:
1452 2595 1501 2647 ab
1523 2608 1572 2636 eo
1592 2593 1699 2646 quod

1580 2649 1704 2702 sequi·
