1815 3168
494 152 587 197 HE
603 151 797 195 AVTO
814 149 1022 192 NTIM.

1334 144 1422 187 601

219 286 353 340 Ergo,
373 296 469 325 mea
490 276 727 341 Antiphila,
751 285 797 321 tu
823 290 938 320 nunc
959 273 1043 319 sola
1067 271 1271 317 reducem
1290 284 1358 313 me
1390 269 1433 312 in

313 357 495 418 patriam
515 354 630 400 facis.

217 435 337 478 Nam
359 429 465 474 dum
486 428 560 474 abs
581 439 623 473 te
642 425 802 478 absum,
825 439 977 471 omnes
1001 421 1110 467 mihi
1123 420 1289 465 labores
1301 418 1436 469 fuere,

314 521 424 567 quos
448 505 587 567 coepi,
607 503 725 547 leues
739 520 748 546 :

121 599 181 631 20
215 583 532 643 Praeterquam,
555 580 620 624 tui
642 575 876 623 carendum
898 572 1017 638 quod
1029 581 1132 619 erat.
1168 565 1198 615 S
1212 583 1255 615 v.
1292 566 1437 613 credo.

315 650 361 700 C
375 669 419 701 1..
455 658 578 717 Syre,
598 654 667 699 vix
690 648 865 698 suffero.

217 731 418 778 Hoccine
441 745 512 775 me
542 728 746 774 miserum
774 743 867 773 non
887 725 1016 772 licere
1037 737 1137 769 meo
1166 717 1300 768 modo
1322 719 1442 778 inge-

313 807 440 853 nium
465 800 584 852 frui?

146 1029 194 1073 18
225 1024 422 1080 Reducem]
454 1023 499 1065 ld
532 1022 604 1072 est,
637 1023 740 1063 inco·

91 1081 258 1125 lumem,
299 1082 383 1132 post
425 1082 527 1120 varia
558 1080 741 1133 pericula,

88 1150 188 1188 qnae
210 1134 307 1176 subii
329 1137 460 1176 eundo
487 1138 528 1176 in
547 1136 673 1177 Asiam
702 1145 742 1173 et

88 1194 304 1232 redeundo,
370 1197 467 1233 Nam
503 1204 541 1230 vt
584 1192 741 1231 Seruius

90 1250 232 1300 inquit,
263 1250 422 1288 Reduces
451 1248 631 1287 dicuntur
659 1259 742 1297 pro-

92 1308 195 1357 prie,
241 1306 308 1356 qui
346 1305 517 1355 pericula
559 1302 742 1342 euadunt.

91 1362 196 1401 I-'acis
214 1363 346 1410 itaque
366 1374 431 1399 me
447 1360 632 1405 reducem,
666 1358 691 1396 i.
711 1371 745 1400 e,

92 1416 318 1456 defun-ilum
328 1421 333 1446 ἲ
344 1411 522 1466 periculis
541 1424 746 1453 reuerten-

91 1483 170 1512 tem
195 1474 235 1510 in
252 1477 426 1523 patriam.
486 1471 530 1510 C.

149 1530 269 1582 Ergo,
299 1541 377 1566 mea
401 1525 611 1579 Antiphila]
640 1524 748 1565 Ado-

94 1581 240 1622 lescens
261 1584 485 1622 venientem
505 1582 662 1620 amicam
691 1582 750 1618 in-

96 1651 234 1686 tuetur,
259 1650 297 1678 et
315 1636 439 1677 secum
452 1638 630 1689 loquitur,
643 1635 750 1687 quod

98 1697 181 1734 eius
202 1708 331 1734 amore
349 1693 488 1733 saetam
510 1692 564 1741 fit,
585 1693 675 1731 vtin
689 1706 751 1744 pa-

99 1754 211 1791 triam
228 1761 498 1790 reuerteretur.
554 1752 598 1789 E.

161 1875 212 1916 19
245 1862 347 1901 Nam
365 1862 450 1901 dum
466 1859 529 1900 abs
555 1873 590 1900 te
616 1858 753 1909 absim,

102 1933 219 1958 omnes
237 1918 340 1970 mihi]
372 1918 474 1958 Cum
492 1917 599 1954 enim
624 1915 690 1965 abs
716 1926 761 1955 tei

102 1974 258 2024 disceffi,
277 1971 469 2013 vniuersos
480 1973 632 2011 labores
648 1971 754 2010 leues

101 2032 300 2070 arbitratus
333 2027 435 2076 sum,
480 2037 645 2080 excepto
671 2026 757 2075 hoc,

41 2115 43 2117 »
89 2087 207 2141 -quod
228 2100 266 2127 te
284 2085 475 2126 carebam.
533 2087 575 2124 E.

156 2211 210 2241 20
240 2196 378 2244 Credo]
407 2198 524 2249 Syrus
543 2208 624 2234 non
643 2191 682 2232 se
707 2194 761 2231 lo-

109 2268 155 2294 co
178 2265 370 2302 mouerat,
400 2249 606 2304 respondet
632 2249 758 2288 verbis

111 2309 362 2362 Clitiphonis,
391 2310 546 2360 quicum
574 2304 760 2357 loqueba-

111 2378 181 2413 tur,
210 2377 249 2404 vt
266 2379 354 2404 eum
375 2365 506 2417 aliquo
525 2362 760 2402 ambulatum

114 2421 221 2461 abire
263 2431 431 2472 cogeret.
488 2420 565 2459 Vix
596 2416 762 2469 suffero]

118 2478 214 2524 Vix,
262 2476 524 2526 difficultatem
568 2472 764 2528 significat.

113 2538 163 2576 Et
181 2531 388 2583 aliquando
415 2545 483 2584 pro
504 2545 578 2570 non
598 2529 766 2581 ponitur.

117 2585 234 2630 Ouid.
259 2587 438 2639 (Heroid.
453 2600 483 2635 1,
504 2589 560 2640 4.)
597 2587 672 2625 Vix
683 2585 766 2623 Pri-

117 2657 216 2685 amus
234 2647 344 2693 tanti,
363 2655 509 2698 totaque
522 2642 650 2695 Troia,
666 2642 768 2694 fuit.

1349 865 1442 915 Sv,

789 1019 956 1063 Lucilius
967 1050 976 1067 ,
1008 1018 1141 1058 Carcer
1159 1016 1228 1054 vix
1239 1025 1377 1052 carcere
1389 1009 1446 1049 dz'-

789 1091 899 1131 gnus.
960 1073 1126 1126 Suffhro]
1157 1070 1343 1116 Sustineo,
1356 1068 1447 1106 alias

790 1133 976 1186 suppono.
1033 1132 1082 1171 C.

846 1193 942 1228 Tan.
965 1186 1087 1225 Faber
1107 1183 1243 1229 verba,
1273 1181 1362 1232 Syre
1392 1199 1448 1208 —-

783 1245 900 1298 frui?
932 1240 1171 1293 Clitiphoni,
1202 1238 1267 1288 qui
1288 1238 1327 1274 in
1348 1238 1449 1275 Pois-

794 1299 922 1341 scenio
943 1296 1084 1337 scilicet
1101 1293 1318 1335 auscultans,
1332 1292 1451 1329 intro-

795 1366 945 1407 rumpat
964 1355 1005 1393 in
1026 1356 1203 1394 Scenam,
1222 1347 1451 1387 osculaturus

796 1411 1046 1453 Bacchidem,
1073 1406 1279 1447 tribuenda
1311 1399 1451 1441 censet.

797 1468 872 1508 Sed
910 1464 993 1504 satis
1021 1462 1194 1502 absurde.
1253 1464 1352 1500 Nam
1384 1457 1453 1494 hoc

797 1525 1006 1577 ingenium,
1047 1520 1082 1557 h.
1121 1531 1154 1556 e.
1189 1516 1355 1568 puellam
1385 1511 1453 1552 tali

798 1580 962 1633 ingenio
998 1574 1232 1627 praeditam,
1279 1567 1452 1619 Clitipho

799 1648 878 1674 non
901 1631 1018 1685 potest
1041 1643 1175 1669 vocare
1193 1629 1449 1669 meretricem,

801 1692 907 1729 cuius
927 1688 1049 1728 forma
1071 1686 1247 1737 quidem,
1279 1680 1342 1721 sed
1370 1693 1456 1719 non

800 1747 964 1799 ingenio
1002 1754 1082 1782 erat
1118 1737 1323 1793 perculsus.
1377 1741 1467 1787 Deg

804 1803 900 1842 inde
942 1798 1043 1852 quod
1076 1799 1190 1851 Syrus
1223 1791 1454 1845 respondet,

804 1873 845 1898 vt
864 1857 945 1896 vidi
966 1866 1112 1908 patrem
1139 1865 1244 1893 tuum
1266 1848 1334 1901 ‚cJJb
1352 1847 1457 1885 habi-

806 1928 892 1956 tum,
911 1912 960 1950 de
971 1908 1226 1953 Menedemo,
1237 1918 1322 1945 non
1334 1903 1459 1947 Chre·

803 1981 909 2010 mete
929 1968 1076 2006 dicitur.
1133 1968 1172 2005 Β.

861 2037 913 2068 21
947 2023 1107 2062 Hoccine
1125 2034 1180 2060 me
1199 2017 1368 2069 mifirum
1383 2028 1457 2055 non

806 2081 910 2121 licere
937 2093 1012 2118 meo
1041 2078 1146 2116 modo
1173 2076 1322 2130 ingenio
1347 2071 1459 2124 frat]

807 2137 888 2179 Sibi
918 2135 1064 2174 bonum
1094 2132 1299 2184 ingenium
1335 2129 1463 2179 inquit

808 2193 962 2246 puellae
987 2189 1152 2228 habere:
1183 2187 1280 2225 mihi
1309 2195 1348 2223 et
1374 2188 1462 2237 (au-

809 2263 881 2289 tem
917 2248 976 2296 Z.)
1014 2259 1093 2283 non
1122 2243 1208 2282 finit
1233 2251 1353 2295 pater.
1407 2242 1464 2278 Ita

808 2305 883 2344 hoc
905 2302 1066 2355 ingenio
1085 2300 1190 2338 bono
1211 2299 1354 2336 amicae
1373 2307 1464 2334 meo

812 2359 929 2400 modo
957 2357 1031 2397 frui
1063 2370 1142 2394 non
1172 2355 1310 2401 licere,
1345 2351 1464 2391 vehe-

815 2409 1214 2466 menteringemism.
1269 2412 1312 2451 E.

865 2472 1055 2525 Ingenium
1096 2481 1168 2519 pro
1192 2466 1339 2522 ingenio
1362 2462 1467 2513 Kanti-

816 2540 894 2579 que
936 2525 1085 2564 dicitur.
1142 2527 1223 2564 Nec
1263 2521 1361 2561 adeo
1401 2519 1466 2565 est,

818 2581 924 2635 quod
942 2582 1108 2633 plurium
1131 2577 1240 2618 codd.
1259 2577 1469 2618 leffionem

817 2639 962 2697 ingenio
992 2635 1207 2688 seqnamur.
1248 2636 1469 2676 *Caeterum

929 2697 956 2734 P
968 2706 992 2745 p
1024 2704 1047 2746 ς
1373 2689 1471 2741 inge-
