1815 3168
306 138 399 191 248

678 137 1276 187 OBSERVATIONES

1433 281 1586 338 ἢ,

613 403 912 444 Fntnmucx
960 406 1364 449 LINDENBROGI

313 480 1672 563 OBSERVATIONES

454 605 548 656 IN
605 607 853 659 AELll
911 610 1299 663 DONATI.
1358 615 1423 666 v.
1474 612 1554 682 C.-

537 695 919 739 COMMENT.
966 701 1030 742 IN
1081 701 1435 744 ANDRIAM.

309 814 705 927 Commentariun]
731 840 865 889 311unc,
904 842 971 894 qui

434 895 548 936 Aelio
565 898 737 944 Donato,
758 898 935 937 oratoriv
938 912 970 936 r-

308 949 368 989 bis
392 954 536 990 Romae
555 949 790 1001 adscribitur,
822 951 869 991 fic
888 953 972 1005 qui-

308 1005 404 1046 dem
423 1007 524 1044 illius
546 1005 624 1046 effe
643 1004 796 1056 cense0‚
817 1018 854 1046 vt
872 1009 967 1047 inte-

308 1062 481 1114 griorem
500 1062 625 1100 multo
653 1075 744 1101 eum
768 1062 859 1102 olim
880 1065 972 1103 exti-

308 1116 533 1163 tifle,'mea
561 1116 722 1169 quidem
751 1118 888 1170 opinio
908 1119 971 1158 fit:

308 1174 467 1224 qualem
484 1184 615 1212 autem
627 1186 732 1212 nunc
743 1173 968 1224 babeamus,

307 1229 549 1277 collectanea
577 1230 700 1280 potius
735 1228 814 1270 fine
845 1244 975 1270 excer-

306 1295 374 1336 pta
395 1285 563 1335 dicenda
582 1283 680 1335 effe,
713 1299 830 1338 quam
846 1287 974 1340 19ίίΠί-

308 1354 419 1380 mum
444 1342 595 1381 Donati
623 1355 731 1394 opus.
790 1342 834 1382 Id
866 1343 973 1395 quod

309 1410 405 1450 arg-u
412 1409 478 1437 ere
502 1397 615 1436 viden
626 1409 683 1437 tur
701 1397 928 1450 frequentes
939 1414 974 1441 a·

309 1451 451 1507 fierisci
464 1466 475 1500 3
506 1464 546 1493 et
563 1453 666 1505 quod
678 1457 824 1494 totiens
836 1456 974 1495 eadem

308 1516 548 1560 repetantur,
568 1511 761 1549 nonnulla
772 1512 889 1551 etiam
907 1525 975 1565 pa-

308 1579 396 1604 rum
411 1566 585 1606 dilucide
595 1567 848 1616 explicentur.
861 1569 973 1619 Quin

309 1622 428 1661 eriam
456 1624 720 1676 Hieronymus
744 1624 968 1663 Comment.

309 1678 352 1717 in
373 1676 515 1720 Eccles.
531 1692 609 1730 cap.
623 1691 659 1722 ,1.
672 1679 876 1724 attestatur,
889 1683 972 1719 Do·

308 1743 446 1773 natum
499 1746 794 1787 praeceptorem
845 1734 964 1785 suum,

308 1803 398 1828 cum
433 1790 657 1830 verficulum
690 1792 820 1840 illum,
856 1791 974 1832 Nihil

309 1845 358 1897 est
376 1847 532 1892 umam,
559 1848 662 1899 quod
679 1847 813 1899 nonstc
835 1848 968 1887 dictum

302 1903 426 1956 prius,
466 1902 796 1954 inter-mpietatetur,
828 1915 967 1955 pereat,

308 1955 468 2004 dixisse,
500 1971 537 2010 qt
525 1961 564 1996 ui
582 1967 664 1998 ante
684 1971 747 1998 nos
766 1959 893 2013 nostra
914 1960 970 1999 di-

305 2027 461 2054 xerunt.
522 2015 636 2065 Quae
666 2012 756 2054 sane
780 2014 897 2054 verba
925 2016 968 2054 in

306 2067 411 2109 hisce
429 2071 712 2110 commentariis
730 2084 834 2109 nunc
852 2072 969 2110 mini-

305 2139 372 2165 me
390 2126 588 2180 leguntur.
649 2125 765 2172 Dein,
799 2140 898 2177 quae
918 2141 968 2167 ex

305 2181 436 2223 Probo
471 2192 511 2221 ct
540 2182 625 2221 aliis
655 2181 719 2221 hic
740 2181 967 2231 afferuntur,

307 2240 392 2290 quis
411 2248 576 2290 negaret
602 2252 648 2277 ea
669 2238 879 2279 collectoris
898 2253 965 2291 po-

305 2296 380 2334 tius
400 2293 534 2342 studio,
560 2306 679 2345 quam
698 2295 844 2334 Donati
870 2295 969 2334 iudi-

306 2352 369 2389 cio
394 2348 536 2389 inserta
554 2347 640 2389 effe.
690 2353 844 2390 Praeter
863 2350 967 2390 hunc

305 2407 414 2446 enirn
435 2416 473 2445 et
492 2406 586 2444 alios
607 2406 734 2458 plures
757 2417 901 2446 certum
917 2407 969 2447 est

304 2464 347 2503 in
375 2462 605 2501 Terentium
631 2464 907 2502 commentaria
931 2476 970 2502 e-

307 2515 467 2558 didiffe:
501 2517 736 2558 Euanthium
765 2528 875 2570 puta,
915 2521 967 2560 A·

306 2575 480 2614 mutium
499 2571 663 2624 Celsum,
699 2574 876 2614 Flauium
893 2576 967 2616 Ca-

305 2643 430 2684 prum,
457 2630 668 2677 Helenium
682 2633 892 2683 Aci-onem,
903 2628 967 2676 As-

1017 852 1142 892 prum,
1161 839 1339 889 Probum,
1356 837 1570 892 Nigidium,
1589 849 1631 879 et
1646 836 1695 880 fi‘

1018 909 1108 935 vera
1136 897 1274 944 lectio,
1306 896 1555 937 Adeflonem.
1610 898 1676 936 De

1017 952 1213 994 Euanthio
1246 951 1406 993 Rufinus
1442 951 1676 991 Grammati-

1020 1020 1083 1047 cus
1111 1009 1161 1048 de
1186 1012 1313 1049 metris
1329 1008 1598 1048 Terentianis:
1626 1009 1674 1048 Ε-

1019 1064 1200 1104 uanthius
1217 1068 1255 1103 in
1272 1066 1532 1104 commentario
1543 1064 1674 1103 Teren-

1021 1122 1067 1158 tii
1085 1121 1129 1158 de
1138 1119 1287 1171 fizbula,
1309 1121 1376 1159 hoc
1396 1120 1454 1172 est,
1474 1119 1516 1158 de
1533 1133 1676 1158 comoe-

1022 1177 1097 1221 dia,
1109 1177 1165 1227 fic
1185 1177 1285 1216 dicit.
1339 1178 1518 1227 Reliquos
1538 1174 1679 1217 Chari-

1021 1231 1095 1272 ssus
1113 1231 1312 1284 Sosipater,
1342 1242 1380 1270 et
1398 1234 1576 1271 Donatus
1595 1228 1677 1283 ipse

1023 1289 1066 1328 in
1088 1285 1189 1326 hisce
1214 1287 1493 1326 commentariis
1503 1286 1676 1327 laudant.

1021 1348 1075 1385 At
1094 1343 1275 1395 quicquid
1291 1343 1342 1392 fit,
1372 1342 1547 1381 contenti
1566 1342 1680 1382 simus

1021 1399 1096 1439 hoc
1113 1399 1237 1440 Cat-on
1256 1417 1286 1448 ¹,
1324 1400 1391 1450 qui
1416 1411 1466 1438 ex
1482 1407 1678 1438 tantorum

1024 1453 1231 1508 naufragio
1244 1452 1338 1493 solus
1351 1453 1568 1509 periculum
1588 1467 1678 1507 qua-

1023 1513 1109 1552 liter
1136 1511 1299 1562 qualiter
1328 1510 1455 1550 euafit.

1077 1568 1174 1608 Aelii
1199 1567 1369 1621 Donati]
1399 1569 1457 1607 Ita
1474 1565 1680 1619 expreffim

1019 1623 1113 1666 libb.
1141 1623 1327 1665 Pithaeor.
1356 1633 1394 1663 et
1418 1626 1457 1663 P.
1485 1623 1677 1676 Danielis,

1021 1692 1119 1732 quos
1173 1679 1236 1719 hic
1298 1680 1467 1719 auctores
1523 1676 1678 1730 sequor.

1019 1736 1238 1788 Quamuis
1228 1749 1268 1775 m
1283 1736 1584 1778 Commentariis
1595 1735 1680 1776 Vir·

1019 1794 1197 1847 gilianis,
1227 1805 1329 1844 quae
1358 1802 1398 1831 et
1425 1792 1491 1831 illa
1519 1793 1678 1830 Donato

1017 1849 1298 1897 attribuuntur3
1318 1860 1355 1887 et
1374 1847 1533 1899 quidem
1551 1846 1599 1886 ab
1609 1860 1679 1885 an·-

1018 1906 1257 1956 tiquis,C.1.
1298 1908 1568 1944 Twmuvs
1605 1915 1677 1941 vo-

1019 1972 1137 1999 cetur.
1192 1961 1320 2000 Etiam
1350 1959 1393 1998 in
1430 1956 1678 1998 vetustiffimo

1017 2013 1090 2058 Ms.
1118 2015 1216 2056 Coe.
1246 2027 1364 2066 quem
1384 2014 1602 2054 Florentiae
1629 2014 1675 2053 in

1016 2070 1257 2113 Bibliotheca
1293 2071 1416 2111 Ducis
1465 2070 1677 2109 Hetruriae

1016 2127 1116 2175 vidi,
1146 2130 1323 2167 Donatus
1352 2139 1500 2164 nomen
1525 2124 1678 2166 Africa-

1016 2197 1112 2223 num
1147 2182 1210 2222 est.
1233 2186 1284 2223 Β.
1311 2181 1515 2235 Augustin.
1553 2182 1675 2233 Epist.

1020 2242 1111 2292 163.
1164 2238 1397 2292 Quamquam
1415 2240 1509 2276 enim
1527 2238 1677 2276 Donati

1016 2308 1146 2335 nomen
1172 2295 1316 2347 Afrum
1343 2294 1406 2346 ‘ff'
1426 2293 1570 2345 soleat,
1600 2306 1676 2332 non

1019 2364 1138 2392 tamen
1156 2362 1378 2406 repugnaret
1397 2363 1419 2388 a
1438 2363 1538 2397 vem,
1557 2362 1598 2388 vt
1614 2349 1677 2388 vel

1012 2410 1181 2460 partium
1201 2381 1345 2447 illarum
1374 2404 1508 2458 aliquis
1527 2418 1676 2444 vocare-

1017 2477 1083 2503 tur
1121 2465 1270 2503 nomine
1297 2460 1561 2514 Afio.1nde
1595 2463 1676 2501 Do-

1017 2530 1127 2560 natus
1171 2516 1376 2559 Proconsul
1408 2516 1583 2565 Africae..
1625 2516 1675 2556 ad

1016 2588 1133 2628 quem
1164 2573 1288 2614 scribit
1319 2572 1528 2628 Augustin.
1556 2572 1671 2624 Epist.

1020 2643 1119 2687 127,
1149 2642 1188 2673 et
1215 2633 1392 2674 Donatus
1423 2629 1493 2669 iste
1510 2628 1671 2671 Car-tha

1572 2685 1675 2738 gini-
