1815 3168
0 2790 4 2808 i

4 2905 7 2930 Ι

5 2943 8 2972 l

5 2973 9 3009 l

5 3015 10 3050 ἱ

9 3116 13 3168 i

650 190 939 235 ANDRIA

1379 210 1465 256 195

144 327 203 382 15
238 311 348 364 MY.
377 316 496 362 Male
516 316 633 364 dicis.
671 314 717 362 D
733 331 763 361 A
778 330 827 361 V.
862 310 990 362 vnde
993 314 1048 361 ἦ.
1041 316 1059 347 ³
1094 316 1162 364 dic
1171 319 1309 409 clare.
1351 320 1405 368 M
1421 337 1465 369 Υ.

325 409 348 437 a
369 392 512 438 nobis·
554 389 647 437 DA
667 405 716 436 V.
744 392 799 438 ha
821 392 876 437 ha
897 391 968 437 he.

225 468 396 512 Mirum
415 484 545 519 vcro,
582 467 864 531 impudenter
884 466 1041 512 mulier
1062 464 1092 511 fi
1116 467 1218 513 facit
1240 473 1460 520 meretrix.

224 539 324 590 CH.
353 542 423 589 Ab
448 542 614 588 Andria
636 542 695 588 est
714 542 864 589 ancilla
878 542 995 594 haec,
1009 553 1232 606 'quantum
1244 545 1458 604 intelligo,

726 623 842 666 Νι

31 725 33 728 “
87 717 236 758 Boend.
265 728 304 758 et
329 717 390 757 ed.
421 718 486 756 Du
514 719 554 756 B.
598 719 681 757 Hoc
704 728 748 758 vt
798 716 905 757 causa
924 717 1090 765 dueum,
1114 732 1186 770 per
1207 719 1388 767 ironiam,
1420 732 1459 762 vt

76 773 197 825 finex
213 773 366 825 findat,
391 775 638 823 pronunciari
659 786 745 826 pot·

88 831 167 884 ψ).
208 830 324 870 Faxis
346 828 482 882 caue?]
514 830 744 869 Gestucom-

86 887 271 926 minantis
301 885 354 926 est
384 896 423 925 et
450 885 574 925 v:ultu
608 897 646 925 vt
672 883 744 924 sus-

86 942 278 992 penderet
296 941 651 989 comminationem,
672 941 743 980 de-

85 997 181 1037 inde
209 997 372 1038 inferret
400 996 558 1050 gestum.
617 996 736 1046 Ordo,

88 1055 185 1093 Caue
196 1054 319 1105 fizxis.
375 1057 424 1094 D.

139 1114 247 1163 Lege
266 1123 352 1148 eum
364 1109 470 1148 libris
482 1108 615 1148 nostris
629 1109 741 1148 Prae-

83 1179 185 1206 terea
203 1179 322 1219 quam,
343 1164 380 1205 h.
404 1179 437 1204 e.
458 1176 738 1217 praeterquam,

85 1233 124 1260 vt
146 1222 392 1274 posteaquam.
446 1224 486 1260 B.

140 1289 190 1330 15
229 1279 332 1318 Male
361 1278 471 1331 dicis]
519 1278 622 1318 Cum
649 1290 740 1316 con-

85 1343 207 1374 temtu
230 1334 422 1384 loqueris,
453 1335 669 1372 conuicium
689 1332 740 1371 fa-

85 1389 151 1428 cis.
207 1393 381 1440 Apparet
411 1401 506 1442 ergo
526 1390 630 1428 Male
648 1390 739 1427 dicis

83 1444 230 1483 lentius
255 1441 331 1483 efl'e
352 1444 506 1491 dictum,
525 1458 642 1494 quum
658 1441 740 1482 sub-

84 1501 222 1552 iungit,
253 1499 326 1538 Dic
345 1499 448 1539 clare.
506 1499 613 1539 Male
630 1500 739 1550 dicis]

83 1558 201 1596 Noue
235 1555 340 1594 Male
365 1556 456 1595 dicis
482 1569 552 1608 pro
583 1555 740 1594 commi-

83 1612 244 1650 natione
263 1609 393 1661 posuit,
422 1625 540 1662 quum
560 1626 630 1663 pro
648 1624 738 1650 con-

83 1667 185 1705 uicio
213 1664 332 1705 soleat
359 1668 465 1718 poni.
520 1666 599 1706 Nifi
626 1665 738 1715 forte,

83 1723 176 1773 quia
216 1723 475 1762 contumeliae
517 1736 642 1775 genus
682 1721 738 1761 est

82 1779 346 1817 comminatio.
401 1778 572 1828 Quidam
599 1788 737 1830 putant

80 1830 160 1872 effe
179 1847 292 1873 vnam
317 1832 528 1884 personam,
552 1835 653 1874 Daui
673 1831 737 1872 sci-

78 1889 181 1936 licet,
209 1888 348 1928 dicium
370 1887 538 1941 superius
559 1889 733 1942 Myfidis,

79 1958 162 1984 non
191 1942 274 1984 satis
300 1945 543 1985 manifestum
563 1945 735 1993 Chremi,

78 2002 121 2039 in
152 2001 344 2041 malediffi
361 2001 647 2041 fimilitudinem
668 2001 735 2040 de-

78 2057 246 2097 riuantis.
310 2058 413 2097 Unde
447 2057 496 2109 est
531 2059 589 2097 dic
616 2058 732 2112 clare]

77 2114 152 2152 Hic
170 2114 374 2165 expressius
394 2114 500 2153 dixit.
557 2117 606 2154 D.

133 2170 238 2208 Vnde
255 2168 303 2220 est
324 2171 382 2209 dic
402 2170 512 2224 clare]
542 2174 598 2212 Vt
617 2167 734 2210 senex
763 2176 765 2178 ’

70 2224 189 2276 'poffit
217 2225 360 2269 audire.
414 2229 448 2266 A
473 2225 604 2277 nobis]
655 2226 734 2265 Ob-

77 2278 181 2319 scura
207 2279 410 2334 responsio.
441 2293 481 2322 et
499 2283 638 2322 metuit
655 2287 734 2324 Da-

80 2348 172 2384 uus,
201 2350 252 2377 ne
279 2340 370 2390 (pro
397 2353 441 2378 ne
464 2340 541 2392 leg.
562 2350 647 2388 aut,
676 2351 731 2387 vt,

81 2401 162 2439 aut,
199 2406 242 2431 ne
276 2407 347 2434 non
375 2397 439 2447 Z.)
476 2393 593 2436 senex
633 2393 730 2443 sciat,

80 2445 184 2485 vnde
200 2448 242 2488 fit
260 2450 324 2488 illa
343 2453 488 2497 mulier,
518 2465 618 2503 quae
635 2450 737 2490 dixit

81 2515 104 2539 a
131 2502 246 2543 nobis.
299 2507 442 2546 Idcirco
468 2506 550 2559 ipse
571 2521 655 2546 cum
674 2508 732 2546 in-

83 2557 310 2610 dignatione
335 2563 484 2611 ridens,
514 2577 587 2614 qua
611 2564 732 2603 mani-

81 2611 209 2652 festior
233 2614 364 2666 ᾔει-,ετ
393 2620 553 2659 adiecit:
583 2620 733 2659 Mintm

72 2666 116 2716 fi
139 2671 364 2722 impudenter
387 2675 513 2714 mulier
530 2676 635 2728 fiicit
665 2689 733 2715 me·

83 2729 216 2766 retrix.
289 2732 569 2781 Argumentum
616 2730 669 2771 est
711 2746 733 2770 a

1303 623 1456 669 DAv.

795 772 984 814 indicaret
1002 774 1102 812 hane
1122 773 1200 813 effe
1222 778 1450 816 meretricis.

793 830 839 869 Id
870 831 975 893 quod
996 832 1183 869 continuo
1205 831 1394 873 Chremes
1417 848 1455 872 a

793 887 942 938 gnoust,
971 898 1009 924 et
1026 884 1195 925 subiecit
1226 888 1284 927 Ab
1304 889 1454 928 Andria

792 942 841 994 est
868 941 1000 981 ancilla
1019 943 1104 981 haec
1124 956 1192 994 quc
1198 957 1299 982 ntum
1321 945 1452 984 zntelli-

785 1012 850 1052 go,
878 998 950 1036 hoc
970 997 1042 1047 est,
1073 1013 1094 1037 a
1113 1000 1318 1052 Glyceri0‚
1350 1015 1452 1054 quae

789 1054 942 1094 Andria
963 1053 1028 1092 est.
1083 1058 1126 1095 Ε.

843 1113 896 1149 Vt
922 1107 1049 1149 sensus
1077 1121 1116 1149 et
1150 1109 1274 1150 versus
1300 1111 1343 1150 fit
1387 1110 1451 1151 sal-

789 1178 881 1214 uus2
913 1166 1015 1218 lege,
1044 1165 1149 1220 Qin
1161 1168 1277 1214 dicis,
1309 1168 1447 1219 vndest,

790 1222 911 1262 clare?
948 1224 1041 1262 My.
1072 1237 1095 1261 a
1124 1222 1242 1262 nobis.
1273 1227 1320 1264 D.
1352 1238 1454 1264 atta—

789 1291 835 1318 te.
894 1280 993 1317 Nam
1026 1292 1107 1317 non
1142 1279 1260 1318 modo
1289 1280 1449 1318 ridendi

788 1335 893 1372 locus
927 1333 989 1371 hic
1018 1348 1101 1373 non
1127 1334 1199 1382 est,
1240 1332 1305 1374 sed
1334 1335 1445 1375 codd.

790 1402 948 1439 quoque
975 1389 1138 1436 habent,
1167 1389 1296 1431 ahahe.
1339 1393 1451 1444 Legi·

788 1458 873 1482 mus
894 1445 1012 1496 igitur
1029 1455 1159 1492 (mate,
1183 1447 1288 1496 quod
1313 1448 1367 1486 est
1384 1447 1451 1487 ad·

788 1500 962 1539 mirantis
985 1511 1024 1538 et
1042 1502 1252 1540 conterriti.
1311 1506 1352 1542 B.

848 1559 897 1598 16
937 1559 970 1594 A
997 1556 1120 1602 vobis]
1162 1559 1264 1608 Quia
1296 1573 1317 1598 a
1345 1558 1448 1598 vobis

790 1623 925 1661 parum
943 1611 1244 1664 intelligebatur,
1269 1613 1330 1652 hic
1341 1614 1449 1654 addit

787 1680 937 1705 morem
971 1670 1202 1716 meretricis,
1237 1680 1277 1708 vt
1309 1672 1369 1709 vel
1399 1670 1448 1709 fic

787 1723 979 1775 intelligat
999 1721 1117 1763 senex
1135 1726 1238 1772 (Hoc
1259 1723 1448 1765 scholium

787 1791 907 1817 omne
932 1792 1011 1817 non
1031 1779 1080 1817 ad
1102 1794 1124 1818 a
1145 1779 1273 1829 vobis,
1305 1779 1367 1820 sed
1389 1782 1449 1829 ad,

784 1834 937 1874 Mirum
947 1836 1450 1887 ver0‚pertinet.Z.).Mirum

785 1891 891 1944 vero]
902 1892 1028 1942 Saepe
1038 1891 1086 1930 ad
1098 1899 1256 1938 εἰρωνείαν
1266 1892 1448 1933 refertur.

785 1948 1019 2000 Impudenter
1028 1949 1161 1987 mulier
1172 1947 1342 2000 fi'facit]
1365 1950 1450 2001 (ad-

787 2004 838 2042 de
872 2006 1064 2045 meretrix.
1118 2008 1219 2045 Nam
1248 2004 1323 2044 hoc
1353 2019 1449 2056 quo-

786 2072 864 2111 que
903 2072 1052 2099 nomen
1094 2061 1278 2112 explicat)
1334 2064 1446 2100 Bono

786 2115 925 2155 ordine
943 2116 1091 2155 locutus
1102 2116 1165 2155 est.
1186 2117 1312 2167 primo
1326 2118 1445 2166 enim,

785 2169 891 2211 causa
914 2171 1184 2223 impudentiae
1211 2182 1348 2212 natura
1369 2173 1446 2213 est:

783 2228 931 2268 deinde
953 2228 1137 2266 conditio.
1197 2231 1242 2268 D.

835 2286 899 2323 Ne
918 2282 1042 2322 versus
1065 2282 1109 2321 fit
1129 2284 1305 2337 longior,
1337 2298 1443 2324 mere-

781 2342 867 2379 trix
884 2351 1085 2392 praepone
1101 2337 1290 2390 sequenti.
1346 2343 1385 2380 Β.

840 2408 891 2450 17
939 2396 1000 2435 Ab
1036 2397 1183 2435 Andria
1227 2395 1273 2447 est
1309 2395 1443 2435 ancilla

782 2451 886 2507 haec]
917 2450 1054 2494 Effecit
1075 2451 1176 2503 quod
1196 2451 1349 2491 volebat
1369 2455 1443 2492 Da—

781 2522 866 2548 uus.
944 2511 1041 2549 Nam
1085 2509 1278 2546 intellexit
1321 2508 1444 2549 Chre-

780 2578 884 2610 mes,
915 2579 962 2604 ex
995 2578 1067 2616 qua
1096 2562 1356 2614 fitPamphilo
1379 2578 1442 2603 na-
1480 2584 1482 2587 v

783 2632 843 2659 tus
863 2634 971 2672 puer.
1029 2623 1078 2659 D.

836 2679 940 2716 Dele
961 2675 1103 2721 ancilla,
1129 2687 1229 2726 quae
1249 2687 1397 2727 poterat
1419 2689 1442 2715 e

783 2732 913 2772 vestitu
939 2729 1129 2786 cognosci.
1186 2735 1224 2771 Β.
