1815 3168
357 174 519 207 LXVIII
619 154 894 204 VICTOR
928 157 1018 203 DE
1057 156 1464 204 COMOEDIA.

364 292 490 333 genus
511 277 781 319 oblefflamenti
802 277 999 317 relaxandi
1019 277 1139 316 animi
1161 277 1284 329 gratia
1307 286 1507 328 receptum
1528 275 1595 315 est.
1650 278 1733 316 De?-

362 335 457 376 inde
478 332 593 387 spatio
616 348 758 373 nouom
779 348 968 373 annorum
989 332 1210 378 interiec'lm
1239 334 1286 374 C.
1305 334 1475 374 Naeuius
1495 332 1580 370 data
1592 331 1732 372 Fabula

361 390 558 442 spect-andi
580 392 731 439 copiam
751 390 854 428 fecit.
914 388 999 429 Post
1024 400 1115 426 eum
1135 388 1303 436 Plautus,
1334 402 1436 428 anno
1466 387 1549 427 fere
1579 387 1732 427 decimo

364 449 526 499 quinto:
568 445 731 485 subinde
759 443 923 484 seriatim
953 445 1004 494 Q.
1033 443 1202 489 Ennius,
1233 443 1425 484 Caecilius
1455 453 1495 482 et
1523 443 1733 484 Terentius

363 504 551 543 floruere:
584 502 713 554 postea
742 514 823 539 non
858 500 980 538 multo
1012 499 1220 546 Pacuuius,
1256 500 1325 548 qui
1353 499 1430 539 iam
1459 497 1578 539 senex
1606 500 1730 539 Accio

365 559 479 600 cessit.
540 558 736 598 Postremo
765 556 930 595 Lucilius
957 553 1055 602 suit,
1095 554 1163 605 qui
1191 552 1367 593 medium
1404 555 1500 594 illud
1528 567 1734 609 argumen-

367 626 473 663 tum,
514 613 706 653 lacerandi
736 609 878 651 scilicet
903 611 1066 649 aliorum
1104 619 1303 661 poemata,
1342 608 1562 650 senabatur.
1618 613 1734 650 Hunc

367 673 478 711 enim
497 671 646 710 Gellius
665 670 708 708 in
726 669 909 716 Accium,
941 676 980 704 et
997 666 1207 705 Pacuuium
1227 678 1369 718 magna
1385 667 1503 706 laude
1523 667 1648 706 stilum
1668 679 1734 705 ex-

368 723 532 768 ercuifi'e
554 725 720 764 testatur.
758 723 919 763 Fabulas
936 722 1054 774 igitur
1071 720 1130 759 isti
1150 720 1199 761 de
1208 723 1355 761 Graeco
1375 722 1510 773 petitas
1530 735 1737 775 argumen-

369 794 429 829 t0,
462 783 603 822 Latinis
632 778 767 820 salibus
795 777 955 818 condire
985 776 1221 817 statuerunt:
1252 777 1582 829 quemadmodum
1601 779 1641 817 in
1659 781 1736 818 Te·

369 839 508 885 rentii,
542 839 602 877 vel
631 836 778 883 Plauti,
817 847 917 886 quae
944 831 1284 882 circumferunttu·‚
1322 833 1475 875 Fabulis
1504 833 1558 873 est
1584 834 1738 873 videre:

369 897 606 945 Nouamque
623 894 778 944 penitus
798 889 1055 931 Comoediam
1074 886 1161 928 sunt
1178 890 1330 937 imitati,
1352 890 1500 929 nullam
1519 889 1737 931 Chorimo·

370 950 552 990 dulantes
581 949 849 990 Cantilenam:
881 945 946 985 sed
973 946 1090 985 Anus
1117 947 1178 997 (vt
1213 946 1265 984 ait
1292 945 1526 998 Porphyrio)
1556 945 1737 985 tibiarum

371 1016 568 1045 concentu
591 1005 829 1043 dirimentes
886 1001 966 1043 Vbi
993 1013 1136 1052 operae
1161 1002 1328 1054 pretium
1349 1001 1404 1041 est
1429 1002 1739 1041 animaduertere

370 1063 485 1102 tibias
508 1060 629 1102 Chori
660 1061 938 1112 proprietatem
966 1057 1162 1097 aemulari.
1219 1060 1317 1097 Nam
1339 1060 1399 1108 (vt
1427 1058 1556 1097 auftor
1585 1057 1639 1097 est
1655 1059 1740 1097 Do-

370 1120 504 1168 natus)
531 1129 629 1169 quae
647 1116 815 1156 Fabulae
834 1127 974 1168 graues
996 1112 1232 1153 haberentur
1248 1124 1287 1152 et
1306 1111 1482 1161 seuerae,
1512 1113 1616 1153 tibiis
1646 1112 1740 1152 dex.

371 1174 441 1212 tris
461 1174 523 1225 agi
544 1170 855 1212 consueuerunt:
885 1183 986 1222 quae
1011 1183 1101 1209 vero
1126 1170 1220 1209 iocis
1249 1179 1288 1208 et
1308 1168 1479 1208 vrbanae
1501 1168 1608 1208 dictis
1630 1170 1741 1208 vndi-

372 1243 452 1281 que
474 1228 681 1274 scaterent,
710 1229 899 1266 continuo
918 1225 1082 1266 finistriS.
1139 1225 1277 1265 Pollux
1296 1226 1403 1263 enim
1422 1225 1739 1276 auctor-estquin-

371 1299 452 1338 que
474 1286 565 1323 olim
587 1286 625 1323 in
647 1287 772 1325 Scena
791 1285 923 1322 ianuas
942 1277 1128 1324 extitisse;
1161 1293 1326 1332 quarum
1343 1279 1470 1319 media
1484 1281 1587 1318 illius
1610 1281 1741 1319 omni-

371 1355 427 1381 no
446 1341 683 1380 domicilium
704 1337 813 1385 esset,
845 1339 914 1390 qui
931 1338 1073 1389 primas
1089 1337 1131 1373 in
1151 1335 1298 1375 Fabula
1323 1345 1450 1386 partes
1475 1334 1656 1374 haberet:
1687 1334 1742 1373 al-

373 1407 480 1445 tera,
512 1397 645 1435 dextra
663 1394 826 1440 scilicet,
843 1393 945 1431 huic
965 1392 1158 1444 Proxima,
1192 1392 1295 1429 illius
1323 1387 1399 1429 effe
1428 1388 1647 1438 consueuit,
1676 1387 1740 1429 cui

373 1448 938 1503 paneada-entur·secundae:
968 1448 1102 1493 tertia,
1131 1445 1293 1494 sinistra,
1325 1447 1384 1485 vel
1407 1447 1576 1485 maxime
1597 1447 1740 1492 tenuis,

373 1518 443 1547 aut
461 1508 601 1547 nullius
623 1517 705 1546 erat
722 1504 930 1558 personae,
960 1504 1024 1543 vel
1041 1500 1254 1542 desolatum
1277 1501 1437 1552 aliquod
1464 1502 1664 1542 simulabat
1689 1499 1743 1541 sa-

374 1564 528 1603 cellum.
591 1567 642 1602 At
671 1563 903 1612 reliquarum
932 1559 1064 1598 dextra
1091 1571 1159 1597 eos
1179 1559 1356 1598 emittere
1373 1555 1537 1605 solebat,
1567 1559 1741 1609 quinon

374 1620 427 1660 ab
445 1620 550 1667 vrbe,
571 1617 635 1658 sed
655 1618 813 1657 abunde
833 1613 1181 1668 proficiscerentur:
1211 1613 1353 1652 finistra
1371 1627 1461 1654 vero
1473 1625 1616 1660 contra,
1629 1625 1743 1665 quot·

373 1686 474 1728 quot
492 1677 684 1723 venirent,
715 1673 880 1727 vrbanos
906 1670 1150 1722 producebat.
1206 1669 1269 1710 Ab
1289 1669 1359 1708 hac
1380 1672 1439 1720 (vt
1460 1670 1635 1722 arbitror)
1658 1670 1742 1709 eius

374 1731 549 1772 Fabulae
570 1730 710 1769 chorus
732 1727 886 1782 prodire
908 1724 1132 1774 consueuit,
1161 1737 1263 1776 quae
1286 1722 1423 1764 salibus
1441 1754 1450 1771 ,
1480 1723 1653 1776 iocisque
1682 1739 1743 1765 re-

377 1786 482 1830 ferta
515 1784 591 1826 esse
618 1785 823 1831 videretur.
883 1784 1068 1834 Quippe,
1099 1781 1206 1833 quod
1233 1781 1358 1821 facete
1385 1782 1547 1829 dicitur,
1575 1779 1741 1820 solemus

376 1843 570 1886 vrbanum
590 1843 795 1894 appellare
862 1842 1010 1879 Verum
1026 1837 1073 1877 ab
1092 1838 1232 1886 altera,
1261 1836 1288 1875 fi
1315 1837 1469 1876 rusticos
1495 1836 1635 1877 Fabula
1652 1851 1744 1877 con-

375 1900 548 1949 tineret,
578 1898 742 1950 quadam
762 1895 918 1944 seuera,
953 1896 1141 1948 grauique
1160 1892 1400 1945 fimplicitate
1427 1892 1566 1933 chorus
1588 1895 1742 1933 emitte-

377 1955 502 1994 batur.
560 1955 718 1995 Etenim
740 1966 808 1992 eos
828 1951 1062 2004 potiffimum
1081 1948 1238 1989 rusticos
1266 1962 1445 1988 vocamus
1461 1981 1470 1998 ,
1502 1951 1567 2002 qui
1589 1947 1742 2001 semper

379 2011 549 2051 obduao
569 2008 770 2062 supercilio
788 2007 945 2048 facetias
964 2003 1199 2046 auersantur.
1258 2005 1373 2046 Vnde
1391 2006 1615 2046 Palamedes
1635 2005 1742 2057 apud

377 2066 651 2109 Philostratum
668 2066 715 2105 ab
735 2064 892 2105 Achille
912 2063 1053 2102 dicitur
1069 2059 1297 2109 ἂγςικῶτερος,
1317 2063 1505 2113 quoniam
1521 2073 1563 2102 Vt
1574 2072 1656 2101 erat
1674 2075 1742 2102 vn-

379 2123 506 2176 dique
527 2120 692 2170 seuerus,
717 2123 761 2160 in
783 2120 929 2160 deliciis
950 2120 1065 2160 etiam
1086 2117 1185 2157 nihil
1205 2117 1379 2158 haberet.

491 2182 718 2222 Caeterum,
750 2178 843 2216 licet
859 2178 981 2215 multa
997 2173 1070 2213 fint
1090 2186 1237 2228 genera
1252 2174 1474 2224 Tibiarum‚
1505 2184 1635 2214 tamen
1661 2171 1742 2213 duo

379 2236 547 2277 Scenam
576 2234 807 2285 potiffimum
836 2229 1156 2283 frequentabant,
1194 2231 1375 2271 videlicet
1403 2230 1615 2284 Phrygiae:
1647 2243 1744 2281 qua-

382 2305 472 2331 rum
503 2290 719 2330 nonnullae
749 2288 869 2329 modo
902 2289 1078 2334 dextrae,
1120 2285 1239 2326 modo
1275 2286 1443 2326 sinistrae
1476 2284 1742 2338 ponebantur.

381 2352 570 2394 Dextrae,
595 2359 694 2398 quae
712 2345 890 2386 foramen
909 2345 1066 2384 vnicum
1084 2341 1295 2384 haberent:
1326 2342 1503 2392 finistiae,
1529 2354 1630 2393 quae
1648 2341 1745 2380 duo-

382 2403 459 2444 bus
479 2400 602 2441 essent
625 2401 879 2442 foraminibus
909 2399 1114 2440 distinctae.
1169 2399 1332 2450 Quippe
1353 2399 1508 2438 Seruius
1525 2401 1745 2438 Varronem

382 2458 557 2506 secutus,
588 2458 682 2498 duas
700 2459 865 2510 impares
886 2468 1069 2501 cauernas
1088 2453 1354 2494 huiuscemodi
1373 2453 1474 2493 tibiis
1501 2451 1612 2492 fuisse
1638 2453 1747 2492 testa-

385 2524 468 2562 tur,
499 2528 539 2553 ac
554 2512 744 2554 foramina
759 2513 935 2553 totidem.
992 2510 1108 2551 Vnde
1118 2511 1304 2564 Virgilius
1325 2523 1456 2550 earum
1475 2509 1638 2549 biforem
1656 2523 1746 2548 can-

384 2582 473 2610 tum
492 2571 681 2621 appellat,
717 2579 925 2622 propterea
944 2566 1050 2620 quod
1068 2580 1208 2620 graues
1229 2577 1268 2606 et
1287 2577 1411 2606 acutas
1431 2567 1654 2605 emitterent
1672 2578 1744 2617 pro

382 2627 554 2671 tibicinis
573 2626 731 2670 arbitrio
751 2625 1027 2670 voculationeS.
1083 2623 1244 2667 Alter-ae
1268 2621 1355 2666 sunt
1374 2623 1576 2674 Serranae,
1606 2621 1653 2660 fic
1673 2624 1747 2673 (ar-

1600 2677 1745 2731 bitror)
