1815 3168
678 171 972 215 ANDRIA.

1414 188 1502 234 125

275 301 476 347 Amauit:
515 308 612 345 turn
643 297 689 343 id
721 298 853 344 clam:
908 297 1044 350 cauit,
1085 313 1141 343 ne
1168 314 1359 362 vnquam
1394 301 1506 347 infa-

374 376 485 420 miae

278 452 340 494 Ea
362 465 430 494 res
454 446 529 494 fibi
554 445 667 502 esset,
697 459 742 495 vt
766 450 909 494 virum
929 448 1089 494 sortem
1111 449 1255 495 decet:

197 541 251 586 15
280 528 416 570 Nunc
435 540 566 569 vxore
591 541 701 588 opus
716 523 795 569 est:

837 525 1031 568 animuin
1052 524 1104 569 ad
1125 541 1302 571 onrem
1321 526 1505 590 appulit.

277 596 307 643 S
322 612 354 644 1.
398 596 616 645 Subtristis
640 598 750 645 visus
779 596 837 644 est
860 594 942 643 effe
965 599 1282 661 aliquantulum
1301 601 1428 646 mihi.

276 671 425 720 DAv.
469 674 597 719 Nihil
633 684 817 739 propter
851 673 964 720 hanc
997 688 1115 721 rem:
1156 673 1227 720 sed
1258 674 1342 735 est,
1384 676 1506 739 quod

374 749 585 795 iiiecenset
615 749 709 795 tibi.

204 998 250 1038 13
279 985 370 1025 'I'um
389 985 429 1026 id
439 984 547 1040 clam]
578 985 799 1036 Beneclasn,

146 1043 236 1093 quia
283 1056 385 1081 nunc
433 1041 579 1093 liquido
629 1053 798 1094 apparet,

145 1098 383 1149 Pamphilum
394 1099 641 1145 voluntatem,
657 1113 753 1151 prop
760 1112 798 1136 o-

145 1153 337 1206 fitumque
363 1152 530 1194 mutasse.
591 1156 724 1204 cauit,
756 1169 799 1194 ne

144 1222 304 1261 vnquam
332 1212 503 1261 irfizmiae
522 1224 561 1248 ea
580 1225 635 1250 res
652 1212 727 1262 fibi
752 1211 799 1261 effi

133 1264 218 1318 fit]
256 1266 362 1305 Mire
386 1267 502 1305 vtitur
536 1263 798 1307 senis-verbis.

145 1319 232 1371 lpse
257 1322 364 1360 enirn
389 1321 553 1369 dixerat,
581 1322 684 1361 Dum
711 1337 800 1362 tem-

143 1386 212 1429 pus
234 1377 282 1415 ad
299 1390 375 1414 cam
392 1391 469 1416 rem
487 1376 584 1424 tulit,
607 1377 696 1429 Jini,
721 1381 798 1417 ani·

146 1444 245 1470 mum
274 1445 315 1470 vt
334 1432 625 1483 expleretsuum.
688 1436 800 1484 (Ver-

147 1487 196 1526 ba
228 1490 332 1528 Mire
361 1490 485 1527 vtitztr
508 1486 615 1541 finis
636 1499 705 1527 etc.
742 1490 801 1527 in-

148 1540 238 1582 scite
263 1556 311 1582 ex
339 1541 443 1582 versu
467 1555 528 1584 12.
552 1544 615 1582 hic
635 1542 719 1584 sunt
746 1558 802 1585 re-

148 1601 298 1652 petita).
355 1603 409 1640 D.

207 1668 255 1708 15
299 1655 410 1693 Nunc
446 1668 563 1694 vxore
598 1666 688 1706 opus·
734 1655 799 1709 est]

147 1709 265 1760 Quafi
276 1710 526 1749 denunciatio
546 1709 600 1749 est
610 1711 800 1761 quaedam

146 1766 372 1805 neceffitatis
384 1764 463 1804 seni
474 1765 682 1817 impositae.
714 1769 800 1806 Ani-

108 1862 111 1863 ?
146 1835 242 1860 mum
277 1821 326 1859 ad
359 1833 511 1860 vxorem
538 1822 702 1876 appulit]
754 1826 800 1862 Et

145 1875 251 1916 bene
274 1878 424 1929 appulit,
445 1876 544 1928 quasi
564 1878 611 1916 ab
632 1878 800 1916 iaeiatio-

146 1945 200 1971 ne
219 1932 398 1972 flueruum
409 1964 418 1982 ,
449 1944 489 1972 et
504 1934 642 1972 marini
664 1934 797 1973 aestus.

145 1987 213 2027 has
230 2038 231 2041 Ἴ
249 1989 355 2027 enim
395 1988 636 2040 tempestates
683 1989 800 2029 habet

146 2057 262 2083 amor.
306 2047 356 2085 Et
374 2043 422 2083 fic
443 2044 549 2090 dixit,
566 2047 627 2084 Ad
643 2059 797 2085 vxorem

146 2103 304 2139 animum
325 2102 477 2152 appulit,
505 2111 544 2139 vt
560 2099 681 2153 supra,
709 2105 799 2141 Am'-

148 2168 244 2195 mum
261 2157 310 2194 ad
318 2155 555 2206 firibendum
574 2159 721 2210 appulit.
748 2161 797 2198 D.

209 2215 257 2254 16
288 2211 476 2263 Subtristis
494 2212 594 2262 visits
613 2214 675 2268 est]
707 2212 793 2261 Sub,

150 2277 496 2319 temperamentum
551 2267 606 2309 est
658 2270 800 2321 plenae

149 2324 500 2373 pronunciationis:
533 2335 581 2374 vt,
594 2325 798 2377 subtristis,

133 2378 319 2429 ficbridet‚
348 2394 428 2419 non
446 2381 494 2421 ad
511 2381 670 2431 plenum
691 2381 800 2421 tristis

146 2445 212 2473 aut
230 2435 351 2475 ridet:
384 2447 422 2475 vt
439 2436 715 2477 confeffionem
736 2438 800 2477 eli-

146 2502 260 2531 ceret.
314 2490 504 2543 Subtrtstis
530 2493 629 2543 vifics
665 2493 712 2545 cst
736 2495 800 2532 ali·

145 2546 355 2597 quantulum
384 2549 490 2601 mihi]
541 2550 644 2589 Mire
675 2548 797 2589 serua-

146 2610 228 2643 tum
255 2601 308 2642 est
335 2604 377 2642 in
402 2601 645 2648 adolescente
673 2605 797 2647 libero

1375 830 1503 875 —S1.

847 983 890 1024 τδ
917 993 1046 1036 πρέπεν,
1073 987 1174 1026 etin
1195 996 1366 1026 amatore
1391 985 1432 1025 τδ
1458 1004 1507 1024 m-

850 1043 954 1082 θανὲν.
1011 1046 1113 1083 Nam
1133 1054 1170 1082 et
1188 1042 1352 1081 honesto
1372 1043 1507 1083 iuueni

849 1112 930 1138 non
955 1099 1194 1152 congruebat
1214 1099 1416 1151 versipellis
1427 1100 1508 1138 vul-

848 1166 928 1194 tus:
959 1166 998 1195 et
1032 1158 1072 1195 in
1103 1166 1275 1194 amatore
1303 1153 1507 1195 absurdum

845 1210 988 1261 fuerat,
1017 1213 1222 1265 ingenium
1250 1211 1374 1251 celare
1398 1211 1509 1250 tristi—

849 1268 950 1307 tiam.
977 1272 1068 1319 (Pro
1091 1270 1274 1322 ingenium
1285 1268 1349 1306 alii
1360 1266 1509 1306 habent

849 1324 1056 1378 ingenuum.
1112 1329 1220 1376 Lege
1257 1324 1318 1363 vel
1353 1325 1507 1378 ingenu-

849 1392 917 1426 am,
949 1380 1011 1418 vel
1031 1381 1072 1419 in
1091 1393 1257 1418 amatore
1272 1381 1432 1434 ingenuo
1443 1377 1510 1420 ab·

838 1433 1144 1487 fitrdumfuerat‚
1160 1432 1274 1474 celare
1284 1435 1506 1489 trssitiant).

848 1492 982 1540 Itaque
1015 1503 1089 1540 nee
1131 1489 1179 1529 ad
1209 1492 1372 1542 plenum
1399 1491 1510 1530 tristis

850 1544 931 1595 fuit,
958 1546 1049 1597 quia
1070 1546 1166 1585 dixit
1183 1546 1331 1586 celanda
1349 1560 1405 1586 res
1425 1560 1509 1586 erat

850 1607 939 1652 (pro
968 1604 1116 1641 celanda
1144 1600 1212 1642 ΜΓ.
1232 1601 1354 1643 Hulst.
1384 1614 1423 1642 et
1444 1602 1508 1641 ed.

849 1659 990 1696 Venet-
1024 1669 1139 1710 1490.
1180 1657 1298 1696 habet
1327 1659 1512 1699 occultun-

849 1712 909 1752 dct.
961 1714 1124 1763 Vtrumq
1132 1725 1181 1752 ue
1201 1714 1354 1753 videtur
1372 1727 1396 1754 e
1412 1727 1509 1753 mar-

849 1768 947 1820 gine
974 1767 1170 1819 irrepfifl'e.
1229 1768 1347 1810 Haud
1390 1768 1510 1808 dubie

846 1825 1024 1864 Donatus
1059 1821 1228 1876 scripsit:
1268 1827 1359 1878 quia
1390 1826 1504 1874 dixit,

849 1880 1237 1932 s'v31·R1sT1s):
1269 1893 1343 1919 nec
1377 1881 1515 1933 gaudi-.

849 1948 915 1974 um
937 1933 1079 1982 fuerat,
1109 1936 1198 1987 quia
1229 1937 1437 1990 ingenium
1468 1947 1507 1976 et

849 1991 990 2029 amoris
1022 1993 1219 2032 necessitas
1250 1994 1292 2032 in
1321 1992 1510 2033 tristitiam

847 2045 1076 2086 retrahebat.
1133 2050 1184 2090 D,

903 2106 976 2142 Pro
990 2103 1269 2155 aliquantulum,
1291 2113 1327 2142 vt
1338 2103 1508 2143 trochae-

848 2171 893 2197 us
931 2159 1116 2208 enitetur,
1167 2161 1258 2212 lego
1297 2160 1510 2213 aliquantil-

847 2215 933 2255 lum.
988 2218 1027 2256 B.

905 2282 957 2323 17
985 2270 1059 2309 Sed
1076 2270 1132 2320 est,
1152 2271 1247 2323 quod
1268 2269 1342 2309 tibi
1357 2271 1510 2321 succen-

840 2326 944 2380 seat]
986 2326 1105 2377 Quod
1137 2326 1203 2365 ille
1231 2339 1252 2364 a
1278 2323 1426 2367 summo
1459 2327 1507 2366 ad

849 2384 971 2422 imum
1012 2379 1190 2433 opposuit
1225 2382 1342 2434 (lege
1374 2395 1509 2436 propo-

837 2438 960 2490 suit),
981 2437 1043 2476 hic
1062 2434 1195 2477 causae
1223 2436 1508 2481 deriuationem

850 2491 1038 2546 opposuit.
1095 2492 1434 2547 Quodsitccenfi’at
1462 2498 1509 2537 ti-

850 2549 905 2604 bi]
959 2550 1193 2600 Succensere‚
1239 2551 1397 2601 potioris
1443 2550 1507 2590 est.

848 2605 1020 2659 (Verba,
1036 2605 1247 2659 succerfire
1265 2608 1428 2661 potioris
1446 2606 1504 2660 est,

1462 2662 1510 2703 ab
