1815 3168
314 115 381 173 76

725 111 880 158 ACT.
909 112 943 157 1.
984 110 1177 157 SCEN.
1210 111 1268 156 V.

450 244 576 295 Quae
598 256 699 286 meo
720 253 893 302 cunque
917 240 1063 284 animo
1087 228 1349 288 lubitum’st,
1380 236 1545 283 facere:
1589 232 1675 285 ein'

549 332 633 376 ego
657 326 703 362 vt
726 313 956 359 aduorscr'?
996 312 1069 357 hei
1091 313 1225 364 mihi!

446 383 735 440 Incertum’st,
767 387 872 450 quid
894 402 1033 447 agam.
1081 385 1194 433 MY.
1232 387 1383 435 misera
1405 389 1563 441 timeo,
1592 388 1678 435 hoc

546 467 762 513 incertum
783 462 990 526 quorsum
1012 460 1189 508 accidat.

312 737 462 780 cusabat
483 750 585 778 eum.
641 735 719 778 Sed
739 747 884 778 amator
902 734 969 776 est.

312 797 407 836 Eine
425 795 508 849 ego]
549 798 771 834 Pronomen
801 793 875 832 hoc
893 794 971 832 vim

313 853 503 905 qualitatis
533 849 648 891 habet
676 861 715 889 et
733 849 797 899 est,
816 854 882 890 An
893 849 970 898 tali,

313 919 391 948 tam
413 907 547 947 bono?
602 909 649 948 D.

368 963 460 1003 Leni
482 961 604 1016 paffus
633 961 699 1016 est]
732 964 780 1002 V.
811 961 856 1002 C.
888 959 972 1001 libe-

311 1020 397 1060 rali.
453 1022 494 1060 L.

365 1079 427 1116 Ne
471 1085 592 1113 totum
628 1072 723 1112 illud
767 1074 890 1114 animo
926 1073 968 1112 in

312 1129 444 1177 Thefi,
465 1131 583 1182 plane
601 1140 733 1168 contra
751 1140 883 1177 artem,
918 1130 969 1168 la-

310 1199 410 1235 teat3
440 1185 604 1226 transfer
614 1185 659 1237 est
671 1185 895 1236 postaninm.
925 1188 968 1228 B.

370 1307 431 1348 28
494 1300 622 1351 Egone
669 1310 713 1336 vt
763 1295 968 1349 aduofir]

310 1355 479 1396 Videtur
509 1349 734 1397 inclinafi'e,
771 1363 811 1391 vt
839 1351 971 1391 secun-

311 1411 423 1450 dum,
440 1410 556 1462 patris
590 1408 764 1448 animum
800 1406 973 1448 confistat

310 1470 497 1521 (vterque
517 1463 602 1503 cod.
634 1461 872 1515 corfisteret):
905 1460 972 1503 sed

311 1534 445 1564 amore
479 1521 528 1561 ad
567 1521 715 1560 incerta
739 1521 880 1561 iterum
908 1519 976 1560 de-

312 1579 494 1618 uoluitur.
551 1581 602 1620 D.

371 1634 463 1673 Eine
509 1647 598 1688 ergo
639 1631 811 1682 aduezsfi‘r
844 1629 972 1684 mzfir]

312 1691 395 1732 Sed
414 1690 586 1729 uoniam
602 1687 737 1728 electio
750 1685 897 1726 consilii
907 1684 973 1732 est,

311 1758 356 1786 vt
373 1746 447 1786 hoc
456 1744 586 1785 facere
599 1744 700 1784 velle
716 1743 896 1790 videatur,
911 1754 973 1780 ve-

312 1817 400 1843 rum
437 1801 641 1840 obfistente
685 1813 817 1839 amore
849 1794 972 1837 rursus

311 1858 363 1899 ad
391 1859 578 1897 incertam
603 1853 832 1896 sententiam
854 1854 994 1905 ‚deuo-y

311 1916 416 1955 lutus
439 1913 503 1954 est.
552 1913 734 1952 Incertum
751 1910 807 1962 est,
828 1910 969 1961 inquit,

312 1967 407 2024 quid
431 1967 559 2025 agam]
589 1968 750 2020 Optimo
777 1968 863 2006 loco
883 1968 969 2018 My·

310 2027 358 2067 :lis
378 2023 454 2065 sese
481 2025 717 2076 interponit,
751 2035 789 2063 vt
804 2024 846 2062 in
864 2032 971 2074 parte

312 2083 445 2133 aliqua
466 2078 688 2120 adolescens
715 2081 777 2119 vel
796 2075 972 2130 praesen-

311 2140 366 2178 tia
396 2136 575 2190 Myfidis‚
610 2136 672 2175 vel
699 2141 974 2175 commemora-

312 2195 425 2234 tione
458 2193 629 2246 Glycerii
668 2191 778 2245 possit
812 2190 967 2229 inuerti.

312 2250 497 2300 Denique
516 2245 731 2296 intercedit,
761 2257 799 2286 et
819 2257 858 2286 vt
878 2246 973 2285 vtili-

312 2316 372 2345 tei·
392 2305 499 2344 tristis
521 2318 608 2343 eum
622 2305 888 2356 interrogaret,
909 2314 973 2341 ex-

310 2363 430 2415 ponit
450 2361 677 2413 Glycerium
706 2360 862 2412 aegram
882 2353 971 2406 esse,

312 2417 460 2457 duabus
483 2416 532 2457 de
549 2416 683 2461 caufis3
710 2425 759 2455 ex
780 2414 913 2453 dolore
934 2424 972 2452 et

311 2471 584 2514 sollicitudine.
633 2471 709 2512 Hic
728 2469 837 2525 dolor
852 2485 873 2508 a
890 2483 971 2522 par-

313 2541 354 2570 tu
372 2528 549 2582 ponitur:
579 2526 651 2567 hoc
670 2528 777 2568 enim
797 2526 900 2574 dixit,
920 2526 969 2564 la-

313 2586 423 2627 borat
453 2598 502 2625 ex
529 2583 678 2626 dolore.
733 2582 906 2629 Maxima
930 2595 968 2623 e«

1491 609 1554 656 30
1591 593 1677 641 Sed

1019 736 1102 777 nim
1135 734 1369 777 adolescenti
1398 735 1561 777 efficitur
1588 750 1677 776 con-

1021 794 1172 843 citatio,
1200 792 1226 832 fi
1257 791 1296 833 se
1322 804 1479 845 propter
1504 805 1677 831 amorem

1021 850 1211 903 intelligat
1246 850 1338 901 pati.
1392 847 1550 891 Deinde
1578 848 1680 887 adie-

1020 904 1387 952 citsollicitudinem,
1410 905 1512 944 cuius
1533 900 1678 942 causam

1021 963 1152 1014 ponit,
1183 960 1289 1012 quod
1329 962 1420 1000 olim
1455 958 1679 998 constitutae

1018 1015 1103 1056 sunt
1121 1018 1289 1068 nuptiae,
1315 1027 1352 1057 et
1364 1027 1550 1063 vereatur,
1566 1028 1619 1054 ne
1634 1015 1680 1053 il-

1018 1075 1095 1113 lam
1130 1070 1276 1112 deserat
1310 1071 1541 1125 Pamphilus,
1602 1071 1677 1110 His

1019 1129 1131 1168 rebus
1150 1127 1320 1181 perfe‘Cta
1341 1126 1526 1181 persuasio
1551 1126 1615 1175 est,
1640 1136 1678 1165 vt

1019 1186 1140 1225 amori
1160 1181 1382 1223 adolescens
1407 1184 1532 1236 potius
1565 1181 1678 1222 debe-

1018 1251 1056 1280 at
1079 1240 1362 1292 obtemperare.
1393 1240 1580 1290 Denique
1591 1251 1678 1277 con-

1020 1298 1151 1335 citatus
1163 1297 1238 1334 iam
1261 1309 1376 1334 vnam
1393 1295 1516 1348 elegit
1530 1305 1678 1345 partem

1021 1361 1061 1391 et
1098 1352 1299 1403 proponit:
1346 1351 1469 1405 Egone
1496 1350 1584 1401 zstuc
1620 1362 1679 1387 co·

1021 1411 1107 1447 nari
1152 1406 1335 1461 queam?]
1388 1407 1460 1446 Hic
1507 1405 1679 1444 rationes

1023 1473 1168 1512 narrat,
1201 1461 1342 1514 quibus
1376 1475 1456 1501 non
1485 1460 1527 1501 fit
1555 1460 1679 1500 ven'fi-

1022 1520 1135 1568 mile,
1167 1517 1273 1571 quod
1300 1518 1459 1557 amicam
1484 1516 1526 1556 fit
1552 1514 1679 1556 deser-

1023 1586 1139 1614 turus.
1186 1575 1368 1622 Primum,
1388 1587 1440 1613 ne
1461 1574 1524 1611 illa
1542 1570 1678 1611 misera

1022 1630 1246 1682 decipiatur,
1267 1642 1367 1681 quae
1388 1643 1544 1669 omnem
1563 1630 1678 1668 vitam

1023 1687 1060 1726 ei
1085 1685 1267 1734 credidit,
1301 1698 1415 1736 quam
1441 1684 1508 1724 ille
1534 1685 1679 1724 dilexe-

1022 1743 1081 1792 rit,
1110 1754 1147 1783 et
1167 1755 1237 1794 pro
1257 1753 1375 1780 vxore
1392 1738 1541 1793 semper
1558 1739 1679 1779 habu-

1022 1799 1106 1838 erit.
1135 1795 1211 1836 hoc
1238 1795 1285 1836 ab
1312 1795 1394 1836 vtili
1425 1794 1490 1836 est.
1543 1797 1679 1848 Sequi-

1020 1865 1081 1894 tur
1101 1853 1148 1893 ab
1175 1852 1363 1899 honesto;
1396 1853 1580 1904 quoniam
1609 1866 1679 1904 pu-

1020 1911 1106 1950 dice
1132 1910 1214 1949 eius
1243 1908 1397 1956 dotium
1425 1919 1465 1948 et
1495 1908 1677 1948 eductum

1018 1966 1226 2020 ingenium
1256 1978 1340 2004 non
1367 1963 1486 2004 debet
1519 1964 1677 2004 neceffi-

1015 2032 1092 2062 tate
1111 2021 1313 2061 immmari.
1365 2022 1465 2060 Huic
1484 2021 1542 2059 rei
1560 2032 1678 2071 quae·

1020 2078 1090 2118 stio
1111 2079 1342 2130 opponitur,
1375 2090 1426 2116 an
1443 2076 1519 2115 hoc
1545 2075 1676 2116 facere

1021 2134 1131 2187 poffit
1152 2130 1381 2184 adolescens,
1403 2146 1488 2171 cum
1507 2132 1549 2171 in
1558 2132 1675 2184 patris

1019 2190 1063 2231 fit
1081 2189 1220 2243 pofitus
1238 2187 1434 2242 potestate.
1487 2190 1530 2228 E.

1073 2314 1128 2355 29
1174 2299 1362 2357 ‚Qumfizm
1387 2298 1548 2355 accidat]
1609 2298 1675 2339 Ad

1022 2369 1137 2412 quam
1157 2371 1250 2402 rem,
1269 2370 1346 2407 quo
1366 2351 1505 2394 versus.
1560 2358 1597 2397 D
1717 2398 1719 2402 ‚

1076 2416 1224 2452 Omnes
1244 2411 1323 2451 mei
1346 2422 1384 2452 et
1402 2412 1541 2450 Faerni
1563 2409 1674 2450 codd.
1724 2413 1727 2417 “

1019 2468 1166 2519 habent
1175 2470 1354 2507 incertum
1365 2467 1441 2506 hoc*
1455 2468 1566 2507 recle.
1587 2469 1675 2508 De-

1019 2522 1300 2578 inde‘quorfum
1316 2534 1423 2564 muta
1449 2525 1489 2565 iu
1507 2521 1673 2578 quorfits,

1018 2580 1132 2625 metri
1155 2580 1289 2635 gratia.
1339 2581 1382 2623 Β.
