1815 3168
260 189 353 244 258
646 169 1215 221 ARGVMENTVM.

259 304 379 344 habet
394 332 402 348 ,
433 311 473 339 vt
493 296 678 350 nusquam
696 296 798 335 dicas
818 293 1063 348 longitudine
1082 291 1210 342 operis
1225 290 1451 330 Terentium
1473 283 1631 327 delafl‘a·

264 372 346 400 tum
373 353 601 396 dormitafl'e.
655 354 772 395 Aous
806 349 894 390 sane
928 348 1202 400 implicatior-es
1228 343 1312 384 sunt
1341 346 1382 384 in
1409 359 1475 390 ea,
1508 342 1630 393 etqui

265 430 348 456 non
377 412 488 453 facile
514 426 536 450 a
553 424 688 463 parum
717 408 838 447 doffis
858 404 1041 458 distingui
1066 402 1227 455 possint:
1256 400 1347 440 ideo
1366 402 1453 453 quia
1469 397 1633 439 tenendi

267 470 485 524 spectatoris
513 464 621 507 causa
648 467 728 504 vult
746 467 864 503 Poeta
891 461 1017 500 noster
1047 471 1184 498 omnes
1203 458 1376 509 quinque
1396 458 1498 495 astus
1527 455 1636 493 velut

269 540 387 567 vnum
412 524 515 572 fieri,
543 535 596 562 ne
623 519 781 573 respiret
813 515 1121 570 quodammodo:
1149 525 1268 565 atque
1295 512 1468 552 distincta
1494 509 1635 549 alicubi

270 582 566 623 continuatione
595 575 879 617 succedentium
905 586 1053 619 rerum,
1082 581 1172 616 ante
1203 570 1334 608 aulaea
1362 567 1506 607 sublata
1539 565 1635 605 sasti-

270 635 395 679 diosus
415 635 597 689 speciator
616 631 803 685 exsurgat.
859 633 953 670 A'cia
982 629 1100 680 plane
1130 625 1182 665 est
1200 625 1314 665 Ludis
1337 621 1635 676 Megalensibus,

270 700 312 739 L.
330 691 558 739 Posthumio,
582 694 616 730 L.
636 689 826 731 Cornelio
850 685 1053 726 Aedilibus
1069 681 1282 722 curulibus:
1310 681 1427 720 etiarn
1448 689 1538 717 tunc
1556 691 1640 728 per-

273 750 412 792 sonatiS
444 754 479 790 L.
508 745 691 787 Numidia
721 743 962 790 Posthumio‚
993 743 1032 780 L.
1060 738 1246 779 Ambiaiio
1279 737 1505 787 Turpione:
1546 735 1640 772 item

272 806 502 848 modulante
523 803 657 844 Flacco
675 799 840 841 Claudio
861 798 965 837 tibiis
986 796 1120 835 dextra
1150 805 1188 833 et
1207 791 1350 831 {inisti-a
1371 791 1419 830 ob
1442 790 1636 836 iocularia,

273 863 396 904 multa
417 859 606 912 per-mlxta
627 857 820 910 grauitate.
876 857 923 894 Et
941 852 1022 892 acta
1043 850 1098 890 est
1116 860 1223 889 tanto
1252 846 1414 888 successu
1441 859 1485 885 ac
1511 842 1643 898 plausu

274 930 394 970 atque
411 913 590 968 suffragio
602 944 611 961 ,
639 924 677 951 vt
696 909 824 950 rursus
846 907 939 948 effet
953 907 1130 954 vendita,
1162 918 1200 944 et
1218 914 1399 958 ageretur
1418 903 1555 941 iterum
1571 913 1643 953 pro

278 983 406 1015 nouat
433 983 582 1024 proque
602 981 648 1006 ea
664 968 849 1019 pretium,
883 964 986 1015 quod
1006 964 1101 1003 nulli
1122 973 1212 1001 ante
1235 959 1351 1010 ipsam
1369 959 1539 998 fabulam
1556 970 1648 995 con-

277 1031 388 1083 tigit,
419 1027 505 1066 ocio
532 1022 700 1064 millibus
726 1020 939 1060 sestertium
961 1029 1211 1058 numerarent
1235 1020 1386 1056 Poetae.
1441 1012 1655 1054 Prouerbia.

276 1083 533 1138 (Legendum
564 1079 742 1124 arbitror,
767 1074 950 1114 diuerbia.
981 1073 1071 1115 Vid.
1090 1071 1197 1125 supra
1215 1072 1261 1112 ad
1281 1082 1495 1125 argument.
1521 1068 1645 1111 Andr.

280 1154 369 1194 pag.
394 1151 487 1192 249.
517 1138 576 1188 L.)
609 1135 727 1173 multa
740 1130 850 1184 saepe
861 1131 1125 1182 pronunciata,
1149 1141 1187 1168 et
1206 1129 1352 1167 cantica
1366 1124 1480 1177 saepe
1492 1124 1646 1164 mutatis

279 1196 408 1237 modis
439 1191 612 1233 exhibita
640 1188 738 1229 sunt.
793 1186 998 1235 Προτατικόν
1021 1183 1193 1232 πρόσωπον
1215 1181 1400 1234 nusquam
1419 1182 1556 1221 habet:
1584 1178 1650 1219 sed

282 1252 355 1294 suis
376 1261 527 1291 tantum
547 1244 718 1300 personis
739 1245 867 1283 vritur.
930 1246 976 1281 In
997 1240 1067 1279 hac
1078 1241 1287 1280 Terentius
1305 1238 1468 1277 deleciat
1488 1236 1651 1282 facetiis,

280 1307 439 1363 prodest
455 1304 654 1356 exemplis,
671 1313 712 1340 et
733 1301 824 1339 vitia
845 1299 1049 1337 hominum
1070 1298 1185 1349 paulo
1212 1294 1443 1341 mendaciis,
1475 1306 1589 1344 quam
1609 1292 1651 1330 in

284 1365 452 1408 caeteris,
473 1361 604 1413 carpit.
658 1360 843 1407 Exempla
863 1366 989 1394 autem
1009 1367 1160 1392 morum
1179 1352 1241 1390 hic
1257 1351 1327 1389 tria
1346 1349 1550 1401 praecipua
1570 1360 1652 1398 pro·
1669 1375 1672 1377 -

283 1430 501 1474 ponuntur,
543 1414 678 1455 vrbani
705 1410 869 1459 scilicet,
908 1408 1078 1462 par-aisti,
1107 1419 1146 1448 et
1175 1406 1359 1447 militaris.
1416 1408 1523 1444 Haec
1552 1402 1655 1442 edita

284 1477 442 1518 tertium
480 1471 554 1512 est:
601 1480 641 1511 et
683 1469 956 1521 pronunciata,
995 1468 1112 1504 TER
1125 1477 1153 1502 E
1168 1477 1197 1503 N
1211 1476 1291 1502 τι]
1329 1465 1594 1502 ΕνΝνσΗν
1608 1471 1656 1497 s:

286 1533 435 1586 quippe
463 1530 541 1568 iam
568 1525 696 1567 adulta
723 1522 1064 1571 commendatione
1085 1524 1247 1567 Poetae,
1278 1531 1319 1557 ac
1339 1517 1484 1556 meritis
1504 1512 1659 1568 ingenii

286 1585 506 1630 notioribus
523 1582 683 1637 populo,
738 1581 849 1623 Facia
867 1589 996 1618 aurem
1015 1589 1066 1616 ex
1086 1575 1231 1616 duabus
1253 1574 1406 1614 Graecis
1428 1586 1504 1612 vna
1522 1571 1577 1611 est
1594 1574 1660 1611 La·

288 1647 383 1685 tina.
435 1645 536 1682 Nam
561 1652 611 1679 ex
634 1640 895 1678 Evnvcuo
926 1645 967 1673 et
995 1634 1575 1679 comcz‚M1·:xANnnx
1606 1624 1662 1665 fa·

286 1701 410 1748 bulis,
442 1698 542 1736 haec
559 1692 768 1735 Eunuchus
787 1692 1030 1732 Terentiana
1057 1687 1192 1739 scripta
1215 1686 1284 1735 est,
1317 1699 1399 1724 non
1426 1683 1507 1724 fine
1530 1684 1662 1723 crimi-

290 1770 345 1797 ne
360 1786 371 1804 ‚
397 1752 504 1806 quod
521 1752 640 1791 multa
661 1750 704 1788 in
731 1748 830 1788 hanc
850 1747 1030 1786 translata
1050 1743 1121 1783 fint
1148 1757 1197 1783 ex
1217 1743 1344 1781 multis
1363 1742 1489 1782 Poetis
1504 1739 1660 1784 Latinis.

287 1809 400 1866 quod
417 1820 559 1858 totum,
589 1819 661 1859 per
683 1805 891 1857 Prologum
909 1812 1048 1856 purgat
1075 1810 1192 1852 atque
1210 1796 1399 1839 defendit.

701 1899 1262 1960 ARGVMENTVM.

297 1988 382 2101 R
394 2019 423 2047 A
435 2020 456 2047 p
471 2019 499 2046 τ
511 2016 537 2045 A
566 2001 756 2055 quaedam
773 2013 823 2039 ex
841 2001 968 2040 Attica
988 1998 1099 2050 virgo
1120 1995 1274 2041 nobiliS,
1305 2003 1421 2043 atque
1438 1990 1671 2031 abduea'est

414 2062 610 2105 Rhodum3
636 2059 770 2109 ibique
787 2056 899 2094 matri
914 2053 1078 2093 Thaidis
1099 2051 1312 2091 meretricis
1340 2047 1388 2088 ab
1418 2050 1542 2087 am‘ico
1562 2047 1669 2087 dono

300 2125 389 2162 data
414 2118 484 2164 est,
513 2127 552 2155 et
580 2114 740 2154 educata
765 2112 870 2152 velut
900 2109 1022 2155 soror,
1053 2122 1128 2147 vna
1153 2120 1237 2147 cum
1264 2105 1342 2144 iilia
1367 2103 1532 2144 Thaide.
1589 2103 1669 2144 Sed

297 2177 439 2224 Thais,
467 2171 597 2212 renea
630 2181 772 2218 matre,
807 2166 944 2207 Rhodo
974 2179 1060 2204 cum
1087 2174 1257 2203 amatore
1289 2160 1458 2212 quodam
1491 2158 1670 2201 Athenas

302 2233 339 2274 fe
373 2229 551 2271 contulit:
593 2225 639 2265 ab
669 2236 799 2276 eoque
830 2222 943 2262 heres
975 2221 1140 2260 instituta
1165 2229 1338 2266 mortuo,
1378 2229 1470 2255 mox
1499 2229 1522 2254 a
1547 2215 1672 2254 milite

300 2286 501 2331 Thrasone
513 2281 747 2336 diligebatur
765 2280 893 2319 nimis.
936 2278 1018 2328 Qui
1032 2289 1118 2314 cum
1128 2274 1292 2317 Athenis
1302 2270 1490 2325 profectus
1507 2281 1672 2311 matrem

301 2343 463 2386 'thaidis
485 2351 677 2380 mortuam
694 2336 820 2378 Rhodi
839 2329 1097 2385 comper-ister,
1129 2341 1169 2370 et
1195 2344 1280 2370 eam
1309 2328 1525 2381 virginem,
1552 2340 1672 2378 quam

304 2402 489 2446 diximus,
519 2395 566 2435 ab
586 2392 792 2433 heredibus
803 2401 977 2431 mortuae
997 2382 1320 2428 animaduertiffet
1337 2397 1477 2423 venum
1493 2380 1570 2423 effe
1587 2395 1672 2435 pro·

304 2457 460 2510 potitam
477 2467 484 2488 r
516 2451 690 2503 quamuis
710 2450 866 2502 ignarus
883 2459 1010 2486 rerum
1020 2444 1206 2489 omnium,
1226 2441 1320 2480 emit
1337 2452 1480 2488 tamen,
1501 2449 1542 2478 et
1563 2438 1672 2478 dono

303 2523 452 2553 :unatae
468 2506 612 2547 'thaidi
629 2506 733 2544 vexit
750 2504 934 2544 Athenas
995 2503 1142 2541 Verum
1160 2496 1358 2549 postquam
1383 2495 1601 2535 adueniens
1620 2495 1668 2533 ri-

304 2569 431 2609 ualem
451 2562 678 2604 Phaedriam
698 2559 801 2612 apud
822 2560 978 2598 amicam
997 2556 1164 2608 reperit,
1205 2566 1325 2604 quem
1351 2564 1421 2603 per
1440 2552 1521 2590 eius
1541 2547 1674 2590 absen-

303 2627 395 2665 tiam
413 2621 481 2659 fibi
498 2618 678 2657 meretrix
699 2616 937 2655 conciliarat:
963 2611 1186 2655 affirmauit,
1217 2607 1255 2648 se
1280 2621 1364 2647 non
1384 2618 1476 2647 ante
1494 2605 1672 2645 daturum

307 2674 523 2734 promiss'am
551 2674 764 2727 virginem,
797 2683 914 2725 quam
940 2667 1061 2710 Thais
1095 2665 1197 2709 foras
1227 2664 1423 2713 aemulum
1454 2658 1676 2718 pepuliffet.

1602 2717 1675 2760 1112
