1815 3168
355 148 628 223 v1cT0R
661 175 755 221 DE
790 175 1186 223 coMoEDIA.
1351 194 1454 224 Lx»-

99 310 222 340 rorum
250 294 372 336 choris
404 294 736 335 subministrarent.
794 296 1006 337 Caeterum
1029 295 1184 336 Chorus
1214 305 1376 346 quatuor
1408 309 1448 336 et

100 354 230 408 viginti
261 354 366 399 viris,
414 351 590 402 puerisue
618 362 686 390 aut
711 350 867 390 feminis
894 351 1170 397 instruebatur,
1201 351 1291 390 ficut
1307 354 1448 392 Aristo-

96 411 241 464 phanes
261 409 302 447 in
320 407 468 448 Auibus
486 407 629 449 Fabula
647 417 837 446 numerat.
893 408 932 447 Si
954 420 1046 446 vero
1071 405 1289 458 promiscue
1310 408 1375 445 viri
1395 408 1448 446 se-

93 466 301 514 minaeque
325 464 374 502 ad
402 463 637 514 explendum
656 463 777 504 Chori
802 476 1005 502 numerum
1026 462 1304 501 adhiberentur
1323 464 1448 514 (quod

90 517 218 562 feciss'e
241 519 378 558 dicitur
394 521 535 571 primus
556 520 938 572 0111nium7Tyrtaeus
955 524 1095 572 (mares
1114 518 1315 557 dimidium
1337 531 1448 557 exce·v

94 575 247 616 debant.
306 577 348 615 Si
369 575 502 627 pueri,
528 585 607 613 tum
634 573 790 613 feminis
817 575 975 613 illorum
1003 577 1126 613 maior
1145 587 1328 613 numerus
1352 584 1442 613 erat.

90 633 154 674 Sin
174 641 301 669 autem
318 632 388 670 viri
406 641 555 670 tantum
568 659 578 677 ,
606 629 768 669 iuuenes
786 626 927 668 scilicet
944 644 985 671 ac
1002 629 1123 674 senes,
1147 630 1363 669 idemidem
1379 632 1450 669 Po-

47 704 49 707 ·
91 698 177 727 etae
204 688 370 731 maiores
402 687 608 732 tredecim,
637 685 853 725 minoribus
876 685 1060 725 vndecim
1088 685 1365 732 admiscebant,
1395 696 1448 724 vt-

89 754 181 796 pote
207 756 369 794 quorum
397 742 446 781 de
473 742 638 781 nomine
666 741 815 784 Chorus
842 742 1111 793 appellaretur.
1161 742 1347 794 *Quilibet
1381 756 1448 781 au-

91 811 170 838 tem
197 811 245 837 ex
272 798 332 837 his
359 798 510 841 Chorus
548 799 590 836 in
621 808 784 848 quatuor
811 799 873 847 (vt
905 798 1033 849 aiunt)
1069 797 1160 846 ζυγεὲ
1190 798 1448 843 diuidebatur,

89 863 253 906 quorum
272 853 418 907 singula
446 851 510 892 sex
540 854 789 892 continerent
815 850 1022 893 saltatores.
1082 855 1266 896 Comicus
1287 854 1448 904 inquam

88 909 164 950 hoc
189 911 299 962 padio
329 910 480 951 Chorus
511 908 777 960 apparabatur.
834 912 931 949 Nam
964 909 1055 948 ficut
1081 908 1294 963 Aeschylus
1326 910 1445 957 canit,

88 968 263 1018 quinque
283 977 428 1005 tantum
447 976 487 1004 et
504 965 641 1004 decem
660 966 703 1004 in
720 965 943 1018 Tragoedia
967 965 1169 1005 constabat.
1229 965 1450 1005 Interdum-

90 1021 386 1074 que.dimidiat0
406 1035 569 1060 numero
584 1020 705 1073 (ficuti
721 1021 857 1061 Pollux
874 1022 942 1072 ait)
958 1021 1224 1061 Semichorum
1245 1020 1374 1059 induci
1393 1022 1451 1060 fa-

89 1079 164 1117 cile
183 1077 388 1117 admodum
410 1077 463 1116 est
483 1077 624 1116 videre.
682 1077 793 1116 Idem
813 1087 980 1117 attamen
1001 1075 1124 1116 scribit
1143 1079 1184 1116 in
1205 1079 1338 1116 Veteri
1355 1080 1451 1116 Tra-

89 1134 251 1187 goedia,
279 1133 451 1175 Chorum
472 1130 662 1172 saltatores
681 1130 852 1172 habuiffe
865 1134 1167 1186 quinquaginta:
1200 1146 1333 1172 verum
1355 1146 1452 1184 quo-

82 1188 196 1229 'niam
226 1188 439 1244 Aeschylus
465 1189 628 1228 totidem
655 1189 891 1230 Eumenidas
926 1186 1154 1236 induxiffet,
1191 1202 1291 1240 quae
1324 1201 1451 1228 totum

89 1259 183 1298 prae
201 1245 451 1284 multitudine
478 1245 669 1285 theatrum
696 1241 1018 1293 consternassent,
1055 1245 1267 1285 cohibente
1291 1247 1380 1298 lege
1400 1245 1451 1284 ad

90 1303 288 1353 pauciores
317 1299 393 1341 effe
423 1301 649 1340 dementum.
703 1300 879 1341 Arbitror
905 1303 1021 1340 etiam
1047 1302 1089 1340 in
1116 1300 1335 1342 Comoedia
1362 1314 1458 1340 cum

91 1359 248 1397 Donato
276 1358 395 1409 longe
423 1358 549 1407 plures
583 1356 630 1395 ab
660 1357 775 1394 initio
802 1354 915 1396 suiffe
934 1359 1143 1403 Cantores‚
1174 1358 1358 1408 quoniam
1388 1359 1453 1408 (vt

93 1412 320 1451 Aristoteles
338 1414 378 1450 in
398 1413 558 1450 naturali
580 1412 744 1462 quadam
766 1409 877 1451 sentit
898 1411 1136 1462 quaestione)
1162 1414 1267 1451 multi
1301 1412 1453 1451 facilius

92 1466 245 1507 seruare
272 1479 456 1506 numeros
486 1464 652 1518 poffunt.
709 1469 843 1516 Quum
870 1468 985 1519 igitur
1020 1468 1104 1519 post
1133 1467 1297 1507 Fabulae
1324 1469 1454 1507 Prolo-

93 1536 189 1575 gum
209 1520 302 1561 esset
321 1522 547 1561 orchestram
565 1519 814 1575 ingressurus,
846 1521 872 1560 fi
893 1522 1037 1561 rusticis
1056 1523 1253 1572 constaret,
1273 1538 1294 1562 a
1313 1523 1454 1563 dextro

92 1579 212 1618 latere
230 1577 372 1617 solebat
392 1579 535 1617 emitti:
566 1578 620 1616 fin
641 1589 768 1617 autem
789 1577 954 1628 vrbanis‚
980 1593 1000 1617 a
1027 1578 1170 1618 finistra
1199 1591 1304 1631 parte
1324 1580 1456 1631 prodi-

94 1635 176 1681 bat,
207 1635 467 1685 quadrataque
488 1633 611 1672 forma
630 1634 835 1672 consistens
854 1634 1083 1675 recedentes
1103 1635 1306 1674 histriones
1327 1633 1452 1674 obser-

92 1690 217 1730 uabat.
273 1689 432 1729 Deinde
450 1686 654 1727 conuersus
673 1689 720 1727 ad
743 1687 990 1740 spe&atores,
1023 1688 1370 1742 quorsumcumque
1400 1689 1454 1731 se·

92 1747 194 1798 pties
225 1744 415 1783 theatrum
445 1745 690 1793 intuebatur,
729 1744 969 1796 totidemque
1003 1746 1217 1785 cantilenas
1245 1747 1450 1785 moderato

93 1800 200 1855 gestu
218 1800 521 1850 pronunciabat:
549 1799 652 1851 quod
672 1813 788 1838 omne
806 1807 995 1846 παράβασις
1024 1801 1071 1840 ab
1091 1802 1347 1854 Aristophane
1368 1803 1453 1854 plu-

91 1857 195 1897 ribus
212 1858 254 1895 in
274 1857 363 1896 locis
382 1867 637 1908 nuncupatur.
692 1857 815 1895 Prima
833 1858 947 1909 igitur
966 1858 1159 1896 cantilena
1176 1857 1295 1897 statim
1329 1858 1376 1897 ab
1396 1857 1454 1896 hi·

90 1913 276 1953 strionum
306 1909 460 1952 disceffu
491 1913 656 1963 prolata,
689 1920 824 1959 κορωνὶς
861 1914 1058 1952 communi
1099 1915 1263 1953 nomine
1298 1914 1453 1955 dicitur.

89 1971 190 2009 Nam
212 1969 391 2020 quicquid
411 1967 574 2019 persona
593 1969 774 2020 quapiam
795 1969 1005 2008 recedente
1031 1981 1221 2016 cantatur,
1253 1972 1452 2010 Gramma-

89 2025 157 2064 tici
185 2025 364 2065 comicos
395 2035 637 2075 exponentes
663 2029 816 2070 κορωνίδα
844 2024 970 2065 solent
995 2027 1202 2078 appellare.
1262 2032 1450 2072 Κομμάτιον

88 2093 182 2120 vero
210 2082 369 2134 proprie
398 2080 556 2127 dicitur,
589 2091 777 2132 quatenus
806 2081 858 2120 de
889 2080 1006 2120 choro
1024 2092 1220 2134 amputata
1249 2080 1450 2133 recisaque

89 2137 276 2190 particula
295 2137 469 2175 videtur:
499 2137 540 2175 id
558 2151 579 2176 a
598 2135 821 2188 quibusdam
842 2137 985 2181 εἵσθεσις
1004 2142 1090 2186 χορέ
1109 2139 1342 2177 nominatur.
1383 2140 1449 2178 Se-

89 2193 239 2242 cunda,
272 2198 477 2241 πκςάβκσις,
508 2206 590 2233 non
608 2191 714 2232 secus
735 2206 778 2232 ac
795 2204 874 2232 tota
896 2190 1038 2233 saltatio
1067 2194 1223 2233 dicitur:
1258 2195 1449 2245 quoniam

87 2249 215 2298 illinc,
247 2248 309 2288 vbi
340 2249 559 2288 constiterat
586 2248 743 2298 chorus,
787 2250 977 2301 populum
1005 2246 1132 2290 versus
1159 2251 1326 2290 incedit:
1367 2249 1449 2290 fine

89 2309 284 2353 ἇνάπκιςος,
316 2318 364 2345 eo
391 2305 495 2356 quod
522 2303 748 2356 frequenter
775 2304 1038 2346 huiuscemodi
1068 2319 1202 2345 cantus
1220 2305 1447 2358 anapaestos

89 2358 293 2411 vsurparet.
351 2362 484 2400 Tertia
502 2367 635 2410 πνῖγος,
668 2373 732 2401 aut
750 2362 886 2409 μακςδν,
915 2363 1107 2401 cantilena
1125 2359 1262 2401 scilicet
1289 2365 1347 2415 (vt
1365 2363 1448 2400 Pol-

88 2417 156 2456 lux
176 2418 243 2468 ait)
262 2430 338 2456 vna
356 2415 504 2468 spiritus
523 2418 779 2458 contentione
791 2419 947 2468 prolata,
977 2431 1078 2469 quae
1101 2419 1170 2456 tria
1189 2416 1446 2471 seiunguntur

89 2472 335 2524 abinuioem,
361 2487 449 2512 cum
468 2473 627 2512 alterum
647 2476 756 2513 alteri
774 2474 920 2513 nullam
938 2474 1079 2513 habeat
1096 2475 1299 2513 rationem.
1331 2475 1447 2522 Quae

88 2540 179 2567 vero
197 2527 424 2580 sequuntur,
454 2529 554 2569 inter
572 2528 612 2568 fe
635 2530 798 2581 quadam
816 2526 902 2569 sunt
920 2531 1075 2569 ratione
1095 2531 1311 2578 coniuncta,
1343 2528 1447 2569 vide-

91 2584 185 2623 licet
201 2584 306 2631 ςροφιῖ
327 2586 386 2625 vel
407 2585 493 2634 ᾦδῆ,
522 2584 599 2624 fiue
616 2593 732 2634 μέλος,
762 2588 934 2639 {af-&maog
964 2592 1155 2634 ἆντίῖςοφος
1174 2585 1236 2624 vel
1255 2585 1384 2631 ἃντῳδγῖ
1403 2595 1445 2623 et

92 2642 338 2694 ἄντεπίῤῥημα,
367 2640 472 2696 quod
488 2642 574 2685 loco
592 2639 752 2695 septimo
775 2642 1007 2687 cantabatur.
1036 2641 1145 2692 τροφῆ
1163 2642 1269 2682 enim
1287 2640 1368 2682 fiue
1389 2639 1445 2678 οἷν·

757 2711 781 2740 e
807 2710 836 2746 a
1336 2711 1443 2746 ‘trec‘
