1815 3168
413 423 866 482 PRAEFATIO
904 415 1515 471 LINDENBROGII.

384 608 462 637 ve.
492 595 529 633 T
543 603 607 630 ER
620 603 646 629 E
659 602 689 629 N
703 601 731 628 ‘r
744 600 757 626 1
769 600 794 626 v
806 596 841 624 Μ
873 581 1033 632 Afrum,
1060 580 1303 624 comoediae
1314 582 1477 622 Latinae
1497 580 1652 632 scripto·

403 664 485 691 rem
505 647 767 696 vndecunque
779 641 1109 694 elegantiffimum,
1130 650 1244 690 atque
1261 639 1414 691 ingenii
1433 637 1567 684 festini,
1587 650 1652 675 eu-

405 707 542 746 ratim-e
572 701 693 742 studio
721 699 945 738 recenlitum
981 697 1086 734 bono
1125 695 1279 745 publico
1307 693 1494 733 exhibere
1531 691 1651 732 visum

282 764 370 805 fuit.
429 763 560 811 Quem
582 759 687 797 enim
711 755 820 807 pueri
841 753 1065 799 amauimus,
1093 748 1261 790 eiusdem
1273 750 1510 789 amoenitate
1526 751 1654 788 acVe-

286 833 386 861 nere
414 817 473 857 vel
504 816 574 853 hac
602 824 762 864 quoque
781 820 904 848 aetate
924 822 993 847 nos
1015 808 1112 859 capi,
1144 820 1222 845 non
1242 803 1521 845 erubescimus:
1549 818 1571 842 a
1591 817 1655 841 cu-

286 879 345 916 ius
367 876 533 914 lectione
557 871 675 908 etiam
694 864 792 919 ipsos
811 866 975 905 Romani
994 864 1138 914 eloquii
1159 863 1376 914 principes,
1409 859 1552 911 eosque
1572 873 1655 912 gra-

283 933 452 972 uissimos
479 929 596 970 xii-os,
631 937 710 962 non
738 918 974 961 abhorruiss'e
1004 919 1167 964 constat:
1208 931 1369 969 quorum
1408 914 1499 956 sane
1524 916 1655 968 elogia

285 988 352 1028 suo
373 988 458 1026 loco
477 981 708 1035 digeffimus,
731 989 769 1017 vt
783 978 958 1016 omnium
978 977 1108 1023 oculis,
1128 976 1335 1025 qualenam
1356 972 1565 1012 aestimium
1590 983 1655 1009 ve·

284 1057 413 1084 terum
434 1038 632 1079 doetiss'imi
652 1035 799 1086 quique
820 1034 870 1072 de
892 1046 939 1072 eo
958 1030 1108 1083 semper
1124 1030 1308 1077 fecerint,
1343 1029 1449 1068 velut
1467 1030 1505 1066 in
1526 1025 1655 1066 tabula

284 1108 586 1150 exponeremus,
640 1095 741 1133 Nam
762 1090 1021 1129 recentiorum
1041 1090 1216 1128 encomia
1236 1086 1439 1138 colligere,
1467 1094 1529 1122 aut
1550 1096 1654 1122 com-

285 1153 552 1196 mendatitiam
573 1148 672 1187 illius
694 1160 840 1185 nouam
860 1141 1113 1190 conscribere,
1132 1142 1287 1194 insuper
1297 1139 1523 1180 habendum
1543 1139 1656 1177 duxi-

285 1225 390 1258 mus3
419 1222 471 1248 ne
490 1205 684 1246 laudatum
704 1202 750 1242 ab
770 1201 952 1241 omnibus
972 1199 1245 1238 concelebrare
1265 1197 1292 1236 fi
1315 1198 1513 1243 vellemus,
1535 1195 1657 1234 attam

285 1282 370 1308 rem
393 1277 513 1319 agere
533 1261 671 1313 potius,
693 1256 1070 1310 quamnouialiquid
1084 1255 1214 1295 dicere
1231 1253 1461 1293 videremur.
1494 1252 1656 1302 Quippe

286 1325 393 1364 cuius
412 1335 458 1360 ea
478 1319 599 1371 gloria
621 1315 684 1364 est,
715 1325 754 1354 vt
773 1314 915 1352 nullius
934 1312 1109 1351 laudibus
1138 1308 1325 1356 crescere,
1360 1309 1502 1347 nullius
1528 1305 1659 1345 minui

286 1379 407 1432 poffit.
467 1380 571 1427 Ergo
598 1373 713 1426 igitur
741 1370 780 1408 id
812 1369 911 1408 mihi
937 1370 978 1407 in
1007 1366 1077 1406 hac
1095 1364 1524 1415 Editionepotissimum
1546 1373 1660 1400 curae
1696 1388 1699 1391 -

285 1435 372 1480 fuit,
392 1446 445 1472 ne
465 1431 512 1470 ad
531 1429 692 1468 nitelam
714 1427 797 1464 eius
814 1435 854 1464 et
872 1421 1116 1474 splendorem
1135 1421 1238 1472 quod
1256 1420 1413 1465 faceret,
1451 1419 1662 1469 quicquam

286 1490 454 1531 scienter
485 1486 737 1525 omitteretur.
794 1485 887 1522 Non
919 1479 1168 1531 denegarunt
1195 1476 1312 1516 nobis
1338 1475 1410 1514 hac
1434 1475 1475 1513 in
1497 1487 1539 1513 re
1562 1486 1659 1525 ope-

286 1561 370 1587 ram
388 1543 490 1584 suam
507 1540 619 1581 amici
638 1536 768 1585 nostri,
789 1537 859 1576 viri
880 1536 1048 1575 litterati.
1104 1534 1288 1585 Inprimis
1311 1544 1402 1572 vero
1414 1531 1574 1570 multum
1595 1528 1660 1568 ad-

286 1604 360 1644 iuti
386 1599 510 1641 sumus
538 1596 676 1636 fauore
705 1592 946 1632 celeberrimi
970 1587 1220 1630 Iurisconsulti
1241 1591 1373 1628 Franc.
1395 1586 1547 1628 Pithoei
1572 1585 1661 1624 Tri-

289 1654 529 1702 oeffinenfis,
563 1652 630 1703 qui
663 1649 740 1688 duo
765 1648 879 1688 nobis
905 1648 1082 1687 Terentii
1111 1645 1350 1695 exemplaria
1376 1641 1660 1694 suppeditauit3

289 1717 452 1756 alterum
472 1709 594 1750 fratris
616 1710 659 1747 B.
681 1708 736 1746 M.
758 1705 919 1743 alterum
939 1715 1056 1741 manu
1076 1699 1138 1740 sua
1158 1700 1430 1747 emendatum:
1463 1696 1659 1747 adscriptis

291 1768 490 1811 interdum
524 1759 752 1807 Menandri,
786 1759 1031 1810 Apollodori,
1065 1758 1310 1808 aliorumque
1342 1753 1531 1797 verfibusz
1563 1764 1660 1804 quos

287 1824 523 1868 Terentium
551 1819 774 1871 exprimere
802 1812 960 1854 voluifl'e
991 1825 1179 1865 putamus.
1235 1812 1306 1853 His
1336 1811 1484 1850 accessit
1505 1807 1577 1852 Ms.
1599 1822 1662 1848 co-

290 1884 368 1923 dex
390 1880 457 1932 qui
475 1879 517 1917 in
536 1873 775 1917 Bibliotheca
792 1872 910 1925 Regis
932 1871 1082 1911 Galliae
1105 1867 1346 1910 adseruatur:
1378 1868 1482 1905 cuius
1509 1880 1557 1904 ea
1584 1862 1662 1903 visa.

289 1938 347 1979 est
365 1935 590 1986 antiquitas,
620 1943 695 1969 nec
713 1930 840 1968 minor
862 1928 1028 1974 bonitas,
1062 1936 1102 1963 vt
1121 1926 1183 1964 vel
1199 1922 1299 1963 solus
1317 1921 1526 1970 sufficeret,
1554 1922 1659 1960 cuius

287 1994 406 2036 fidem
424 1989 680 2042 sequeremur.
708 1986 748 2024 in
767 1998 845 2036 quo
864 1985 979 2023 etiam
999 1981 1179 2021 Terentii
1201 1982 1352 2033 imagO,
1383 1979 1500 2030 plane
1520 1988 1555 2015 vt
1572 1990 1661 2016 eam

289 2064 340 2090 ex
357 2048 546 2090 Vaticana
564 2040 802 2084 Bibliotheca
822 2039 979 2080 Fuluius
1008 2037 1162 2076 Vrlinus
1187 2041 1234 2078 V.
1257 2038 1302 2078 C.
1326 2035 1469 2081 edidit,
1501 2035 1660 2083 antiqua

288 2118 409 2147 manu
437 2102 589 2154 depicta
615 2110 705 2138 erat.
762 2096 826 2138 Vfi
854 2094 979 2135 sumus
1006 2104 1044 2133 et
1071 2094 1153 2132 aliis
1188 2091 1331 2144 scriptis
1349 2091 1474 2138 libris,
1505 2087 1569 2129 sed
1591 2088 1660 2139 qui

288 2173 493 2214 perparum
513 2153 759 2207 prosuerunt:
788 2166 878 2191 nam
898 2162 937 2190 et
957 2150 1198 2190 recentiores
1216 2159 1347 2193 erant3
1375 2158 1416 2186 et
1440 2145 1466 2185 si
1485 2144 1578 2197 quid
1599 2157 1660 2183 va-

287 2220 446 2265 riarent,
466 2213 506 2254 id
523 2206 725 2253 leuidense
744 2207 952 2254 admodum
976 2217 1094 2258 atque
1112 2206 1246 2259 exigui
1264 2203 1469 2244 momenti.

397 2330 624 2368 DoNATI
650 2321 727 2360 duo
759 2320 996 2370 exemplaria
1019 2317 1237 2366 habuimus,
1269 2326 1309 2356 et
1327 2316 1392 2355 illa
1413 2313 1677 2355 Pithoeorum.

288 2394 459 2426 accurata
480 2379 683 2432 diligentia
700 2377 748 2417 ad
768 2374 854 2416 Mff.
875 2375 989 2414 codd.
1010 2374 1177 2414 Antonii
1201 2373 1342 2415 Contii
1363 2382 1402 2410 et
1429 2369 1559 2410 iacobi
1578 2371 1659 2410 Cu-

285 2442 375 2483 iacti
403 2432 697 2480 Antecessorum
725 2431 1012 2473 Bituricenfium
1054 2431 1210 2476 collata3
1249 2440 1413 2480 quorum
1442 2425 1582 2464 auxilio
1613 2426 1658 2465 in

286 2497 362 2538 hoc
383 2491 662 2536 commentario
680 2490 867 2541 plurimae
895 2488 1056 2528 lacunae
1083 2484 1301 2538 suppletae,
1329 2484 1479 2533 aliaque
1506 2480 1659 2519 infinita

287 2564 412 2595 errata
435 2548 646 2602 integritati
672 2543 759 2584 suae
780 2543 954 2584 restituta
972 2541 1068 2583 sunt.
1123 2545 1309 2582 querunt
1339 2540 1452 2579 etiam
1474 2536 1660 2576 nonnihil

288 2609 524 2649 colleoanea
543 2600 729 2655 quaedam
750 2630 759 2648 ‚
791 2612 890 2651 quae
909 2600 952 2638 in
974 2597 1217 2638 Bibliotheca
1234 2596 1356 2650 Regia
1374 2593 1587 2641 Parifienfi,
1620 2602 1660 2631 et

286 2664 449 2706 schedae
480 2670 571 2706 vett.
595 2657 884 2714 Fen-Danielis
907 2654 1130 2705 Aureliani,
1159 2654 1230 2695 viri
1255 2650 1526 2697 human-inimi.
1581 2646 1661 2746 1Sed

682 2733 684 2736 >
1527 2717 1579 2745 ne
1599 2716 1659 2745 cio
