1815 3168
308 153 402 211 382

683 147 840 194 ACT.
876 147 950 193 111.
984 145 1178 192 SCEN.
1212 146 1287 193 111.

377 268 683 323 ACTVS
748 268 1071 320 TERTll
1128 266 1432 320 SCENA
1476 268 1589 321 111.

614 358 971 402 CHREMES.

437 490 517 602 P
552 514 581 542 R
625 515 651 543 o
693 515 713 542 r
762 515 784 540 Ε
826 513 852 541 c
896 513 929 540 τ
970 512 998 541 o
1050 503 1215 558 quanto
1263 495 1401 555 magis
1449 494 1679 559 magisque,

647 573 809 632 cogito,

1025 357 1361 410 PrTH1As

438 649 668 695 Nimirum
693 647 810 694 dabit
828 645 934 693 haec
954 646 1094 694 Thais
1115 644 1226 694 mihi
1244 660 1456 707 magnum
1478 645 1666 692 malum:

361 859 380 890 1
416 846 586 898 Profi’c‘lo
606 860 744 900 quanto
758 848 876 902 magis
887 860 964 886 ma-

304 903 431 960 gzsque
460 903 594 957 cogito]
625 906 731 942 Haec
750 902 911 954 persona
928 917 964 941 a-

304 964 385 1012 pud
412 959 678 998 Menandrum
713 957 964 998 adolescentis

306 1016 432 1054 rustici
462 1014 535 1062 est,
575 1024 615 1052 et
647 1014 690 1051 in
722 1012 963 1063 consequens

304 1072 599 1123 (inconueniens,
626 1069 695 1109 Ed.
719 1071 907 1121 Argent.)
925 1081 964 1106 o-

306 1128 403 1166 ratio
434 1124 500 1164 est.
558 1125 634 1165 Sed
653 1125 883 1163 conceditur
912 1121 965 1162 se-

305 1195 393 1221 cum
420 1181 672 1232 loquentibus
701 1182 820 1221 multa
853 1177 963 1219 trans-

307 1239 500 1285 cendere,
548 1250 648 1288 quae
680 1238 783 1276 taciti
816 1236 962 1275 intelli-

308 1305 427 1348 gunt:
458 1292 513 1332 est
539 1294 645 1331 enim
675 1295 871 1346 integrum
890 1291 965 1331 hoc

304 1349 446 1396 modo,
483 1349 656 1401 Profec‘lo
682 1360 817 1403 quanto
845 1350 966 1403 magis

306 1408 490 1460 magisque
521 1409 664 1460 cogim,
705 1407 882 1444 nimirum
909 1406 965 1443 in-

307 1463 433 1517 telligo
463 1460 523 1499 vel
544 1462 691 1500 inuenio
708 1491 716 1507 ,
747 1460 845 1514 quod
861 1459 966 1500 dabit

303 1518 395 1558 haec
433 1516 550 1557 Thais
576 1517 668 1556 mihi
692 1529 867 1573 magnum
893 1530 966 1556 ma-

305 1576 393 1615 lum.
462 1573 591 1614 Potest
630 1585 758 1613 autem
791 1575 967 1612 nimirum

305 1643 347 1671 et
388 1643 459 1682 pro
494 1629 790 1669 confirmatione
823 1629 945 1681 accipi
956 1642 968 1676 ;

306 1698 347 1727 vt
371 1686 414 1726 fit
432 1687 620 1741 nimirum,
640 1685 721 1725 fine
741 1685 873 1735 dubio,
892 1698 965 1737 pro

305 1754 421 1783 certo.
471 1742 529 1782 D.

366 1797 537 1848 Prqfeao
561 1798 722 1852 quanto]
752 1800 861 1837 Haec
878 1799 967 1838 Sce-

306 1868 359 1894 na
394 1851 648 1904 suspicionem
677 1854 795 1893 habet
822 1850 966 1898 adoles-

307 1910 444 1956 centis,
474 1908 578 1960 quod
599 1909 664 1948 fibi
682 1910 864 1947 meretrix
881 1908 966 1947 insi-

307 1966 388 2005 dias
407 1976 628 2016 praeparet,
647 1958 735 2016 ‘quo
753 1963 903 2003 facilius
926 1961 964 2002 se

306 2022 356 2062 ad
392 2034 566 2060 amorem
599 2022 711 2072 poffit
750 2020 965 2066 adducere3

306 2077 412 2117 vnde
439 2076 486 2115 fic
509 2078 556 2115 ad
576 2078 836 2115 coniesturam
856 2089 965 2128 argu-

306 2144 439 2173 menta
468 2129 687 2175 sumuntur:
717 2146 758 2171 ac
784 2132 910 2183 primo
938 2132 965 2169 i-

306 2188 369 2241 psa
388 2186 533 2227 summa
553 2188 628 2227 est:
661 2189 833 2240 Prosec‘lo
854 2199 965 2240 quan-

304 2259 345 2286 to
368 2247 487 2296 magis
504 2248 690 2300 magisque
701 2247 837 2299 cogito,
861 2244 965 2282 nimi-

306 2315 391 2341 rum
415 2299 522 2339 dabit
542 2301 626 2340 haec
645 2302 758 2340 Thais
779 2299 870 2339 mihi
889 2313 961 2338 ma-

305 2370 422 2412 gnum
462 2357 607 2396 malum.
664 2356 823 2398 Deinde
863 2356 963 2394 inci-

307 2415 422 2465 piunt
451 2423 677 2466 argumenta
696 2413 845 2461 acliffis,
862 2411 965 2464 quod

307 2483 362 2509 me
382 2469 542 2521 arceffiri
562 2467 670 2522 iuffit.
707 2468 853 2508 deinde
873 2482 894 2506 a
912 2466 965 2507 fa-

308 2526 388 2573 ἑῖίε,
409 2527 506 2577 quod
523 2539 599 2564 cum
616 2526 792 2577 venzffim,
812 2523 963 2575 caustum,

307 2594 353 2620 vt
373 2580 426 2620 ihi
447 2595 625 2621 manerem
644 2583 818 2634 repperit.
870 2584 963 2634 Rur-

308 2634 368 2677 sus
392 2652 413 2677 a
438 2637 557 2687 diffis,
590 2638 694 2691 quod
712 2639 782 2686 ait,
811 2649 887 2678 rem
907 2636 962 2677 di-

1603 726 1668 769 Ita

1010 848 1135 886 uinam
1150 845 1277 899 ῥιψὶ
1290 844 1350 898 fi,
1382 857 1417 884 et
1434 859 1510 884 rem
1524 843 1668 895 firiam

1011 902 1100 942 velle
1139 915 1259 958 agere.
1323 904 1359 941 A
1390 900 1518 950 facim
1563 900 1667 952 quod

1013 959 1089 1011 ipsit
1106 956 1309 998 accumbere
1329 970 1473 1005 mecum,
1488 957 1579 998 mihi
1592 956 1669 1008 fist

1014 1016 1113 1060 dare,
1122 1013 1332 1064 firmonem
1349 1026 1531 1066 quaerere.
1589 1018 1669 1055 De-

1012 1069 1110 1107 inde
1138 1083 1160 1107 a
1181 1068 1308 1116 dietis,
1337 1069 1442 1119 quod
1473 1069 1669 1121 quaesiuit,

1013 1137 1123 1178 quam
1143 1125 1288 1176 pridem
1312 1123 1405 1164 mihi
1422 1138 1538 1164 mater
1556 1138 1591 1165 et
1604 1138 1670 1178 pa-

1013 1194 1071 1220 ter
1106 1181 1247 1220 mortui
1283 1179 1395 1232 effint.
1452 1181 1534 1221 Rus
1562 1183 1669 1222 Sunii

1014 1237 1155 1290 ecquod
1179 1248 1274 1274 nunc
1291 1236 1384 1274 mihi
1399 1235 1465 1287 fit.
1522 1241 1629 1277 Haec
1647 1252 1668 1277 a

1013 1291 1160 1332 summo
1179 1292 1227 1330 ad
1243 1292 1365 1330 imum
1378 1303 1606 1344 argumenta
1615 1294 1670 1332 di-

1014 1358 1173 1396 cuntur,
1206 1361 1372 1399 quorum
1394 1347 1560 1400 quidem
1585 1362 1671 1388 cau-

1014 1403 1075 1445 sae
1109 1403 1324 1443 denudatio
1359 1403 1562 1443 manifesta
1604 1404 1669 1445 est„

1014 1464 1115 1501 Nam
1145 1459 1242 1500 haec
1271 1461 1402 1499 omnia
1427 1458 1518 1499 fecit
1548 1474 1672 1500 mere-

1014 1518 1099 1565 trix,
1123 1530 1206 1555 non
1226 1526 1265 1555 vt
1282 1514 1566 1556 adolescentem
1584 1518 1626 1555 in
1636 1531 1672 1556 a·

1014 1586 1165 1613 morem
1187 1572 1298 1625 poffit
1315 1572 1515 1622 inducere,
1543 1571 1607 1612 sed
1634 1583 1673 1612 vt

1017 1630 1067 1669 de
1087 1630 1216 1680 puella
1235 1628 1340 1680 quod
1358 1629 1519 1680 quaerit,
1537 1627 1672 1681 agnos-

1017 1697 1085 1725 cat.
1120 1685 1216 1725 haee
1241 1686 1371 1724 omnia
1398 1698 1447 1724 ex
1467 1684 1673 1724 deriuatio-

1014 1757 1068 1782 ne
1088 1739 1231 1781 causae.
1290 1740 1580 1792 Explicabimus
1602 1740 1674 1780 fin-

1017 1799 1128 1853 gula:
1168 1810 1340 1848 namque
1366 1797 1573 1849 quaefiuit‚
1608 1810 1672 1836 rus

1016 1857 1122 1894 Sunii
1160 1855 1321 1907 ecquod?
1360 1854 1449 1904 quia
1487 1851 1595 1905 supra
1626 1853 1671 1892 in

1015 1911 1249 1950 narratione'
1273 1909 1414 1948 dicium
1451 1907 1524 1957 est,
1569 1907 1672 1947 abre-

1010 1978 1116 2018 ptam
1138 1963 1291 2018 puellam
1320 1977 1337 2002 ε
1353 1964 1481 2003 Sunio.
1543 1967 1672 2015 Quae-

1014 2021 1122 2060 fitum
1151 2020 1203 2060 est
1230 2033 1340 2073 quam
1368 2020 1471 2074 longe
1497 2034 1518 2059 a
1547 2023 1672 2061 mari?

1014 2088 1218 2128 propterea
1246 2075 1352 2128 quod
1378 2076 1506 2128 puella
1525 2090 1546 2114 a
1565 2088 1673 2127 prae-

1014 2133 1183 2172 donibus
1210 2143 1316 2184 rapta
1344 2133 1415 2171 est;
1448 2131 1594 2172 deinde
1613 2145 1671 2171 re-

1012 2190 1139 2240 liqua,
1170 2202 1269 2239 quae
1289 2186 1596 2239 consequuntur,
1633 2203 1671 2227 a-

1012 2256 1123 2298 perto
1142 2244 1242 2283 hanc
1260 2245 1433 2283 indicant
1451 2242 1606 2293 causam,
1620 2244 1670 2283 de

1013 2302 1143 2353 puella
1161 2298 1300 2339 scilicet
1326 2300 1429 2352 quod
1441 2301 1590 2345 adiecit,
1603 2299 1669 2339 Ec-

1013 2370 1085 2411 qua
1115 2357 1196 2395 inde
1221 2368 1342 2409 parua
1360 2356 1508 2408 periffi’t
1524 2356 1668 2406 sbror?

1015 2416 1137 2466 ecquis
1164 2425 1243 2451 cum
1261 2428 1300 2451 ea
1317 2420 1415 2453 vna?
1444 2413 1535 2466 quid
1559 2412 1669 2451 habu·

1011 2469 1099 2523 iffit,
1119 2481 1198 2508 cum
1212 2471 1349 2521 periit?
1404 2471 1446 2508 E.

1068 2537 1093 2565 2
1129 2525 1325 2564 Nimirum
1341 2524 1445 2564 dabit
1473 2523 1557 2564 haec
1575 2524 1669 2564 Tha-

1014 2584 1046 2621 is
1068 2581 1160 2620 mihi
1181 2594 1351 2637 magnum
1371 2581 1523 2634 malum]
1553 2582 1669 2622 Solue

1012 2639 1206 2682 nimirum
1222 2648 1261 2679 et
1271 2637 1342 2689 fac,
1354 2651 1435 2678 non
1446 2636 1499 2678 est
1508 2638 1645 2677 mirum
1657 2651 1668 2677 t

1631 2703 1671 2733 et
