1815 3168
546 112 548 114 v
609 90 1018 142 EVNVCHVS.

1386 109 1476 157 391

246 218 298 262 N
300 232 385 262 unc
408 213 466 261 est
475 213 690 279 profeS‘co,
711 216 895 281 interfici
907 235 1009 264 cum
1019 221 1190 283 perpeti
1205 236 1275 266 me
1285 219 1473 285 poffum,

246 294 321 337 Ne
341 291 425 348 hoc
445 292 652 350 gaudium
665 296 928 340 contaminet
941 296 1023 339 vita
1035 295 1305 354 aegritudine
1316 297 1472 359 aliqua.

179 380 206 428 5
246 365 331 414 Sed
350 368 630 413 neminemne
652 369 867 415 curiosum
888 372 1154 415 interuenire
1174 386 1294 417 nunc
1305 372 1428 428 mihi,

767 479 911 542 Bb4

109 632 298 673 erumpere,
320 635 390 674 pro
416 622 596 661 emittere
608 620 762 672 posuit?

107 683 169 720 An
203 688 382 730 erumpere
417 691 485 729 pro
519 679 764 718 exclamare?

107 745 155 780 vt,
175 746 362 785 erumpere
381 748 503 773 vocem
520 734 673 782 dicitur,-
693 735 760 786 qui

104 791 299 829 exclamzut
355 793 473 837 Nam,
511 791 587 830 Pro
606 790 758 844 Iupiter,

103 845 268 885 diffluus
287 843 357 884 est.=
405 848 454 885 D.

156 906 341 953 Repono,
369 900 491 940 Iamne
511 914 675 955 rumpere
693 902 762 942 boc

100 958 193 997 mihi
216 956 326 1000 licet?
349 969 420 1009 pro
439 957 610 1009 fitpreme
634 960 759 1012 Iuppi-

99 1015 176 1057 ter!
207 1017 305 1054 Nam
329 1025 498 1066 rumpere,
520 1015 621 1068 legit
638 1016 758 1054 Noni

99 1084 154 1119 us,
180 1070 246 1121 qui
270 1070 445 1121 explicat,
472 1083 654 1110 retentum
666 1083 756 1124 pro-

91 1128 219 1179 ferre,
264 1126 328 1164 diu
365 1128 481 1166 tacita
506 1127 634 1166 dicere.
690 1128 754 1168 Sic

96 1182 294 1234 Virgilius,
307 1182 482 1235 Rumpere
495 1181 663 1234 ststmz‘u,
691 1197 754 1222 vo-

97 1251 164 1285 ces,
187 1236 365 1290 quaestus.
389 1263 393 1266 -
422 1242 572 1288 Atque,
601 1239 693 1279 mihi
712 1240 752 1278 li-

100 1307 153 1331 cet
167 1322 175 1336 ,
207 1292 324 1331 habet
346 1293 477 1332 Bemb.
500 1293 641 1335 cod.C.
655 1297 752 1336 C.et

97 1350 193 1388 alter
238 1361 287 1386 ex
330 1347 556 1392 Meadianis.
620 1349 750 1390 ReEte.

98 1406 199 1445 Nam
216 1404 268 1442 ita
285 1402 378 1441 mihi
395 1403 475 1442 est
466 1418 507 1442 m
526 1402 621 1443 Arfi.
675 1407 758 1445 De.

98 1460 194 1499 iude
211 1459 413 1515 gaudium,
441 1472 527 1497 cum
556 1459 661 1499 idem
682 1473 750 1499 no-

97 1529 190 1556 men
217 1516 333 1567 paulo
355 1514 437 1566 post
455 1526 644 1563 OCCu1‘'‚1at
669 1526 750 1555 tan-

95 1586 208 1624 quam
229 1569 413 1624 glofl'ema
431 1570 485 1609 est
503 1570 752 1619 eiiciendum,
783 1584 785 1587 ·

95 1640 134 1666 et
153 1625 428 1666 restituendum
436 1625 617 1678 fhpretlte.
645 1636 684 1665 vt
695 1629 749 1668 A·

0 1695 11 1705 ⁶
53 1731 56 1733 q
97 1683 175 1722 del.
207 1699 266 1730 11,
304 1694 343 1729 1,
371 1693 436 1734 42.
464 1681 623 1733 etapud
641 1682 749 1723 Plau-

94 1751 175 1778 tum
197 1739 436 1789 aliquoties·
468 1741 509 1778 Β.

147 1807 169 1847 3
209 1795 319 1834 Nunc
347 1793 395 1844 est
418 1790 599 1845 proficio]
639 1792 747 1833 Ordo

94 1861 133 1888 et
149 1848 273 1889 sensus
292 1848 355 1887 hic
374 1849 437 1898 est,
460 1850 575 1901 Ntcnc
593 1848 642 1900 est
660 1861 749 1901 pro·

82 1907 187 1957 ficio
218 1915 381 1959 tempus,
413 1919 490 1944 cum
515 1907 660 1957 perpeti
691 1918 746 1944 me

89 1962 226 2014 possum
256 1959 431 2012 interfici
499 1965 586 2002 Hoc
615 1971 746 2000 autem

92 2019 212 2070 curip
217 2016 253 2058 se
273 2017 429 2065 dixerit,
457 2016 579 2056 statim
596 2014 747 2056 subiicit

94 2033 251 2114 causapm.
311 2073 399 2113 Cum
420 2047 562 2126 perpeti
587 2087 641 2112 me
662 2073 747 2125 poſs

83 2130 190 2183 ficm]
235 2128 643 2170 Animaduertendum
671 2128 739 2177 est,

95 2185 209 2236 quod,
230 2184 255 2224 fi
275 2198 352 2224 cum
374 2186 581 2224 εοηὶωιξὶθ
591 2185 744 2237 legeris,

93 2241 239 2294 quando
259 2239 458 2294 fignificat:
484 2240 509 2279 fi
532 2238 743 2292 separatim,

97 2296 182 2334 dum
198 2295 391 2348 fignificat.
451 2297 562 2336 Nunc
588 2295 634 2348 est
649 2308 741 2348 pro-

85 2351 203 2401 ftc‘lo]
239 2352 431 2406 Figurate,
467 2366 510 2391 ac
536 2352 744 2392 eoniu115te

94 2409 187 2459 lege
203 2405 280 2447 sne
297 2407 558 2449 difiunfflone.
611 2411 659 2449 D.

157 2463 270 2501 Nunc
290 2463 519 2516 estprofec‘io]
548 2464 670 2504 Modo
682 2462 746 2513 est,

94 2519 235 2569 inquit,
270 2531 387 2558 omne
402 2530 565 2570 tempus,
592 2529 669 2559 cum
681 2531 749 2572 pa-

97 2576 129 2615 u·
146 2587 200 2616 me
219 2573 357 2628 pofficm
372 2578 505 2616 necari.
560 2576 655 2617 Ideo
684 2574 749 2616 soi-

1377 486 1470 537 Qui

809 623 921 672 licet,
952 635 996 661 ne
1012 622 1187 679 gaudium
1205 633 1320 662 meum
1339 622 1468 677 aliqua

811 681 1042 731 turpitudine
1061 683 1140 719 vita
1159 683 1386 718 contaminet.
1422 683 1464 719 E.

863 737 1027 780 Daceria
1071 747 1109 775 et
1140 737 1204 779 aiii
1232 733 1466 773 interserunt

810 804 950 844 tempus
969 791 1053 843 post
1064 791 1250 843 profedo.
1284 791 1362 831 Sed
1374 790 1466 830 haut

808 847 928 887 dubie
950 848 1002 886 est
1021 844 1216 900 glossema.
1275 850 1312 887 Z.

861 919 888 958 4
924 905 1267 943 contaminetvim
1297 905 1464 957 aegritu.

807 961 890 999 dine
912 962 1053 1013 aliqua]
1084 960 1188 1000 Mire
1205 959 1305 998 vitae
1317 960 1463 998 ciimen

805 1020 936 1070 (Lege
954 1016 1170 1067 discrimen)
1184 1014 1372 1053 ostendit·
1400 1027 1464 1052 ve·
1467 1042 1470 1044 -

802 1075 861 1113 lut
884 1050 964 1126 ipsa
990 1071 1032 1111 fit
1057 1083 1233 1123 campus,
1271 1068 1463 1120 pofl'effio-

804 1142 881 1181 que
913 1128 1091 1168 fortunae
1125 1126 1314 1167 instabilis
1342 1127 1459 1166 vario-

802 1199 898 1224 rum.
952 1187 1000 1225 D.

818 1264 823 1267 ·
858 1254 882 1294 5
893 1240 964 1279 Sed
973 1242 1149 1279 neminem
1158 1238 1346 1289 curiosizm,
1358 1236 1457 1292 dyst]

800 1300 1012 1348 Apparatus
1046 1295 1093 1333 ad
1112 1296 1374 1334 intentionem
1403 1294 1459 1332 fu-

801 1362 909 1390 turae
930 1349 1159 1389 narratio'nis
1179 1351 1315 1388 dicitur
1340 1353 1400 1397 (Iu
1421 1364 1458 1387 v-

800 1417 938 1457 troque
966 1405 1048 1444 cod.
1078 1405 1117 1444 et
1136 1405 1223 1444 edd.
1244 1410 1384 1451 Venet.
1405 1406 1459 1443 di-

800 1466 864 1502 cit
912 1461 1059 1509 For‚te
1087 1463 1257 1510 ducitur,
1289 1473 1362 1507 aut,
1391 1465 1458 1499 du-

799 1519 882 1570 cit).
936 1520 983 1557 D.

830 1572 925 1613 Sed
958 1574 1156 1613 neminem
1166 1553 1225 1610 hic
1249 1571 1453 1625 curiofiem]

797 1628 861 1671 Ad
884 1639 1052 1667 aetatem
1073 1625 1352 1666 adolescentiae
1371 1638 1456 1665 eta—

797 1686 925 1724 nimos
944 1696 1101 1732 eorum,
1128 1684 1193 1734 qui
1212 1685 1253 1722 in
1274 1696 1317 1721 re
1336 1696 1454 1723 vene-

796 1754 862 1780 rea
886 1741 1023 1782 amoris
1052 1737 1107 1778 sui
1127 1738 1333 1785 effefflum,
1364 1752 1452 1777 cum

796 1807 1006 1836 tenuerunt
1023 1796 1042 1815 '⁵
1060 1796 1232 1848 pertinet
1241 1794 1323 1843 hoc,
1344 1794 1451 1845 quod

794 1853 931 1891 volunt
948 1851 1123 1890 indic‘are
1151 1849 1301 1902 semper
1321 1853 1393 1902 (Vt
1413 1863 1450 1888 o-

795 1908 892 1948 ratio
933 1906 1101 1955 constet,
1147 1907 1322 1945 deleatur
1356 1919 1448 1955 cum,

793 1963 898 2016 quod
936 1963 1031 2002 haut
1057 1961 1178 2002 dubie
1214 1976 1264 2002 ex
1299 1975 1451 2014 praece·

795 2020 901 2060 denti
926 2017 1069 2073 syllaba
1091 2029 1216 2057 ortum
1241 2017 1316 2056 est:
1341 2030 1450 2069 prae-

793 2074 921 2116 sertim
952 2089 1039 2113 cum
1065 2075 1108 2113 in
1135 2085 1272 2113 neutro
1293 2074 1376 2112 cod.
1398 2074 1449 2111 la-

794 2141 920 2170 cunae
940 2131 1057 2170 vllum
1075 2128 1380 2181 deprehenderit
1388 2142 1450 2168 ve-

793 2187 947 2240 stigium
994 2185 1295 2225 Westerhouius.
1360 2189 1401 2226 Z.
1413 2186 1446 2237 )

795 2242 903 2281 Nam
941 2244 1139 2295 integrum
1176 2252 1215 2280 et
1242 2240 1449 2281 honestum

792 2297 974 2351 gaudium
992 2298 1117 2351 magis
1135 2296 1286 2336 {ilentio
1304 2295 1448 2336 crescit.

792 2357 844 2394 Vt
880 2354 953 2394 hoc
986 2354 1087 2405 apud
1112 2354 1347 2393 Terentium
1382 2352 1450 2399 est.

796 2410 867 2450 Sed
890 2424 933 2449 vt
959 2412 1073 2449 tacita
1096 2423 1230 2450 mecum
1254 2411 1448 2464 gaudeam.

797 2469 886 2516 Api.
876 2466 916 2505 d
935 2467 983 2506 V
974 2480 1005 2504 11
1008 2467 1142 2519 gilium
1155 2467 1274 2514 (Aen.
1286 2479 1299 2504 1
1304 2469 1417 2516 ‚.506
1421 2465 1449 2514 ),

799 2524 957 2561 Latonae
978 2525 1131 2562 tacitum
1139 2532 1354 2575 pertentant
1358 2533 1452 2588 gau

796 2578 855 2618 dia
872 2579 1010 2632 pec‘lus.
1065 2581 1110 2620 E.
