1815 3168
507 157 515 202 ss
570 159 978 204 EVNVCHV8‚

131 305 191 350 50
222 290 387 349 Neque
410 284 536 331 istum
558 297 747 338 metuas,

323 363 396 412 las,
421 360 492 407 vbi
513 360 632 407 velis.

1363 172 1454 217 517

783 301 838 331 ne
864 294 978 330 amet
1001 283 1180 329 mulier:
1218 284 1340 330 facilc
1362 285 1451 348 pcl-

224 435 258 484 P
275 450 323 486 Η.
368 435 490 490 Quid
529 437 729 495 agimus?
772 430 884 480 GN.
926 444 1149 499 practerea
1192 432 1277 479 hoc
1309 435 1449 481 ctiam,

321 511 439 575 quod
469 528 551 572 ego
581 512 647 558 vel
667 513 861 576 primum
887 521 1012 572 puto,

225 589 395 651 Accipit
418 587 644 634 hominem
666 602 797 633 nemo
817 585 971 630 melius
981 583 1173 650 prorsus,
1196 599 1337 646 neque
1349 600 1449 647 pro·

321 663 462 709 lixius.

732 770 810 819 Kk
855 783 878 837 3

85 920 217 959 iterum
246 919 439 957 narrantis
466 914 511 954 ab
538 929 613 958 ore,
669 914 745 955 Hic

84 974 222 1015 fatuus.
278 979 356 1016 Aut
381 969 568 1025 sapientia
594 982 744 1025 gratum

85 1029 200 1070 facit:
232 1041 270 1069 vt
297 1031 418 1080 (Aen.
441 1042 499 1074 1v‚
528 1030 608 1082 3.),
641 1027 746 1066 Mul-

84 1099 126 1127 ta
156 1087 232 1126 viri
256 1089 376 1124 virtus
396 1087 532 1124 animo.
590 1085 665 1124 Hic
688 1084 746 1121 in-

83 1140 196 1181 sulsus
232 1142 297 1181 est.
354 1140 432 1182 Sed
465 1139 561 1179 mihi
594 1139 744 1178 videtur

76 1198 232 1251 fiztuum
254 1197 396 1247 dicere,
416 1199 482 1248 qui
503 1206 650 1235 tantum
663 1196 743 1248 glo-

85 1256 223 1304 rietur,
257 1265 296 1293 et
326 1253 492 1300 blandiri
510 1251 655 1290 amicae
676 1264 743 1289 ne-

85 1308 184 1349 sciat.
242 1308 433 1359 Inficfflcm,
451 1308 514 1359 qui
535 1320 615 1346 non
635 1307 678 1346 fit
695 1304 745 1345 sa-

86 1368 164 1413 lax,
201 1376 240 1404 et
265 1363 431 1416 cupidus
465 1364 596 1401 coitus.
652 1361 745 1411 Ταν-

86 1423 190 1468 dum,
220 1422 286 1472 qui
317 1433 401 1458 non
433 1417 548 1457 facile
573 1418 744 1470 explicet

87 1482 307 1518 Venerem:
340 1487 440 1527 quae
460 1487 519 1513 res
538 1473 744 1514 meretrici-

88 1534 159 1572 bus
199 1530 323 1572 odiosa
353 1530 416 1571 est.
473 1530 625 1583 Stertit]
657 1529 743 1569 Plus

88 1590 185 1628 dixit
222 1601 337 1639 quam
374 1587 530 1625 dormit.
593 1584 747 1634 Noffles

85 1658 153 1698 que
172 1658 206 1684 et
217 1643 309 1698 dies]
339 1643 424 1682 Plus
436 1640 622 1695 fignificat
635 1653 748 1691 quam

86 1701 113 1740 fi
139 1702 304 1745 diceret,
340 1697 464 1737 diebus
492 1711 528 1736 et
552 1697 745 1737 noaibus:

85 1769 124 1795 vt
154 1757 226 1795 hoc
255 1753 336 1807 ipso
358 1755 520 1793 nomine
542 1752 750 1794 confiliarii,

85 1812 283 1853 auffloritas
310 1807 430 1850 ineffe
451 1809 632 1848 videatur.
661 1812 710 1848 D.

125 1866 343 1919 sNofflfque
385 1878 422 1906 et
466 1866 563 1919 dies]
603 1862 670 1904 ΜΓ.
698 1867 740 1904 R.

89 1924 230 1965 Ναξίω-
249 1935 285 1961 et
303 1922 386 1962 dies.
441 1924 480 1961 L.

119 2017 121 2020 Α
141 1985 214 2022 Pro
234 1978 378 2025 tardus,
391 1976 495 2029 quod
507 1975 665 2016 minoris
689 1973 744 2013 est

88 2035 365 2083 contumeliae,
394 2047 506 2085 quam
527 2043 594 2072 aut
605 2032 743 2070 Fatuus

88 2103 153 2133 aut
171 2090 338 2142 Infitffics,
364 2101 515 2141 repone
527 2087 677 2134 bardus,
703 2087 742 2127 h.

89 2162 125 2188 e.
147 2145 355 2187 secundum
374 2143 517 2185 Glossas
528 2155 615 2183 vett.
633 2149 746 2182 &vato-⁴-

90 2207 199 2250 ῧητος,
216 2201 350 2251 βρκόὒς,
371 2199 490 2249 ἄφρων,
504 2201 624 2248 baptist,
645 2204 744 2247 βλάξ.

91 2258 248 2300 Deinde
265 2257 415 2310 probati
443 2255 555 2297 codd.
578 2270 659 2297 non
682 2255 746 2294 ha-

92 2313 199 2364 bent,
219 2327 294 2369 que.
322 2319 325 2321 ’
348 2317 390 2356 Β.

150 2438 204 2479 50
233 2424 304 2465 Vbi
329 2425 436 2483 velis]
469 2423 655 2479 Quando,
686 2424 747 2462 vel

97 2495 228 2536 quum.
283 2485 333 2524 D.

116 2633 119 2635 ,
150 2607 199 2649 51
233 2593 344 2651 Qid
368 2593 561 2650 agimus?]
589 2592 748 2633 Initium

98 2648 370 2702 consentionis,
390 2649 574 2691 dubitatio
597 2648 649 2689 est
659 2648 749 2689 -eius

1353 772 1448 815 PH.

796 915 863 967 qui
906 913 1121 968 negauerit.
1191 912 1274 953 Hoc
1318 912 1449 965 etiam]

794 970 900 1022 Deest
912 973 973 1011 vel
992 970 1085 1021 abest
1103 969 1238 1023 (Deest,
1259 969 1293 1008 ei
1314 969 1377 1016 est,
1396 968 1454 1007 vel

795 1028 943 1078 habet).
1002 1026 1118 1084 ,Quod
1145 1026 1229 1080 ego]
1269 1024 1448 1063 Parasitus

796 1082 947 1124 scilicet.
1008 1085 1177 1122 Primum
1208 1081 1319 1134 puto]
1368 1081 1453 1119 Pri-

791 1153 995 1192 mumputo,
1008 1139 1108 1190 quali
1123 1137 1309 1188 parastum.
1346 1140 1393 1177 D.

847 1197 1046 1234 Praeterea
1083 1194 1153 1232 hoc
1187 1193 1313 1246 etiam]
1363 1191 1450 1232 Post

794 1265 841 1291 ea
855 1283 864 1301 ‚
891 1263 991 1302 quae
1010 1248 1122 1301 supra
1141 1249 1342 1287 commoda
1369 1262 1450 1286 nai·-

794 1318 960 1352 rauerat,
989 1305 1169 1359 adiungit
1198 1305 1303 1355 quod
1333 1305 1450 1342 etiam

795 1363 860 1402 fibi
902 1362 1071 1400 maxime
1102 1358 1355 1399 necessarium
1384 1359 1450 1408 est,

793 1417 899 1470 qnod
944 1431 1061 1455 nemo
1099 1417 1235 1456 melius
1279 1416 1450 1466 accipiat,

793 1487 907 1525 quam
955 1473 1077 1511 miles.
1134 1474 1282 1525 Accipit
1325 1483 1454 1510 autem

795 1527 919 1580 pascit.
951 1528 1088 1581 Virgil.
1111 1531 1233 1579 (Aen.
1254 1541 1325 1570 111,
1340 1527 1453 1580 353.)

794 1585 885 1625 Illos
916 1583 1124 1636 porticibus
1159 1597 1226 1623 rex
1253 1585 1453 1636 accipiebat

795 1646 839 1681 ini
852 1641 992 1692 amplis.
1050 1643 1093 1679 E.

850 1696 998 1743 Verba,
1026 1696 1135 1751 Qid
1160 1693 1332 1749 agimus?
1364 1692 1451 1733 snnt

795 1753 1014 1800 Chaereae,
1048 1752 1194 1803 quippe
1235 1752 1321 1801 qni,
1361 1764 1449 1788 cnm

791 1808 953 1849 Thaidis
986 1821 1119 1849 amore
1144 1821 1226 1845 non
1244 1817 1450 1852 teneretur,

790 1867 894 1916 prior
905 1863 952 1902 ad
965 1860 1281 1902 consentiendum
1297 1874 1385 1900 erat.
1410 1865 1452 1902 B.

849 1933 900 1973 52
932 1921 1075 1971 Accipit
1110 1918 1306 1972 hominem]
1341 1920 1451 1957 Acci-

786 1979 867 2030 pit,
896 1972 1029 2027 pascit,
1054 1975 1215 2014 inuitat:
1259 1986 1297 2012 vt
1326 1976 1448 2026 (Aen.

792 2046 857 2080 111,
877 2033 1009 2085 353),
1045 2032 1128 2071 Illos
1149 2028 1355 2084 porticibus
1383 2044 1451 2069 rex

794 2087 992 2141 accipiebat
1003 2092 1039 2125 in
1050 2086 1188 2140 amplis.
1251 2087 1369 2124 Nemo
1380 2100 1448 2124 me-

794 2145 864 2184 lius
885 2143 1059 2197 proisus,
1102 2156 1215 2196 neque
1239 2142 1447 2195 prolixius]

795 2204 943 2241 Horum
963 2201 1123 2238 alterum
1144 2210 1366 2250 apparatum
1396 2199 1450 2237 in-

796 2256 909 2301 dicat,
936 2256 1095 2293 alterum
1117 2255 1279 2306 copiam.
1335 2257 1381 2294 D.

852 2313 998 2363 Accipit
1039 2311 1145 2349 homo
1175 2310 1294 2363 nemo]
1340 2312 1448 2350 Seru.

795 2367 1043 2413 Aeneidnl,
1065 2379 1155 2420 353.
1211 2365 1451 2418 Rexncct'pie·

796 2423 858 2463 bat
880 2422 1079 2475 inamplis.
1138 2426 1174 2461 L.
1247 2460 1255 2462 „

847 2485 964 2532 Lege,
975 2479 1080 2518 homo
1092 2490 1203 2524 neme),
1217 2490 1239 2516 e
1250 2476 1325 2516 fide
1337 2477 1449 2517 codd.

797 2535 1047 2588 quorundam.
1103 2533 1259 2574 Deinde
1274 2545 1310 2572 vt
1329 2535 1450 2586 ingra-

797 2605 855 2631 tus
878 2592 1040 2630 enitetur
1060 2590 1195 2639 fibilus,
1214 2590 1315 2643 lege,
1339 2602 1450 2643 pror-

786 2649 887 2702 sum.
940 2651 981 2689 B.
