1815 3168
252 143 347 195 184

636 133 797 179 ACT.
832 134 910 178 IV.
948 130 1148 176 SCEN.
1178 129 1234 174 Π.

387 261 578 312 Proinde
606 262 710 308 hinc
739 278 817 307 vos
851 258 1112 306 amolimini:
1159 273 1263 303 nam
1293 256 1402 303 mihi
1432 254 1618 320 impedi-

488 348 639 385 mento
670 335 779 382 estis.

292 430 353 478 25
395 413 546 464 PAM.
600 416 696 472 Ego
728 412 840 457 hanc
869 409 1012 456 visam.
1057 405 1206 453 DAv.
1262 405 1368 470 quid
1400 405 1481 452 tn?
1531 421 1622 468 quo

491 489 594 534 hinc
617 498 658 533 tc
682 481 805 546 agis?
840 481 948 531 CH.

494 565 584 609 imo
618 565 768 608 etiam:

983 499 1136 531 verum
1159 485 1224 529 vis
1255 479 1428 530 dicam?
1466 478 1514 527 D
1529 495 1561 525 A
1576 492 1626 529 V.

398 640 677 689 Narrationis
697 637 851 702 incipit
862 635 971 684 mihi
982 637 1172 681 initium.
1198 629 1295 680 CH.
1320 632 1426 697 quid
1438 647 1508 678 me
1521 629 1594 677 fiet
1603 631 1626 677 ‘.’

268 839 513 896 prohibentis
534 852 542 877 τ

268 897 418 940 Sallust.

267 955 389 999 libro,
422 953 481 990 Ne
499 949 559 988 illa
581 963 687 989 tauro
703 951 816 1002 paria
837 948 928 998 sint,

269 1024 343 1063 pro
366 1007 523 1047 nedum.
584 1008 633 1044 D.

330 1079 385 1116 24
415 1060 582 1102 Proinde
610 1060 693 1098 hinc
722 1070 786 1098 vos
806 1059 929 1097 amoli-

1474 712 1630 754 DAv.

593 848 631 877 vt
676 834 720 877 {it
757 849 800 875 ne
840 849 926 876 non.
976 831 1497 877 Vttarditatemdiscedentis
1511 830 1636 871 osten-

457 897 516 947 (in
558 895 728 945 Fragm.)
760 891 927 932 secundo
978 894 1052 932 dat.
1109 896 1229 948 Agere
1258 890 1300 943 st·
1338 891 1444 929 enim
1471 899 1509 928 et
1535 886 1634 927 tardi

980 960 1019 987 et
1046 950 1167 987 tristes
1197 948 1388 987 dicuntur.
1417 944 1467 983 {ic
1494 943 1634 996 Virgil.

981 1008 1098 1055 (Aen.
1123 1018 1168 1052 V,
1200 1007 1336 1056 271.):
1369 999 1507 1054 Amzffis
1529 1001 1637 1039 remis

981 1072 1091 1112 atque
1119 1059 1246 1097 ordine
1273 1057 1402 1097 debilis
1421 1070 1516 1105 vno,
1547 1057 1639 1094 Irri-

275 1120 396 1173 mim']
442 1116 608 1157 Amoliri
655 1114 831 1153 dicuntur
878 1126 936 1162 ea,
974 1112 1158 1165 fizmfi'ne
1177 1114 1313 1152 honore
1327 1110 1639 1165 VatemSergestus

276 1188 379 1229 quae
397 1187 482 1212 cum
504 1186 647 1225 magna
666 1169 889 1209 difficultate
901 1180 938 1209 et

276 1231 484 1272 molimine
503 1227 800 1273 summouentur‚
823 1237 861 1267 et
871 1227 938 1264 tol-

276 1290 410 1328 luntur
438 1300 460 1325 e
486 1284 628 1323 medio.
657 1282 704 1321 lic
726 1283 821 1321 dixit
839 1281 940 1334 quali

280 1341 414 1383 odioso
435 1352 474 1381 et
492 1340 650 1380 molesto
670 1339 788 1392 (lege,
818 1336 943 1385 odiosis

280 1414 319 1440 et
339 1398 509 1451 molqftis,
546 1397 595 1434 vti
616 1409 718 1442 mox,
748 1396 944 1447 impedien-

284 1455 421 1499 tibus).
476 1452 670 1502 Diffi-edere
689 1450 845 1499 dicitur,
877 1450 944 1501 qui

283 1512 400 1552 facile
421 1509 498 1548 abit
518 1521 540 1546 e
559 1506 707 1546 medio:
737 1507 938 1554 Amolitur,

286 1570 353 1620 qui
380 1567 444 1606 vix
463 1564 620 1604 recedit.
677 1563 839 1602 Proinde
860 1564 945 1601 hinc

284 1638 355 1664 vos
380 1621 603 1674 amolimini]
646 1619 851 1659 Molestum
878 1621 946 1658 im-

287 1679 562 1732 pedimentum
592 1689 639 1714 ex
670 1676 726 1714 rei
753 1677 946 1728 magnitu-

288 1737 384 1775 dine
403 1734 560 1773 iacentis
582 1733 623 1770 in
642 1730 785 1780 medio,
804 1743 842 1770 et
857 1731 947 1771 ideo

289 1789 601 1842 impedientibus
620 1785 656 1826 se
676 1788 781 1837 dixit,
813 1788 949 1827 Amoli-

288 1849 384 1887 mim'
404 1846 504 1892 hinc,
536 1858 617 1882 non
639 1843 753 1882 abite.
811 1844 948 1893 Proin-

293 1905 336 1943 de
364 1902 453 1942 hinc
483 1914 551 1938 vos
580 1900 832 1952 amolimini?]
873 1901 952 1950 Spe

294 1960 449 2005 iniefilan
474 1957 589 1995 etiam
609 1955 769 1993 domino
789 1956 953 2006 imperat

294 2014 422 2055 seruus
443 2011 614 2051 callidus.
659 2012 760 2049 Nam
774 2011 867 2049 mihi
888 2014 951 2048 im-

986 1171 1129 1226 agebat.
1182 1168 1291 1209 Idem
1319 1167 1407 1207 alibi
1435 1169 1555 1219 (Aen.
1581 1179 1640 1214 vr,

988 1229 1101 1280 337.)
1133 1228 1221 1265 Ecce
1238 1222 1553 1280 gubernatorseft
1572 1222 1644 1263 Pa-

987 1286 1130 1322 linurus
1167 1285 1306 1336 agebar
1362 1283 1454 1336 Qo
1492 1278 1574 1317 hinc
1608 1291 1645 1317 te

992 1339 1127 1392 agis?]
1158 1338 1383 1378 Admonitio
1403 1333 1645 1383 discedentis,
1673 1363 1676 1366 »

993 1408 1033 1434 vt
1069 1393 1173 1433 solet.
1229 1397 1343 1433 Nam,
1366 1407 1386 1432 a
1419 1405 1495 1443 quo
1528 1388 1648 1430 disce-

994 1453 1086 1492 dere
1107 1449 1372 1496 desideramus,
1395 1449 1648 1487 admonemus

995 1522 1084 1546 eum
1115 1506 1178 1545 vbi
1204 1505 1337 1554 vadat,
1384 1505 1443 1543 vel
1473 1517 1548 1555 quo
1575 1513 1648 1541 eat.

994 1564 1036 1604 ld
1054 1562 1182 1602 faeere
1202 1576 1272 1614 per
1289 1561 1649 1613 interrogationem,

994 1620 1181 1659 admonet
1198 1621 1330 1659 Dauus
1354 1617 1585 1662 Charinum,
1612 1626 1652 1654 vt

995 1674 1075 1728 ipse
1111 1673 1288 1714 abscedat
1326 1673 1539 1721 Charinus,
1582 1672 1651 1723 qui

997 1745 1103 1770 nunc
1144 1731 1294 1769 vltimus
1329 1740 1515 1768 remanet.
1586 1728 1653 1766 Ve-

995 1803 1079 1828 rum
1095 1790 1152 1827 vis
1171 1786 1307 1839 dicam]
1335 1789 1405 1825 Pro
1416 1785 1527 1823 initio
1548 1780 1655 1823 sedu-

997 1846 1058 1883 lae
1094 1843 1320 1882 narrationis
1356 1841 1429 1879 hoc
1460 1838 1653 1878 sumimus.

999 1904 1059 1940 Ac
1078 1899 1126 1938 fic
1143 1896 1348 1949 respondet
1359 1896 1562 1942 Charinus,
1574 1905 1654 1934 tan-

1001 1969 1114 2007 quam
1128 1955 1192 2005 qui
1210 1954 1411 2004 intelligat,
1433 1965 1514 1990 non
1525 1951 1656 1990 dicere

1002 2009 1148 2062 (sensus
1183 2009 1344 2061 postulat
1371 2008 1431 2046 vel
1460 2009 1553 2055 dici,
1591 2007 1657 2046 vel

292 2073 502 2125 pedimenzo
520 2067 614 2121 estis]
646 2071 784 2107 Vtrum
803 2067 873 2105 boc
893 2079 954 2104 ve·
991 2068 1111 2120 scire,
1151 2066 1211 2104 vel
1241 2064 1381 2114 discere.
1426 2063 1494 2103 Ed.
1524 2068 1589 2105 Du
1616 2066 1657 2103 B.

297 2141 340 2167 re
361 2126 474 2171 dicit,
505 2138 553 2162 an
574 2123 703 2175 fingit,
734 2123 801 2173 qui
829 2122 956 2161 adhuc

297 2182 496 2222 confilium
531 2193 612 2218 non
643 2179 819 2226 inuenit,
850 2177 955 2230 quod

298 2250 455 2279 narrare
475 2235 606 2286 poffit?
664 2236 712 2273 D.

357 2293 587 2345 Amolimim']
621 2288 827 2330 Discedite.
859 2293 957 2330 Nam

299 2351 434 2390 molior
454 2348 507 2387 est
532 2361 654 2386 conor
674 2347 734 2384 vel
756 2349 956 2400 excogito:

301 2407 409 2447 vnde
425 2406 585 2445 amolior
605 2414 642 2441 et
654 2403 840 2442 demolior.
870 2404 960 2444 Mo-

301 2464 338 2503 lo
359 2475 463 2510 vero,
484 2461 537 2499 est
558 2459 701 2498 molam
724 2470 845 2498 verto.
875 2462 919 2499 E.

357 2528 410 2570 25
444 2517 568 2569 Hanc]
610 2515 833 2568 Glycerium
866 2512 963 2554 scili-

303 2586 376 2614 cet.
407 2585 445 2612 et
468 2586 554 2611 cum
576 2568 824 2610 miseratione
852 2571 962 2622 puel-

302 2633 374 2679 lae,
398 2630 502 2670 hanc.
557 2628 643 2684 Qo
664 2623 749 2666 binc
775 2640 812 2667 te
835 2629 917 2685 agis
928 2627 962 2681 ἲ]
981 2619 989 2625 “

1004 2125 1087 2163 dici.
1119 2119 1188 2162 ΜΓ.
1201 2121 1347 2161 Boend.
1371 2121 1443 2159 dici
1454 2118 1540 2170 sibi.
1558 2132 1658 2171 quae

1006 2193 1094 2219 vera
1121 2178 1234 2217 lefflo
1262 2177 1428 2223 videtur)
1457 2176 1557 2214 velle
1584 2178 1659 2215 Da-

1005 2249 1099 2274 uum
1117 2247 1192 2285 quo
1214 2245 1294 2272 eat:
1326 2232 1391 2272 sed
1409 2231 1447 2270 id
1469 2245 1598 2284 agere,
1622 2241 1661 2271 vt

1007 2289 1193 2331 abscedat.
1248 2291 1298 2329 D.

1062 2351 1114 2389 26
1149 2346 1404 2384 Narrationis
1421 2345 1550 2395 incipit
1568 2341 1663 2381 mihi

1008 2401 1181 2455 initium]
1229 2401 1463 2441 Narrationis
1506 2397 1660 2446 scilicet,

1012 2473 1088 2511 quo
1117 2470 1190 2496 eat.
1226 2459 1334 2508 quia,
1372 2459 1500 2496 Vei-um
1531 2457 1590 2495 vis
1611 2455 1665 2493 di-

1013 2529 1089 2555 cam
1099 2545 1107 2563 ,
1138 2514 1243 2553 velut
1271 2514 1511 2565 prooemium
1537 2525 1664 2549 narra-

1013 2572 1086 2611 turi
1106 2569 1170 2609 est.
1212 2570 1317 2626 ¹Qid
1336 2583 1388 2606 me
1399 2566 1524 2620 ᾔειῖ]
1557 2567 1664 2616 Quid

1012 2628 1140 2681 igitur,
1163 2626 1299 2679 inquit,
1319 2624 1414 2677 quid
1433 2623 1482 2664 de
1496 2636 1561 2663 me
1571 2622 1668 2663 fiet?

1621 2678 1670 2718 ab
