1815 3168
704 23 708 41 1

703 107 996 156 ANDRIA.

1436 114 1528 163 231

303 242 448 291 Nam,
479 252 562 298 ego
598 252 707 300 quae
730 235 854 289 dico,
881 249 984 282 vera
1004 247 1058 278 an
1082 228 1178 276 falsa
1201 227 1409 282 audieris,
1445 232 1538 281 iam

400 314 493 360 sciri
525 311 680 377 potest.

206 408 267 441 20
303 392 472 436 Atticus
503 387 678 451 quidam
715 385 844 437 olim,
874 385 978 430 naui
1008 377 1155 433 frasta,
1191 377 1308 443 apud
1329 377 1533 426 Andrum

401 460 562 509 elegius
587 460 660 516 est,

301 543 358 586 Et
377 537 500 584 istaec
521 556 604 585 vna
623 554 759 603 parua
777 537 918 596 virgo.
943 543 1040 581 tum
1062 532 1134 578 ille
1157 546 1304 592 egenS,
1325 526 1438 575 forte
1460 544 1533 592 ap-

398 614 529 679 plicat

297 691 496 737 Primum
529 687 582 734 ad
605 684 823 749 Chrysidis
848 695 1018 750 patrem
1051 682 1104 730 se.
1145 678 1219 728 SI.
1254 678 1446 727 fabulam
1465 678 1532 725 in-

397 773 552 829 ceptat.
590 758 698 809 CH.
734 760 837 808 fine.

299 834 404 885 CR.
437 843 559 885 Itane
581 854 685 885 vero
705 835 938 883 obturbat?
975 830 1080 882 CH.
1119 847 1269 899 perge·
1302 824 1407 875 CR.
1431 837 1529 874 tum

395 916 431 960 is
452 913 562 960 mihi
587 922 794 973 cognatus
820 913 915 964 fuit,

300 992 392 1045 Qui
427 1006 529 1035 eum
554 990 734 1054 recepit.
770 987 832 1036 ibi
854 1003 937 1049 ego
960 985 1107 1033 audiui
1128 1000 1178 1032 ex
1200 982 1300 1035 sslo,
1339 979 1421 1028 se'se
1445 974 1528 1056 effe

394 1067 605 1112 Atticum.

220 1272 271 1317 19
301 1261 381 1303 Iam
397 1263 497 1315 sciri
523 1263 657 1318 potest]
696 1264 816 1304 Addi-

166 1321 224 1359 dit
243 1332 280 1360 et
301 1322 483 1371 temporis
501 1321 749 1360 celeritatem.
780 1331 819 1359 et

163 1389 308 1428 magna
342 1377 559 1414 maturitate
591 1375 699 1414 dixit.
730 1379 782 1417 D.

219 1432 334 1472 Liber
355 1431 562 1470 Bembinus
594 1442 633 1470 et
650 1431 821 1484 Collegii

164 1489 212 1529 C.
239 1489 285 1528 C.
316 1486 399 1525 cod.
424 1488 525 1526 recie
550 1488 687 1539 legunt
703 1489 823 1526 audie-

165 1546 238 1583 rim
258 1540 302 1581 se.
323 1555 370 1580 ex
393 1541 549 1581 Phania.
575 1543 743 1590 cf.v.28.
775 1546 816 1581 B.

219 1610 274 1640 20
320 1600 474 1637 Atticus
517 1598 667 1649 quidam
712 1597 818 1650 olim]

161 1656 272 1694 Haec
296 1667 380 1705 pars
390 1654 607 1706 argumenti
618 1652 696 1692 est:
720 1666 820 1705 quae

164 1707 330 1760 etsupra
347 1711 424 1748 iam
446 1708 555 1748 dieta.
611 1713 663 1750 D.

214 1768 364 1804 Atticus
383 1766 533 1818 quidam
548 1765 660 1819 fuit]
688 1768 820 1805 Narra-

164 1821 218 1859 tio
238 1821 375 1872 incipit
394 1820 441 1858 ad
456 1822 734 1873 cognitionem.
771 1824 815 1863 E.

217 1875 312 1915 Olim
347 1879 437 1916 naui
455 1877 607 1932 fraHa]
637 1874 816 1917 Priscian.

157 1930 228 1972 lib.
254 1945 325 1972 ux.
384 1935 426 1973 L.

218 1987 333 2028 Liber
358 1987 569 2029 Bembinus
594 1989 698 2029 reae
723 1989 820 2042 legit

162 2043 216 2084 ad
238 2045 417 2083 Andrum.
479 2047 521 2084 B.

216 2111 267 2142 21
307 2100 425 2140 Forte
459 2100 647 2154 applicat]
697 2099 821 2152 Appli-

161 2168 232 2202 cat,
259 2158 414 2208 proprie
434 2155 484 2195 de
506 2156 694 2209 naufrago
713 2157 754 2194 in
780 2156 821 2194 li-

159 2221 218 2249 tus
238 2213 358 2251 eieao
376 2223 489 2264 atque
501 2213 645 2265 egenti.
703 2215 752 2252 D.

218 2279 271 2308 22
302 2268 469 2307 Primum
489 2270 538 2307 ad
558 2267 743 2318 Chrysidis
759 2278 824 2318 pa-

162 2323 276 2376 trem]
320 2324 428 2373 Quid
459 2324 530 2372 est,
554 2326 745 2375 primum?
775 2337 824 2360 :m

161 2378 255 2427 quia
284 2379 411 2427 postea
443 2390 615 2419 mortuus
648 2379 728 2419 est?
758 2379 825 2417 Fa-

166 2431 292 2471 hulam>
313 2441 488 2488 inceptat]
518 2438 597 2474 Aut
616 2436 663 2474 ad
677 2448 823 2473 comoe-

165 2488 274 2526 diam
287 2491 625 2542 retulitfizbulam:
657 2492 748 2542 qnia
760 2490 825 2540 fa-

167 2542 253 2582 bula
285 2547 508 2586 comoedia:
535 2559 574 2585 et
604 2548 692 2598 quia
718 2560 827 2600 argu-

166 2610 343 2641 mentum
377 2601 478 2654 quaii
515 2602 668 2643 fabulae
702 2616 827 2644 narra-

1459 1145 1527 1192 25

864 1274 938 1303 tur.
975 1274 1041 1302 aut
1076 1269 1180 1301 certe
1222 1259 1271 1298 ad
1308 1254 1525 1296 irrisionem

867 1318 1094 1359 narrationis
1124 1317 1226 1356 dicit.
1263 1313 1408 1353 etenim
1436 1309 1525 1349 olim

868 1374 1023 1414 fabulae
1042 1373 1253 1424 proprium,
1286 1379 1325 1407 vt
1343 1366 1526 1405 Horatius

869 1432 1009 1483 (Serm.
1027 1441 1073 1476 11,
1094 1430 1225 1479 6,70.)
1251 1448 1306 1456 --
1341 1423 1427 1460 olem
1450 1421 1525 1459 Ra-

861 1486 975 1537 sticus
995 1482 1179 1522 vrbanam
1197 1494 1331 1521 murem
1342 1491 1419 1516 mus
1432 1489 1527 1529 pau-

867 1553 950 1594 pere
960 1541 1096 1592 fertur
1105 1536 1278 1589 Accepfffi
1298 1547 1400 1583 calm,
1422 1545 1524 1571 vete-

870 1610 946 1636 rem
964 1608 1069 1634 vetus
1087 1593 1211 1646 hospes
1228 1594 1396 1631 amicum.
1429 1591 1481 1629 D.

924 1664 975 1703 23
1013 1651 1120 1688 Itane
1152 1662 1238 1687 vero
1284 1643 1536 1697 obturbatnj.

869 1708 910 1749 Si
944 1705 1212 1758 subdistinguit
1241 1700 1528 1755 (fitlaedzstinguis

868 1765 950 1816 Z),
981 1762 1203 1813 interstrepit
1224 1760 1378 1809 accipe:
1406 1756 1526 1795 iinon

871 1818 1072 1870 distinguit
1091 1816 1298 1869 (dzstinguis
1316 1815 1403 1865 Z),
1428 1824 1527 1850 euer-

866 1878 916 1916 tit
951 1874 1160 1926 intelligas.
1215 1873 1323 1910 Itane
1350 1882 1436 1907 vero
1468 1864 1529 1904 ob-

868 1930 997 1972 turbat
1009 1930 1040 1984 ?]
1074 1927 1208 1975 Potest,
1218 1929 1319 1966 itane
1334 1939 1432 1972 vero,
1448 1921 1528 1961 sub,

870 1987 1070 2038 distingui:
1101 1995 1139 2023 et
1168 1982 1217 2021 fic
1253 1996 1340 2020 cum
1374 1978 1530 2019 commi-

870 2044 1031 2084 natione
1052 2040 1199 2085 infeffl,
1222 2037 1407 2077 obturbat.
1437 2040 1488 2076 D.

926 2100 989 2138 Ita
1006 2110 1092 2135 vero
1114 2091 1352 2146 ohturbm‘?]
1384 2095 1437 2131 lta
1465 2087 1531 2129 sci·

871 2157 962 2196 licet
982 2151 1281 2202 interloquitur?
1338 2152 1381 2188 E.

925 2216 995 2251 Pro
1024 2222 1119 2256 tum,
1151 2206 1253 2256 quod
1274 2201 1426 2256 prorsus
1450 2201 1535 2239 ine-

873 2279 983 2320 ptum
1007 2263 1080 2313 est,
1110 2264 1260 2315 corrige
1280 2275 1341 2311 zu,
1372 2269 1412 2299 et
1429 2255 1543 2296 resen

874 2323 922 2363 ad
944 2334 1066 2376 perge.
1124 2322 1163 2359 Β.

929 2390 982 2431 94
1025 2374 1083 2415 Ibi
1121 2388 1184 2428 ego
1210 2372 1342 2412 audiui
1376 2383 1422 2408 ex
1452 2366 1536 2419 illo]

873 2438 1023 2487 Magna
1081 2429 1323 2469 confirmatio
1363 2423 1537 2466 veritatis

877 2491 938 2531 est.
996 2491 1043 2528 D.

928 2542 1151 2586 Menander
1177 2538 1229 2579 vin
1269 2542 1318 2585 τῷ
1353 2540 1538 2582 πωλεμένῳ.

871 2601 983 2656 apud
1017 2598 1262 2639 Athenaeum
1287 2609 1362 2639 v1:
1401 2615 1456 2624 —-
1483 2611 1540 2621 --
1608 2596 1611 2600 '

987 2660 1013 2698 Ρ
1044 2667 1073 2709 4
1425 2651 1540 2689 Τάλοις
