1815 3168
707 101 995 149 ANDRIA.
1431 103 1524 150 247

293 241 376 286 C‘n
400 254 450 282 R.
486 238 598 282 Non
620 247 739 279 noua
767 226 893 275 istaec
914 224 1023 272 mihi
1048 222 1244 270 conditio
1273 217 1356 270 est.
1396 216 1425 263 si
1452 235 1526 266 vo-

524 304 708 359 luiffem,
732 302 975 368 Pamphile.

291 392 392 438 Cn
430 385 596 437 Occidi,
619 388 759 431 Daue,
780 381 915 445 perii'
956 378 991 422 C
1009 394 1037 420 u
1060 393 1109 419 R
1147 370 1232 419 Sed
1256 369 1301 416 id
1316 368 1526 432 quamob-

523 476 617 506 rem
644 474 736 504 non
757 455 893 507 volui,
918 452 1113 513 eloquai.

288 544 401 588 Non
431 537 618 587 idcirco,
654 530 774 596 quod
799 546 901 576 eum
921 524 1097 574 affinem
1119 522 1230 569 mihi
1253 520 1434 567 nollem.
1477 521 1525 564 P.

526 615 661 662 Hem,
688 619 792 654 tace.

291 693 327 737 C
342 708 370 735 H
392 707 442 735 R.
473 686 557 735 Sed
583 685 766 730 amicitia
786 677 944 733 nostra,
972 693 1083 741 quae
1108 672 1167 721 est
1190 690 1212 719 a
1233 670 1431 738 patribus
1447 684 1523 715 no-

527 760 620 808 stris
652 757 820 808 tradita,

285 845 402 892 -Non
451 838 639 925 aliquam
679 843 855 898 partem
898 828 1026 876 studii
1061 822 1295 874 addussam
1328 819 1440 869 tradi
1471 818 1526 866 li-

525 913 656 963 beris,

288 995 428 1040 Nunc
451 1005 551 1035 cum
574 986 699 1050 copia
721 993 850 1046 atque
873 981 1048 1028 fortuna
1059 978 1232 1040 vtrique
1250 982 1297 1021 vt
1317 971 1521 1034 obseque-

522 1073 658 1114 retur,
685 1059 818 1116 dedit,
844 1057 987 1105 detur
1025 1059 1073 1101 P.
1112 1052 1227 1099 bene
1507 1061 1510 1063 ’

289 1138 500 1191 Fastum:
540 1137 632 1189 abi,
673 1145 801 1198 atque
835 1149 915 1194 age
949 1131 1105 1192 gratias
1140 1125 1329 1174 homini.
1368 1125 1454 1177 Cen
1475 1137 1521 1165 A.

523 1213 685 1263 SalueS,
720 1210 932 1256 Chremes
952 1208 1197 1252 amicorum

290 1295 502 1341 Meorum
525 1288 726 1335 omnium
751 1284 862 1330 mihi
881 1279 1100 1333 carissime,
1127 1275 1249 1342 quod
1274 1274 1384 1323 mihi
1405 1287 1523 1320 com-

525 1361 709 1408 modum
729 1357 802 1410 est,
825 1357 1002 1418 gaudiO,

294 1447 443 1498 Quam
466 1436 525 1490 id,
549 1433 670 1499 quod
693 1451 715 1479 a
733 1442 777 1479 te
797 1442 969 1496 expeto,
993 1445 1065 1477 me
1084 1421 1304 1494 reperisse,
1333 1432 1381 1471 vt
1399 1420 1522 1468 habi-

526 1522 597 1557 tus
621 1508 802 1555 antehac
826 1507 892 1554 fui

294 1590 405 1640 Tibi
438 1588 648 1636 animum,
670 1599 761 1646 quo
794 1581 1041 1644 adeumque
1072 1577 1303 1644 applicatis
1333 1572 1526 1621 studium

518 1657 683 1707 [exinde
711 1668 760 1704 vt
781 1658 877 1709 erit,

293 1746 419 1791 Tute
450 1733 755 1785 existimaueris
784 1730 831 1778 id
861 1733 921 1778 ita
949 1726 1032 1777 effe
1053 1729 1194 1778 facere
1214 1743 1265 1774 ex
1287 1741 1359 1772 me
1383 1723 1527 1771 conie-

529 1808 698 1857 &uram
720 1824 772 1854 ex
793 1822 865 1854 me
888 1806 1003 1855 licet.

282 1891 477 1956 ‚Alienus
516 1885 590 1933 abs
620 1894 665 1931 te
686 1894 834 1930 tamen
854 1884 952 1945 quis
975 1892 1024 1927 tu
1047 1876 1151 1926 effes
1168 1915 1181 1931 ,
1222 1890 1436 1925 noueras,
1470 1872 1529 1918 ita

528 1978 598 2009 res
624 1957 695 2006 est.
745 1961 781 2004 C
797 1975 827 2003 u
848 1975 897 2003 a.
940 1959 1131 2004 Gnatam
1153 1952 1234 2001 ‘tibi
1253 1965 1399 1999 meam

296 2041 605 2092 Philumenam
632 2047 842 2087 onrem,
888 2040 933 2078 et
965 2030 1079 2079 dotis
1118 2029 1186 2079 fex
1215 2027 1375 2076 talenta
1404 2023 1531 2090 spon-

532 2113 629 2161 deo.

829 2613 998 2694 Q4-
1094 2609 1098 2612 -
1413 2637 1546 2668 181»
