1815 3168
524 49 980 124 'Evacflva

1362 89 1461 138 435

169 224 196 272 ς
233 203 394 256 Videre
415 203 548 257 mihi,
586 219 719 266 quam
741 196 933 252 dudum!
968 203 1049 248 ΡΥ.
1084 200 1267 250 certe‘tu
1282 205 1460 268 quidem

332 281 409 346 pol
432 279 571 327 multo
592 277 788 329 hilarior.

178 413 209 423 γ’
234 353 344 404 CH.
385 355 582 403 Verbum
615 353 759 400 hercle
789 352 876 399 hoc
907 367 1060 400 verum
1082 350 1154 407 est,
1189 350 1277 401 fine
1301 358 1461 403 Cerere

331 439 374 478 et
394 430 554 477 Libero
575 428 706 489 friget
724 433 893 476 Venus.

91 537 265 588 ,rymzmb'c
283 545 321 581 et
341 532 425 574 satis
443 534 542 572 miro
563 531 755 583 exemplu,

68 611 71 615 ’
102 605 286 634 mutatam
304 591 434 639 credit,
454 584 756 641 postquam-ipse

104 659 272 690 mutatus
321 647 387 687 est.
464 646 616 699 Qanto
658 655 754 682 nunc

1374 431 1461 478 Sed

805 530 940 570 dinem
953 533 1165 573 naturalem
1176 530 1357 573 seruauit:
1371 547 1462 574 nam

803 588 974 639 primum
994 589 1123 638 tibus,
1158 589 1316 629 deinde
1333 600 1461 640 potus,

803 643 995 696 postremo
1013 644 1134 683 libido
1148 647 1338 684 Vener-ea.
1378 645 1464 684 Fri-

94 704 303 758 formosz'or
320 703 442 742 videre
452 700 552 749 mihi,
572 713 678 753 quam
690 699 756 738 du--
800 712 865 753 get
888 710 1027 748 autern,
1047 701 1135 751 quia
1157 702 1282 739 omnis
1301 699 1465 740 eiusmo-

104 761 189 800 dum
199 761 241 813 Ι]
273 763 359 800 Hoc
378 758 540 797 multum
557 755 760 796 Academi-

103 829 170 855 cos
189 817 302 863 iuuat,
325 815 391 865 qui
412 815 540 852 aiunt:
571 809 758 851 Prouuha-

104 872 176 911 biti
193 871 379 910 fuerimus
397 880 511 920 atque
530 865 677 914 affecti,
709 867 762 904 ita

102 928 219 968 nobis
239 926 343 965 aliud
361 936 478 977 atque
494 922 599 963 aliud
622 922 763 962 videri:

105 990 147 1024 et
164 983 254 1022 ideo
271 982 371 1022 nihil
390 981 482 1021 certi
509 978 762 1030 compi-ebenu

52 1084 54 1086 ,
106 1039 148 1080 di
168 1037 287 1092 pofle.
348 1041 396 1079 D.

163 1096 261 1137 cod.
281 1095 471 1147 plerique,
491 1091 649 1133 Chreme.
676 1093 718 1131 B.

167 1163 191 1204 5
224 1153 331 1191 Certe
359 1163 400 1190 tu
429 1150 572 1203 quidem
593 1148 686 1202 pol]
715 1148 762 1186 Et

111 1208 220 1251 certe
240 1218 278 1245 et
298 1206 377 1253 Pol,
397 1206 493 1245 haec
516 1204 623 1250 dixit,
643 1215 680 1243 vt
699 1217 763 1254 ap-

109 1273 264 1318 pareret
281 1262 381 1300 hane
399 1274 493 1301 vere
512 1261 632 1312 loqui,
667 1270 766 1310 quae

112 1319 237 1361 sobria
264 1317 336 1358 est:
363 1317 471 1355 illum
497 1327 589 1354 vero
607 1327 657 1354 ex
675 1315 764 1352 vino

111 1375 206 1416 falli.
260 1377 308 1414 Et
326 1371 558 1419 honorifice,
588 1382 703 1421 atque
729 1379 767 1407 vt

113 1430 257 1476 sobria,
290 1439 371 1468 non
390 1428 485 1466 dixit
502 1426 767 1470 temulentior,

116 1497 183 1528 aut
200 1484 381 1532 lasciuior,
404 1482 470 1522 sed
488 1484 660 1521 alacrior.
693 1481 740 1519 D.

167 1542 240 1582 Pol
269 1541 384 1580 multo
420 1538 594 1591 hilarior]
642 1540 696 1577 Ita
732 1546 770 1573 ο-

117 1611 231 1639 mnes
273 1598 362 1636 libri
402 1594 550 1646 scripti:
595 1596 768 1632 Donatus

119 1668 273 1702 tamen,
304 1653 483 1699 alacrior,
514 1646 649 1702 legiss'e
668 1647 771 1686 vide-

119 1723 193 1757 tur.
253 1714 292 1750 L.

177 1768 291 1807 Certo
320 1762 436 1804 habet
451 1759 583 1803 Bemb.
639 1758 717 1801 Sed
735 1771 774 1797 o—

119 1835 233 1865 mnes
259 1820 395 1869 nostri,
432 1829 551 1859 certe.-
585 1814 692 1868 quod
718 1828 776 1854 re-

120 1881 223 1920 &um
246 1876 311 1916 est.
368 1879 409 1916 B.

177 1938 202 1978 6
235 1931 392 1974 Verbum
418 1928 534 1971 hercle
561 1926 647 1982 hoc]
686 1925 775 1967 Ver-

121 1990 229 2039 bum,
256 1988 515 2042 prouerbium.
547 1996 586 2025 vt
611 1984 715 2023 idem
734 1985 777 2023 in.

104 2067 108 2072 -
123 2048 282 2097 Andria,
306 2044 463 2085 Verbum
475 2042 563 2082 illud
575 2053 703 2081 verum
712 2038 771 2089 est,

78 2144 80 2146 .
123 2103 237 2159 vulgo
255 2103 352 2157 quod
368 2101 443 2140 dici
455 2099 563 2150 Jblet.
621 2096 704 2135 Sine
716 2096 777 2134 Ce-

127 2174 208 2200 rere
241 2173 275 2198 et
313 2155 451 2197 Libero
474 2156 609 2209 friget·
638 2150 778 2206 Venus]

127 2215 216 2255 Hoc
240 2213 266 2254 fi
282 2214 329 2254 ad
361 2209 589 2252 sententiam
607 2219 778 2255 reuoees,

131 2284 214 2310 non
235 2270 441 2312 conueniet
451 2268 579 2308 ebrio:
611 2264 637 2305 fi
655 2264 703 2303 ad
716 2275 783 2315 pe-

131 2327 344 2374 tulantiam,
361 2335 477 2378 quarn
509 2328 522 2340 ·
551 2322 600 2361 {ic
619 2330 710 2360 ante
730 2318 784 2358 di-

134 2381 237 2421 aum
255 2381 308 2420 est
325 2383 515 2434 (perquam
542 2377 592 2417 ad
609 2390 683 2417 rem
701 2387 785 2426 apte

135 2437 272 2478 diaeum
298 2436 352 2488 est.
388 2439 462 2488 Z).
518 2436 616 2475 Nam
653 2443 692 2474 et
717 2433 785 2470 im-

137 2491 296 2546 probior
323 2491 439 2531 fafflis
465 2491 530 2531 est.
589 2493 636 2530 Et
668 2500 786 2540 quum

137 2549 290 2601 tropice
315 2548 460 2591 locutus
485 2547 542 2598 fit,
571 2557 703 2588 tamen
730 2556 788 2601 qr-

806 755 846 793 di
868 756 1041 806 voluptas
1061 757 1103 794 iu
1124 756 1250 795 calore
1265 754 1465 809 sanguinis

807 809 1004 849 constituta
1021 811 1098 857 est,
1125 812 1191 863 qui
1209 812 1268 850 his
1295 813 1407 852 rebus
1428 828 1465 853 a·

808 867 909 906 litur.
961 869 1008 906 Et
1026 867 1157 922 Friget
1176 868 1345 920 proprie,
1365 882 1467 918 non,

808 922 1002 962 adhaeret.
1074 924 1319 962 Translatum
1357 926 1468 966 enim

812 978 886 1017 hoc
904 978 1154 1030 prouerbium
1166 994 1186 1018 a
1197 981 1395 1031 picatione
1407 995 1470 1021 va-

810 1033 948 1081 sorum,
968 1034 1226 1088 quaefidgida,
1246 1036 1463 1091 (frigidam,

808 1103 974 1142 vterque
1008 1089 1075 1128 lib.
1133 1091 1341 1132 Caeterum
1368 1092 1469 1131 hane

810 1147 1174 1198 interpretationem
1219 1149 1321 1186 reete
1366 1145 1473 1188 Eras-

811 1216 895 1242 mus
926 1204 967 1241 in
987 1201 1111 1254 Adag.
1142 1203 1236 1241 dicit
1263 1203 1471 1257 frigidam)

813 1261 938 1311 picem
955 1271 1037 1297 non
1055 1269 1212 1297 tenent:
1243 1272 1364 1311 quum
1393 1261 1470 1299 alia

815 1315 934 1352 multa
953 1313 1095 1363 (multo,
1118 1314 1192 1352 edd
1218 1316 1473 1367 Vener.)me-

817 1370 912 1423 liora
937 1367 1009 1407 fint
1035 1368 1084 1407 ad
1113 1367 1213 1408 vsum
1233 1369 1396 1423 frigida,
1431 1379 1475 1409 vt

815 1425 982 1472 ferrum,
1009 1436 1227 1476 argentum,
1255 1439 1400 1474 aurum,
1432 1435 1476 1465 et

818 1490 970 1519 caetera
1005 1476 1236 1520 huiusmodi.
1300 1484 1398 1521 Nam
1422 1481 1479 1520 fic

818 1536 920 1581 alibi,
942 1533 1013 1573 Vln·
1020 1536 1162 1589 friget,
1189 1539 1257 1574 huc
1274 1534 1396 1588 euafi't.
1429 1537 1480 1576 Et

821 1592 910 1631 vide
929 1601 1003 1629 tres
1029 1598 1249 1639 μετωνυμίαις,
1277 1593 1482 1641 Cererem,

820 1647 1012 1695 Liberum,
1031 1650 1244 1687 Venerem.
1301 1650 1351 1687 D.

876 1704 961 1743 Sine
983 1702 1112 1742 Cerere
1131 1715 1166 1741 et
1188 1702 1337 1757 Libero]
1368 1704 1489 1745 Cice-'

822 1772 864 1799 ro
884 1756 935 1798 de
952 1761 1081 1798 Natur.
1107 1758 1212 1798 deor.
1232 1764 1354 1811 1<1,'23‚
1384 1759 1487 1799 Fru-

822 1829 885 1872 ges
907 1816 1071 1854 Cererem
1089 1812 1321 1866 appellamus,
1348 1817 1488 1855 vinum

824 1881 946 1911 autem
975 1869 1176 1913 Liberum3
1213 1884 1261 1910 ex·
1289 1883 1358 1924 quo
1390 1870 1489 1911 illud.

830 1928 1014 1973 Terentii,
1046 1924 1128 1965 fine
1149 1928 1296 1967 deret-e
1314 1938 1354 1965 et
1371 1927 1491 1968 Libe-

823 1996 867 2023 ro
885 1982 1005 2036 friget
1030 1985 1175 2022 Venus.
1233 1983 1423 2023 Minutius
1433 1984 1498 2027 {m

825 2040 998 2080 Oc‘tauio.
1032 2049 1095 2080 21.
1156 2039 1326 2078 Comicus
1354 2039 1493 2090 sermo»

826 2095 883 2148 est,
904 2099 1101 2136 Venerem
1117 2092 1196 2133 fine
1210 2093 1346 2132 Libero
1356 2106 1395 2134 et
1408 2097 1490 2136 Ce-

827 2162 914 2191 rere
935 2149 1088 2204 frigere.
1131 2147 1420 2202 Hieron.Epist.
1435 2149 1494 2191 atss

830 2208 1003 2250 Furiam:
1033 2207 1160 2245 Etiam
1180 2206 1360 2253 Comirus,
1381 2209 1492 2245 cuius·

823 2260 917 2315 finis
946 2261 1011 2315 est,
1045 2261 1221 2300 humanos
1249 2275 1368 2301 mores
1390 2262 1489 2314 nosse

832 2330 941 2372 atque
961 2316 1171 2368 defiribere,
1192 2317 1364 2356 dixerit.-
1392 2319 1490 2358 Sine

833 2377 979 2418 Cerere
998 2382 1038 2413 et
1053 2372 1193 2413 Libero
1214 2372 1334 2427 friget
1342 2375 1490 2415 Venus.

832 2430 946 2471 Theo
966 2431 1009 2468 in
1028 2431 1130 2469 Atat.
1159 2437 1213 2468 καὶ
1245 2432 1351 2477 ὀρθοῖς
1377 2429 1497 2468 Διόνυ-

834 2501 889 2531 σος
909 2494 964 2525 καὶ
984 2486 1148 2532 Ᾰφςυδίτη
1164 2492 1317 2533 λέγονται
1340 2483 1416 2534 μετ’
1434 2490 1496 2524 ἀλ.

835 2541 940 2590 nim»
961 2540 1044 2580 εἶναι
1065 2552 1137 2586 etc.
1169 2539 1340 2597 Euripid.
1361 2541 1439 2582 οἵγε
1456 2538 1497 2578 δὲ

943 2599 1008 2658 Ee
1037 2608 1064 2642 ²
1381 2597 1499 2650 W&
