1815 3168
518 146 521 147 ⁷
564 176 922 239 ΤΕΚΕΝἸἪἱ
956 176 1147 223 VITA.
1379 192 1540 223 xxxva

171 300 216 340 in
232 295 454 338 seruitutem
473 296 626 342 du&us;
654 297 722 335 ille
743 295 922 344 Senator,
953 294 1016 335 hie
1035 298 1176 343 Poeta3
1205 295 1280 336 ille·
1299 297 1375 335 iam
1406 295 1535 337 senior

170 368 240 403 eo,
271 352 334 391 hic
359 366 457 404 puer
474 365 522 391 eo
545 363 737 403 tempore,
757 365 834 403 quo
853 366 876 390 a
896 352 1080 392 Rom-anis
1098 350 1274 393 Ducibus
1296 364 1427 403 captus
1456 354 1531 392 est:

166 412 214 451 in
241 422 315 460 qua
342 409 561 459 captiuitate
591 408 640 446 ob
669 409 905 460 elegantiam
923 420 1079 446 morum
1107 406 1155 445 ad
1172 420 1401 458 magnorum
1424 410 1533 449 venit

166 465 373 508 amicitias;
404 475 519 515 vtque
545 465 596 502 air
614 463 797 504 Eusebius
831 463 929 502 libro
958 463 1008 502 de
1026 462 1310 514 Temporibus,
1344 462 1392 501 ob
1420 464 1531 516 inge-

165 522 277 562 nium
304 531 343 558 et
370 519 533 558 formam
560 519 739 559 libertate
772 519 935 558 donatus
963 518 1027 558 est.
1083 521 1188 557 Inter
1216 528 1271 557 tot
1295 517 1529 558 diuerfitates

163 576 305 617 :fallere
341 589 415 615 vna
450 589 531 614 non
565 572 752 615 debuifl'et
782 574 976 613 identitas.
1035 575 1110 614 Hic
1146 572 1237 612 sane
1267 574 1477 615 Terentius
1506 589 1530 614 a

161 632 360 686 principio
389 633 601 671 iuuentutis
626 629 716 670 suae
740 630 864 670 fertur
890 645 912 670 a
938 632 1129 670 Terentio
1171 630 1340 681 quodam
1369 633 1526 670 Lucano

164 696 311 735 emtus,
341 702 361 725 a
380 701 456 738 quo
478 698 516 726 et
533 700 679 726 nomen
699 687 823 740 ipsum
847 683 1000 725 foi-tafl'e
1032 686 1161 736 potuit
1187 687 1383 737 accipere,
1415 687 1527 726 aliter

160 754 281 783 antea
309 742 428 782 dielus
456 742 556 793 apud
586 741 679 781 suos.
738 745 799 782 De
829 741 906 781 hoc
934 753 1064 780 tamen
1094 742 1526 792 praeter-cotiieR111·am

161 799 293 839 habeo
322 798 431 838 nihil.
487 798 530 838 Id
560 797 662 849 quod
681 798 841 845 constat,
873 799 1016 837 litteras
1035 798 1187 837 Latinas
1204 801 1348 839 Romae
1378 797 1528 847 didicit,

147 855 212 894 ‘ad
235 857 428 895 Poeticam
449 867 615 906 pronus,
653 864 692 892 et
707 854 916 905 praecipue
934 853 1213 907 Comoediam;
1245 866 1322 904 quo
1342 854 1381 892 in
1404 866 1526 906 gene-

158 925 206 953 re
223 911 356 960 facile,
386 921 426 949 vt
445 909 541 949 mihi
559 909 727 958 videtur,
756 922 891 948 omnes
911 920 1002 948 ante
1020 907 1057 947 se
1085 910 1184 948 vicit.
1243 911 1343 949 Nam
1362 906 1526 961 sequen·

160 979 220 1008 tes
241 969 357 1006 etiam
375 981 397 1005 a
416 964 622 1005 scribendo
642 965 851 1014 deterruit,
879 979 952 1005 nec
970 964 1073 1013 fere,
1100 977 1215 1016 quem
1238 960 1426 1013 nouerim,
1447 966 1525 1006 Co-

158 1023 343 1064 moediae
364 1021 521 1074 scriptor
544 1022 663 1060 clarus
692 1021 772 1073 post
790 1023 1020 1060 Terentium
1047 1021 1129 1060 suit.
1186 1020 1337 1072 Scripsit
1355 1024 1525 1063 Comoe-

158 1080 244 1119 dias
270 1076 397 1118 forsan
426 1078 578 1128 plui-<233
606 1075 671 1117 fed
700 1091 798 1129 quae
824 1076 1012 1116 habentur
1038 1077 1081 1115 in
1110 1076 1309 1125 manibus,
1341 1075 1404 1115 sex
1428 1075 1523 1126 sunt,

160 1148 264 1188 quae
298 1147 369 1186 per
393 1133 572 1173 ordinem
600 1133 674 1172 hoc
702 1133 905 1172 volumine
935 1134 1205 1172 continentur:
1243 1134 1417 1184 quamuis
1441 1131 1522 1185 ipse

156 1190 256 1230 ordo
287 1204 368 1230 non
394 1191 435 1228 in
471 1188 651 1228 omnibus
673 1190 930 1229 voluminibus
961 1202 1058 1228 rnus
1077 1188 1129 1228 sit.
1188 1190 1397 1240 Vtcumque
1428 1202 1520 1228 vero

155 1246 232 1287 fint
251 1247 366 1294 aliae,
395 1246 537 1298 vbique
559 1246 681 1296 prima
701 1246 875 1285 omnium
892 1245 949 1289 ,est
977 1244 1146 1285 Andria:
1174 1257 1289 1295 quarn
1310 1245 1521 1286 Comoedi-

155 1316 221 1342 am
242 1299 458 1355 priusquam
479 1300 682 1343 Aedilibus
705 1301 911 1349 venderet,
944 1311 983 1340 vt
1001 1299 1181 1341 Eusebius
1201 1300 1306 1339 idem
1327 1303 1388 1348 ait,
1423 1302 1520 1342 Cae-

133 1391 135 1393 .
155 1359 249 1397 cilio
281 1354 447 1397 multum
473 1355 510 1397 se
541 1358 692 1396 miranti
712 1358 819 1411 legit.
875 1360 939 1398 De
963 1357 1123 1396 materia
1142 1356 1443 1397 Comoediarum
1462 1359 1518 1396 lo·

151 1415 224 1465 qui
246 1414 437 1463 prolixum
458 1413 528 1452 est:
556 1412 607 1452 de
628 1413 867 1464 expofitione
887 1413 1083 1464 prolixius.
1141 1411 1217 1450 Sed
1238 1411 1420 1464 cuiusque
1439 1427 1520 1452 nia-

154 1472 292 1511 ten‘am
322 1470 362 1507 in
391 1479 624 1521 argumento
652 1470 735 1507 eius
763 1468 1002 1520 perbreuiter
1035 1465 1350 1518 comprehensam
1379 1470 1518 1510 Lefl‘or

155 1526 354 1571 inueniet;
391 1524 671 1576 expolitionem
697 1523 822 1563 studio
854 1534 892 1562 et
925 1525 1090 1576 ingenio
1125 1524 1318 1563 molietur.
1384 1527 1517 1564 Genus

152 1581 345 1622 Poematis
372 1593 525 1620 carmen
553 1576 789 1628 iambicums
814 1577 877 1618 sed
911 1581 1068 1619 varium.
1126 1579 1247 1619 lambi
1273 1580 1377 1618 enim
1397 1591 1517 1619 mate-

150 1638 447 1677 riaerComicae
476 1636 555 1687 apti
584 1633 678 1674 sunt.
733 1638 778 1675 In
797 1635 1021 1676 Comoediis
1050 1634 1206 1686 quidem
1234 1632 1417 1685 nusquam
1438 1642 1517 1678 Au·

151 1693 236 1731 stoi·
253 1692 446 1741 loquitur,
482 1689 547 1730 sed
569 1690 812 1729 introducffae
831 1688 1040 1742 personae:
1072 1702 1189 1741 quem
1207 1703 1358 1729 morem
1383 1691 1446 1730 hic
1463 1692 1514 1732 ad

147 1748 338 1800 Prologos
368 1742 571 1785 transferre
597 1747 756 1795 nititur-3
787 1745 928 1797 quibus
953 1744 1160 1785 scribendis
1186 1741 1429 1786 aemulorum
1455 1749 1514 1790 in-

146 1803 253 1843 uidia
274 1800 421 1842 causam
441 1802 561 1841 dedit.
622 1798 951 1852 Respondendum
969 1802 1076 1841 enim
1096 1811 1197 1848 erat,
1228 1814 1284 1841 ne
1297 1801 1401 1842 forte
1419 1817 1512 1854 pro-

147 1860 288 1900 cacitas
323 1859 489 1913 gloriam
523 1868 759 1906 mereretur,
794 1857 1074 1910 infamiamque
1106 1857 1304 1900 modestia.
1360 1861 1511 1899 Horum

143 1929 239 1956 vero
266 1914 424 1954 stimulis
450 1927 490 1953 ac
520 1914 680 1952 vocibus
706 1915 869 1967 agitatus
899 1913 1018 1953 fertur
1047 1911 1222 1955 Athenas
1256 1911 1426 1965 petiisse,
1469 1927 1509 1955 vt

140 1975 384 2013 Graecorum
416 1970 575 2022 penitus
606 1971 770 2023 ingenia
805 1967 1008 2022 moresque
1043 1968 1308 2020 pernosceret:
1349 1982 1388 2010 et
1419 1985 1507 2010 cum

136 2029 273 2068 multis
292 2028 334 2066 in
354 2028 529 2068 Latinam
547 2027 724 2080 linguam
744 2022 944 2074 translatis,
968 2025 1050 2077 post
1069 2026 1225 2077 aliquod
1244 2037 1398 2078 tempus
1426 2028 1506 2066 voti

140 2097 304 2136 compos
322 2084 480 2122 Romam
500 2093 693 2122 remearet
711 2095 798 2122 cum
815 2080 1007 2122 sarcinulis
1029 2093 1065 2121 et
1077 2082 1311 2130 Comoediis,
1340 2096 1432 2133 quas
1450 2083 1505 2123 ibi

137 2137 344 2193 scripserat,
373 2139 416 2177 in
435 2139 565 2178 nauim
580 2136 787 2192 impofifls,
820 2137 902 2190 ipse
920 2138 1086 2178 terrestri
1111 2139 1251 2177 itinere
1269 2141 1398 2178 Patras
1419 2153 1506 2190 per-

136 2194 302 2237 rexisse:
331 2195 436 2234 vnde
463 2194 572 2233 breui
594 2194 748 2234 transitu
769 2195 812 2234 in
831 2195 979 2235 ltaliam
999 2195 1215 2247 nauigaret.
1272 2194 1349 2234 Vbi
1372 2193 1505 2247 exspe-

137 2254 259 2293 &atae
281 2251 394 2290 nauis
411 2249 544 2290 audito
562 2249 779 2304 naufragio,
807 2264 910 2301 quae
939 2252 1038 2289 circa
1057 2251 1194 2290 Sinum
1221 2250 1415 2303 Illyricum
1438 2265 1505 2303 pe·

135 2305 296 2348 riclitata
319 2318 424 2354 erat,
455 2317 586 2345 tantae
612 2308 778 2346 iauurae
805 2306 941 2346 dolore
971 2317 1164 2358 permotus
1185 2305 1427 2357 Stimphalim
1456 2309 1501 2346 in

131 2365 341 2409 Arcadiam
369 2359 582 2401 deceffiffe:
612 2362 746 2414 ibique
771 2362 976 2402 defunuus
1007 2376 1052 2401 ac
1081 2360 1246 2413 sepultus
1265 2363 1421 2412 publice
1444 2362 1502 2402 fu·

132 2418 215 2461 iffe.
270 2415 429 2462 Periiffe
459 2431 546 2457 eum
574 2418 619 2458 in‘
634 2418 817 2466 Arcadia,
835 2416 929 2470 ipso
959 2418 1101 2458 eodem
1125 2417 1219 2456 teste
1236 2415 1403 2457 Eusebio
1429 2433 1499 2460 no-

133 2487 219 2517 tum
253 2476 317 2516 est.
372 2479 420 2516 Et
445 2475 623 2526 inprimis
661 2475 822 2526 quidem
861 2485 1022 2526 quatuor
1058 2473 1307 2522 ComoediiS,
1356 2472 1499 2515 scilicet

133 2533 304 2577 Andria,
334 2530 546 2579 Eunucho,
577 2531 1044 2579 Heautontimorumeno,
1087 2528 1301 2581 Adelphis,
1333 2532 1498 2570 Menan·

134 2589 245 2628 drum
277 2589 527 2630 Comicorutn
566 2587 787 2638 principem
823 2588 1058 2625 Graecorum
1098 2586 1267 2626 imitatus
1302 2586 1497 2633 creduut-3

133 2644 238 2696 quod
258 2653 297 2685 et
315 2642 826 2685 rubricaeretustiffimorum
845 2643 1021 2683 codicum
1036 2643 1218 2682 innuunt.
1280 2642 1392 2693 Quin
1414 2657 1497 2694 par-

811 2710 840 2738 c‘
859 2712 888 2752 4
1413 2709 1492 2738 tem
