1815 3168
348 184 377 212 t.
726 164 890 207 DAN.
927 157 1290 211 HEINSWS,

350 289 399 327 Et
420 284 573 324 videtur
593 281 809 324 Charinum
832 275 1005 316 hahuisse
1023 278 1063 314 in
1083 277 1225 324 animo,
1248 277 1312 327 qui
1331 277 1548 317 Mercatore
1575 272 1616 312 τδ
1643 290 1709 318 μα.

352 341 438 380 νικδν
462 348 514 378 καὶ
543 339 583 376 τδ
608 337 762 383 ἐρωτικὸν
782 333 990 373 confundit
1019 330 1127 379 ἦθος,
1153 331 1226 370 hoc
1244 332 1307 380 est,
1327 333 1379 371 ita
1410 343 1529 376 amat,
1561 340 1598 368 vt
1622 330 1708 369 Me-

353 396 564 438 naechmus
583 393 688 434 sui-it.
743 395 886 430 Furere
905 398 1034 426 autem
1057 401 1148 437 prae
1181 401 1334 434 amore,
1362 387 1601 428 Comoediae
1627 398 1708 424 non

354 451 453 499 ἦθος,
483 450 544 491 sed
563 448 808 502 'l'ragoediae
836 443 888 484 est
912 447 1039 486 πάθοςε
1071 455 1108 482 vt
1138 456 1187 483 ex
1205 443 1392 484 Phaedria
1408 442 1567 494 aliisque
1589 451 1707 493 patet.

355 513 514 561 Quare?
546 507 635 557 quia
665 506 771 542 πάθος
790 499 947 551 aliquod
978 501 1149 539 immane
1169 497 1420 550 exspectatur.
1477 498 1596 549 Quod
1612 499 1709 536 Tra-

355 566 536 620 goediam
556 559 772 605 constituit,
803 566 842 595 vt
861 556 1042 605 μετάβασις
1062 556 1274 594 conueniat
1291 554 1448 595 furenti.
1506 554 1583 595 Sed
1613 552 1708 592 haec

356 623 527 661 triuiales
558 630 637 656 non
666 614 920 665 intelligunt:
960 613 1025 662 qui
1065 610 1254 651 summum
1287 611 1428 650 Virum
1463 610 1710 651 Aristotelem

358 689 433 717 tam
452 675 561 715 facile
583 678 864 712 contemnunt,
898 681 1014 719 quam
1035 680 1105 706 nos
1129 677 1168 706 ct
1186 667 1323 706 iudicia
1350 667 1505 705 illorum
1534 676 1574 704 et
1590 667 1708 717 magi-

354 735 446 773 stros
475 730 611 769 merito
633 725 940 773 contemnimus,
972 723 1113 774 quibus
1134 720 1349 774 persuasum
1372 722 1443 770 est,
1469 735 1624 761 omnem
1648 735 1710 760 ve-

356 804 435 830 ram
474 784 738 824 eruditionem
765 794 814 819 ex
850 780 925 818 hoc
952 792 1026 818 vno
1059 778 1169 817 fonte
1194 779 1453 830 limpidissimo
1483 777 1709 829 petendam.

353 844 547 886 Charinus
566 849 695 878 autem
714 836 858 885 Plauti,
886 834 933 874 ad
951 834 1203 888 frigiditatem
1228 832 1343 886 vsque
1367 835 1474 880 calet,
1494 846 1608 883 quam
1627 846 1709 871 non

353 901 481 954 potuit
501 897 628 948 vitare.
687 893 829 943 Qualia
852 889 941 930 sunt
959 890 1036 936 ista,
1055 893 1180 931 Scena
1195 890 1340 930 Diuum
1369 902 1480 944 utque
1497 890 1712 929 hominum.-

625 952 698 991 iam
721 950 887 1002 Cyprum
907 951 1000 995 veni,
1020 948 1094 989 ἃς.

355 1015 454 1052 Item

459 1040 588 1105 'Porro
604 1059 819 1115 proficiscor
839 1058 1050 1113 qmqfi'zum.
1080 1072 1173 1099 nunc
1190 1059 1343 1110 peruem'
1361 1054 1578 1097 Chalcidem.

465 1121 578 1162 Video
600 1118 652 1157 ila·
670 1117 845 1170 hospitem
867 1115 1068 1166 Zacyntho.
1125 1115 1224 1154 Dico
1244 1115 1334 1166 quid
1351 1128 1389 1152 eo
1411 1115 1639 1152 aduenerim:

463 1179 602 1231 Rogito
625 1178 705 1228 quis
727 1188 803 1212 eam
821 1169 978 1220 vexerit,
1002 1176 1083 1224 quit
1103 1171 1232 1210 habeat
1245 1168 1342 1218 stilai
1363 1170 1600 1209 inmediuerit.

465 1232 604 1285 Hospes
622 1231 823 1284 respondit,
855 1229 1046 1280 Zacyntho
1060 1226 1153 1279 ficus
1166 1227 1254 1278 fieri
1271 1240 1344 1265 non
1364 1225 1489 1265 malas.

353 1290 473 1333 Vides
489 1289 691 1328 hominem
714 1297 790 1325 tam
811 1286 964 1332 tristem,
983 1295 1022 1323 vt
1038 1284 1199 1323 festinus
1218 1280 1295 1322 esse
1316 1292 1487 1333 quaerat.
1542 1282 1595 1318 At
1612 1278 1714 1316 diui-

356 1360 429 1387 nus
450 1345 518 1385 hac
537 1346 577 1383 in
598 1353 727 1395 parte,
758 1343 856 1380 duos
878 1351 1066 1379 amatores
1084 1341 1122 1377 in
1143 1337 1345 1383 Eunucho,
1366 1335 1432 1375 suo
1449 1347 1568 1383 more,
1594 1332 1713 1382 Phae7

356 1404 478 1442 driam
499 1413 538 1440 et
556 1398 782 1447 Chaeream,
805 1397 995 1435 diuinitus
1014 1406 1233 1445 vtrumque,
1248 1394 1407 1437 ἠθοποιεῖ.
1464 1394 1601 1441 Quare
1622 1401 1712 1427 cum

354 1462 498 1500 Poetae
518 1467 674 1503 omnes,
706 1466 872 1504 quorum
892 1452 1113 1491 imitatione
1141 1449 1287 1489 constat
1316 1449 1533 1487 institutum
1556 1459 1599 1485 ac
1621 1458 1712 1484 con·

356 1515 501 1560 silium,
532 1512 718 1563 pif‘torum
750 1509 887 1555 instar,
920 1508 1012 1547 teste
1042 1508 1274 1549 Criticorum
1304 1509 1411 1558 Rege
1446 1517 1489 1542 ac
1516 1502 1712 1553 Principe,

356 1582 423 1611 aut
451 1569 609 1614 similes,
638 1576 705 1607 aut
726 1565 853 1617 (quod
883 1578 963 1602 non
996 1577 1078 1603 raro
1103 1563 1260 1608 euenit,
1289 1562 1352 1601 vel
1379 1561 1561 1612 imperite
1586 1565 1641 1596 καὶ
1671 1560 1714 1605 ἐξ

355 1631 529 1667 &offe-mag
554 1624 615 1662 vel
637 1623 816 1673 captandi
843 1617 936 1659 risus
967 1618 1090 1670 causa)
1111 1632 1215 1657 nunc
1235 1620 1387 1669 peiores
1406 1630 1522 1668 quam
1544 1613 1633 1653 sunt
1652 1627 1713 1653 ex-

356 1684 545 1736 primant,
588 1691 695 1728 nunc
723 1678 923 1723 meliores;
963 1674 1093 1714 seruos
1134 1676 1286 1724 peiores
1314 1675 1492 1719 Plautus,
1527 1682 1567 1710 vt
1596 1670 1713 1722 pluri-

355 1751 487 1784 mum3
516 1735 728 1776 Terentius
752 1730 993 1782 hossemper
1012 1731 1166 1778 similes,
1197 1743 1280 1768 non
1312 1730 1516 1773 meliores3
1542 1728 1714 1765 meretri-

357 1808 421 1834 ces
441 1806 531 1832 vero
552 1792 690 1842 partim
711 1789 869 1836 limiles,
896 1789 1033 1840 partim
1052 1788 1232 1826 meliores
1255 1785 1465 1836 aliquando
1485 1783 1711 1821 introducit.

354 1850 519 1895 Similes,
540 1858 579 1886 vt
596 1845 789 1887 Thaidem
802 1859 812 1891 3
842 1845 1036 1889 meliores,
1057 1853 1096 1882 vt
1115 1841 1360 1883 Bacchidem.
1415 1839 1595 1880 Parasitus
1621 1836 1716 1879 sem-

356 1921 427 1960 per
450 1905 661 1944 deteriores
681 1912 720 1940 et
738 1901 953 1939 veraciores
971 1901 1144 1947 Plautus,
1176 1909 1382 1948 nunquam
1408 1897 1602 1935 meliores.
1661 1898 1714 1935 Vt

357 1973 397 2003 et
418 1958 651 2004 Dofl'ennus‚
684 1959 752 2009 qui
776 1957 843 1995 hos
863 1954 960 1995 solos
985 1954 1281 2008 propemodum}
1291 1951 1456 2001 curabat,
1476 1948 1518 1991 in*
1540 1949 1713 2004 personis

355 2018 514 2069 reliquis
544 2018 724 2054 ἐκπίπτων.
782 2012 963 2053 Phormio
991 2012 1256 2052 Terentianus
1289 2010 1407 2061 plane
1435 2008 1488 2047 est
1524 2008 1712 2047 admiran-

356 2075 448 2114 dus:
480 2082 516 2111 vt
537 2069 754 2112 ethathO.
812 2069 981 2109 Plautini
1000 2068 1090 2119 quia
1100 2064 1214 2106 risum
1234 2065 1439 2117 quaerunt,
1460 2065 1661 2103 veritatem
1672 2073 1713 2102 et

355 2129 532 2170 sermone
567 2138 606 2165 et
638 2124 841 2165 sententiis
873 2126 1068 2164 amittunt.
1120 2128 1220 2164 Tres
1249 2123 1411 2161 virtutes
1439 2122 1547 2159 enim
1576 2117 1711 2165 sermo,

357 2199 477 2239 quem
503 2198 585 2223 non
614 2182 695 2221 fine
724 2179 833 2221 causa
859 2180 986 2220 Ηθικόν
1012 2180 1197 2219 dixerunt
1222 2178 1381 2223 Graeci,
1412 2190 1483 2215 nos
1511 2180 1710 2223 Moratum

356 2243 538 2289 dicimus,
585 2239 840 2290 Aequitatem
877 2249 1040 2289 nempe,
1083 2237 1302 2277 Veritatem
1340 2242 1380 2271 et
1414 2232 1713 2284 Simplicitatem

356 2297 542 2352 postulat:
578 2308 680 2346 quae
707 2294 750 2332 τδ
780 2290 986 2342 ἐνδιάθετον,
1016 2292 1092 2331 hoc
1118 2292 1190 2340 est,
1221 2290 1261 2328 id
1286 2289 1393 2341 quod
1419 2289 1630 2339 vnicuique
1657 2285 1712 2325 est

356 2353 530 2401 inlitum,
564 2351 612 2390 ob
641 2351 773 2390 oculos
791 2351 988 2402 proponit.
1023 2351 1147 2390 ·Cum
1179 2344 1395 2394 ridiculam,
1417 2355 1456 2383 vt
1479 2344 1709 2391 violentum,

357 2412 446 2463 quia
465 2423 484 2447 a
504 2417 638 2447 natura
655 2408 826 2446 alienum
839 2437 848 2454 ,
879 2405 985 2458 quod
1004 2406 1107 2444 recle
1127 2404 1178 2443 de
1210 2399 1257 2443 eo
1281 2401 1508 2442 Aristoteles
1537 2413 1713 2451 pronun·

355 2466 445 2513 ciat,
477 2473 697 2515 corruptum
718 2462 781 2511 fit,
813 2472 853 2500 et
869 2477 890 2501 a
911 2461 1100 2513 corruptis
1121 2458 1235 2499 caulis
1249 2490 1258 2508 ,
1295 2456 1401 2509 quod
1421 2459 1494 2495 iam
1514 2456 1602 2503 dixi,
1631 2468 1719 2502 inoff,

355 2531 503 2562 ueatur.
564 2523 762 2560 Moratum
794 2519 886 2569 quia
912 2517 1034 2556 {imile
1062 2517 1115 2556 est
1145 2526 1331 2562 naturae,
1357 2514 1502 2552 Leniter
1519 2503 1717 2551 deleciatz'⁸

353 2577 460 2632 quod
480 2586 650 2615 aetatum
669 2572 918 2628 lingularum,
946 2574 1164 2618 hominum,
1196 2581 1238 2612 ac
1258 2570 1477 2616 nationum,
1514 2569 1582 2607 toti
1599 2566 1708 2618 iisque

350 2637 462 2682 vitae,
483 2632 722 2672 simulacrum
752 2629 947 2682 quoddam
975 2644 1017 2670 ac
1045 2631 1267 2682 imaginem,
1289 2628 1331 2666 in
1349 2628 1474 2668 Scena
1490 2611 1710 2675 repraesen-

1640 2686 1704 2717 [Tit.
