1815 3168
319 167 420 211 444
697 149 853 196 ACT.
887 150 963 195 IV.
1002 148 1201 194 SCEN.
1232 148 1305 194 v1.

453 277 576 325 Malo
606 293 689 338 ego
724 295 804 325 nos
826 277 1088 342 prospicere,
1120 292 1251 338 quam
1273 275 1393 322 hunc
1414 274 1575 328 vlcisci,
1616 292 1681 324 ac—

554 365 678 418 cepta
709 356 880 399 iniuria.

367 448 425 494 25
461 434 539 477 Tu
562 429 654 482 abi,
687 440 814 491 atque
836 428 984 480 obsera
1005 426 1163 474 ostium
1182 428 1314 475 intus,
1341 426 1446 472 dum
1471 442 1554 488 ego
1576 425 1681 474 hinc

550 505 792 552 transcurro
817 504 869 550 ad
890 504 1050 552 forum.

453 581 570 630 Volo
591 596 674 640 ego
695 577 831 626 adesse
855 580 926 628 hic
955 579 1186 627 aduocatos
1222 577 1350 626 nobis
1371 578 1417 625 in
1438 577 1564 626 turba
1582 576 1678 624 hac.

550 652 601 702 T
617 674 664 701 a.
714 673 858 702 mane.

1581 732 1617 777 C
1632 744 1679 774 a.

318 860 486 906 tentius,
522 859 651 909 plures
684 855 892 897 sententias
925 857 973 897 ad
1024 866 1064 896 et
1082 855 1228 910 fugam.
1285 857 1384 896 Nam
1400 854 1488 905 fira
1509 851 1563 892 est
1581 853 1682 892 clau-

320 914 564 954 timiditatem
593 926 830 965 congruere,
860 928 974 966 quam
1022 913 1137 952 strum
1169 913 1320 951 ianuae.
1376 909 1604 963 Transcurro
1633 907 1684 948 ad

318 971 364 1010 ad
401 970 607 1009 audaciam.
676 973 774 1008 Nam
808 980 849 1008 et
885 983 976 1008 mox
1013 968 1171 1023 forum]
1208 966 1438 1019 Transi-terro
1459 968 1564 1014 dixit,
1586 978 1681 1012 non,

319 1026 485 1065 diffusus
505 1024 569 1072 est,
591 1025 726 1063 Omnia
744 1026 850 1076 prius
870 1037 977 1078 expe·
1027 1026 1148 1065 Curro
1163 1039 1178 1061 .·
1216 1034 1256 1062 vt
1289 1024 1577 1076 proximitatem
1608 1020 1682 1061 sori

317 1085 401 1129 riri,
423 1095 531 1134 quam
550 1082 672 1126 armis,
696 1079 903 1132 fizpientem
921 1081 977 1120 de—
1027 1079 1261 1119 ostenderet.
1319 1083 1370 1121 D.

319 1152 384 1176 cet.
445 1138 551 1187 Quia
580 1149 629 1175 ex
666 1135 914 1188 prouidentia
938 1137 980 1176 ti·
1082 1135 1219 1186 Obsera
1258 1135 1413 1189 ostium]
1461 1135 1591 1177 Serare
1628 1130 1683 1172 est

316 1207 412 1240 mor,
439 1206 487 1232 ex
509 1192 665 1231 audacia
685 1194 879 1232 temeritas
890 1206 978 1244 pro·
1028 1192 1218 1231 claudere.
1274 1194 1334 1231 Ita
1354 1190 1604 1243 compositum
1623 1186 1685 1227 ob·

315 1250 440 1290 uenit.
495 1248 702 1288 Admittere
720 1248 785 1304 est]
816 1250 917 1289 Fieri
933 1249 977 1288 fi·
1012 1249 1159 1300 strare.
1212 1249 1447 1286 contrarium
1485 1246 1539 1285 est
1575 1258 1681 1293 verO,

317 1319 426 1346 nere.
484 1309 532 1345 Et
552 1306 690 1344 melius
711 1304 827 1354 dixit,
858 1319 974 1357 quam

315 1364 425 1403 Pati:
454 1360 528 1400 hoc
547 1361 733 1414 generale
753 1361 820 1400 est.
877 1364 977 1400 Nam

316 1432 422 1460 nuuc
442 1419 648 1466 admittere,
671 1417 746 1467 pati
765 1415 976 1470 fierifigui-

318 1475 417 1515 fleat.
478 1476 527 1513 D.
911 1504 913 1506 .

373 1532 428 1570 Tu
459 1529 558 1583 quod
584 1541 712 1571 cauere
726 1526 857 1584 poffis]
888 1534 975 1577 Me-

316 1587 466 1628 nander
493 1584 594 1636 apud
620 1584 848 1625 stobaeum:
887 1583 976 1628 Εὐή-

317 1650 384 1683 θειόε
419 1660 470 1688 μω
510 1648 666 1687 φαίνεται
701 1646 880 1688 Bassam,
926 1641 976 1681 To*

316 1706 396 1740 νοεῖν
415 1698 476 1742 μὲν
497 1691 561 1737 ’ὅσοι
580 1701 647 1743 δεῖ,
679 1696 726 1743 pen*
745 1701 975 1744 Φυλάτῖεσέὶειι

538 1752 741 1807 Augustin.
764 1754 814 1794 de
824 1755 900 1793 vita
912 1754 978 1794 be-

315 1758 346 1796 δ’
373 1754 394 1795 ἅ
422 1760 479 1793 δεῖ.

318 1824 397 1852 ata:
431 1808 611 1863 Veriffima
628 1809 676 1861 est
694 1810 755 1850 illa
764 1810 952 1861 sententia
965 1826 981 1848 .-

322 1869 425 1909 Nam
446 1879 488 1906 tu
507 1866 607 1919 quod
624 1868 746 1905 vitare
761 1865 977 1920 poffis,flul·

319 1937 402 1965 tum
421 1924 613 1962 admittere
632 1921 691 1972 est.
751 1926 792 1962 L.

371 1985 607 2026 Σωφρονέςεςον
637 1978 664 2015 δ’
694 1971 785 2021 gastau
811 1979 854 2016 τέ
889 1976 978 2022 μετὰ

317 2037 359 2076 vd
388 2039 503 2073 παθεῖν
527 2034 683 2080 ἐγκαλεῖν
700 2033 742 2070 ’τ’-ὂ
762 2036 978 2080 πρὶν.πι9εἵν

317 2094 534 2140 φυλάξασθαι
570 2106 610 2127 το
640 2087 687 2134 pen*
714 2093 843 2130 παθεῖν.
891 2092 976 2130 Me-

319 2148 473 2190 nander
492 2144 592 2197 apud
610 2144 716 2187 Stob,
774 2149 839 2186 W.
895 2147 975 2185 Pla-

317 2219 377 2254 to,
406 2203 516 2247 νήπιον
537 2198 692 2240 παθόντα
709 2204 841 2248 γνῶναι.
878 2204 917 2243 Ζ.

370 2275 426 2314 24
460 2259 567 2299 Malo
587 2272 674 2312 ego,
706 2271 773 2298 nos
793 2257 975 2311 prospice-

317 2318 375 2372 re]
408 2315 616 2356 Prouidere
643 2326 695 2353 ne
725 2313 809 2354 fiat:
842 2315 881 2354 id
909 2313 973 2362 est,

317 2371 536 2426 prospicere
556 2381 594 2409 et
607 2383 744 2411 cauere
754 2370 800 2409 ab
813 2385 860 2411 eo
871 2370 976 2422 quod

318 2427 538 2482 praecedit,
574 2426 615 2465 id
654 2426 761 2478 quod
796 2425 974 2478 sequitur.

316 2488 475 2537 Accepta
504 2483 663 2536 iniuria]
696 2483 769 2522 Hic
800 2481 908 2523 causa
938 2496 975 2521 o-

317 2541 515 2587 stenditur,
538 2552 604 2579 cur
622 2538 715 2577 illud
736 2540 852 2578 malit.
889 2542 937 2580 D.

374 2609 427 2650 25
461 2595 601 2646 Ostium
619 2593 742 2646 obsera
762 2596 883 2650 intus]
910 2599 975 2635 Pa-

318 2653 404 2694 uidi
430 2650 629 2692 confilium
650 2649 747 2690 nihil
766 2652 869 2691 aliud
890 2665 976 2690 con-

312 2711 419 2751 *tinet
452 2707 534 2763 post
561 2709 690 2764 (quam
717 2709 779 2761 Z.)
818 2702 975 2750 claustra

1024 1304 1196 1357 reserare,
1223 1303 1328 1354 quod
1349 1303 1403 1342 est
1421 1302 1581 1352 aperire.
1611 1304 1654 1341 E.

1085 1358 1316 1410 Tranfturro
1327 1357 1545 1411 adfurum]
1575 1360 1618 1397 ln
1628 1354 1684 1395 fo-

1024 1429 1068 1456 ro
1095 1416 1278 1454 nimirum
1301 1414 1474 1455 causidici
1501 1412 1685 1452 obambu-

1024 1472 1174 1519 labant,
1201 1468 1463 1523 exspeffimtes
1485 1477 1545 1509 cui
1566 1470 1685 1508 aduo-

1026 1529 1224 1567 cationem
1265 1527 1507 1580 linguaeque
1545 1525 1685 1566 venale

1024 1583 1219 1624 seruitium
1238 1583 1467 1622 venderent.
1511 1579 1686 1623 Dehisce

1024 1639 1240 1681 forensibus
1270 1639 1453 1681 Cerberis
1480 1639 1680 1680 Ammian.

1024 1697 1196 1737 Marcell.
1226 1694 1291 1734 lib.
1320 1709 1406 1735 xxx.
1474 1694 1605 1735 Videre
1636 1692 1686 1748 est

1024 1765 1092 1806 per
1119 1766 1179 1792 eos
1208 1766 1330 1793 omnes
1359 1753 1498 1792 trac‘tus
1523 1751 1683 1790 violenta

1029 1823 1063 1849 et
1080 1807 1303 1861 capactffima
1319 1822 1455 1863 genera
1482 1807 1682 1854 bominum,

1021 1876 1092 1919 per
1104 1866 1203 1918 fhra
1223 1868 1345 1904 omnia
1357 1863 1596 1908 volitantium
1607 1863 1682 1903 &m

1026 1920 1219 1963 Iustiniaim
1242 1919 1369 1958 Const.
1391 1919 1441 1957 de
1459 1932 1566 1957 nouo
1579 1918 1681 1960 Cod.

1026 1976 1098 2017 fac.
1120 1987 1160 2015 et
1178 1975 1271 2015 alibi
1290 1975 1431 2026 paffim.
1470 1979 1605 2026 Atque
1625 1975 1682 2013 in·

1027 2032 1077 2077 de
1096 2032 1212 2072 etiam
1233 2036 1383 2078 ἀγοραῖοι
1401 2042 1607 2079 vocantur,
1639 2030 1681 2068 li-

1025 2099 1086 2128 cet
1112 2089 1376 2127 Oecumenius
1407 2087 1501 2133 παραὶ
1527 2087 1571 2125 τὸ
1603 2092 1682 2133 ἀγα·

1023 2143 1146 2193 eedem,
1182 2142 1200 2182 ἕ
1227 2145 1272 2184 ε’ςὶ
1298 2149 1510 2191 δημηγορεῖν,
1539 2156 1606 2182 eos
1630 2141 1684 2182 di-

1025 2204 1102 2242 &cos
1127 2201 1230 2240 velit.
1285 2203 1330 2244 111
1353 2200 1433 2240 A&
1461 2198 1677 2252 Apostolot.

1024 2271 1106 2309 cap.
1125 2261 1172 2297 κθ.
1195 2270 1284 2310 pag.
1311 2264 1375 2309 87.
1434 2258 1472 2295 L.

1077 2316 1131 2355 26
1163 2314 1256 2352 Volo
1285 2313 1370 2367 ego]
1406 2310 1523 2362 Quafi
1551 2312 1680 2351 minus

1023 2371 1176 2410 timeat:
1207 2371 1312 2421 cupio
1334 2381 1413 2406 non
1435 2369 1583 2420 inquit,
1613 2366 1677 2407 sed

1023 2425 1120 2466 volo.
1176 2426 1224 2465 In
1252 2423 1361 2464 turba
1391 2422 1478 2478 hac]
1509 2423 1610 2463 Vide
1636 2425 1692 2464 ti-‚

1022 2482 1172 2521 midum
1188 2481 1335 2521 turbam
1348 2482 1553 2534 appellare,
1565 2494 1678 2532 quam

1023 2539 1164 2578 mulier
1186 2552 1267 2577 non
1296 2538 1416 2578 timet.
1473 2539 1521 2577 D.

1076 2592 1200 2635 Nobis
1225 2597 1264 2633 in
1285 2592 1392 2633 turba
1421 2593 1505 2646 hac]
1536 2590 1606 2633 ΜΓ.
1637 2593 1676 2631 R.

1025 2651 1226 2691 aduocatos
1242 2649 1359 2692 nobis.
1388 2652 1436 2691 T.
1468 2662 1582 2696 mane,
1602 2661 1676 2689 ma-

1023 2721 1078 2749 ne.
1131 2711 1175 2749 L.
