1815 3168
321 108 415 167 562

749 106 905 151 ACT.
942 107 972 149 1.
1015 105 1207 149 SCEN.
1239 105 1289 149 ss.

455 231 578 287 Quid
599 230 753 294 reliqui
768 229 860 280 est,
893 234 1000 295 quin
1024 230 1180 278 habeat
1200 246 1310 294 quae
1331 231 1509 295 quidem
1542 234 1589 281 in
1611 235 1692 283 ho·

555 309 674 353 mine
698 303 903 354 dicuntur
924 307 1070 354 bona?

365 399 430 434 20
462 384 671 436 Parentis,
706 385 889 446 patriam
910 382 1193 435 incoiumenu
1227 383 1405 437 amic05‚
1437 399 1593 445 genus,
1624 402 1694 434 co-

561 469 730 518 gnatm,
753 456 955 503 diuitias?

460 539 609 598 Atque
631 534 734 578 haec
759 532 943 597 perinde
968 531 1079 584 sunt,
1115 541 1165 579 *vt
1184 530 1300 579 iuius
1322 534 1519 589 animus,
1550 537 1626 599 qui
1647 552 1695 583 ea

561 606 765 674 poffidet:

468 686 563 738 Qui
583 685 644 730 vti
667 683 751 735 scit,
775 684 811 728 ei
825 683 964 730 bona:
985 683 1254 746 illi,·quinon
1266 685 1401 731 vti-tur
1414 680 1546 738 reae,
1568 686 1697 750 mala.

463 756 567 807 CL.
605 762 749 804 Immo
772 758 843 804 ille
863 759 945 805 fuit
968 757 1093 809 senex
1116 761 1400 824 importunus
1425 760 1616 827 semper:
1653 774 1698 809 et
1764 756 1768 757 ⁷

565 850 684 880 nunc
705 834 815 879 nihil
836 836 973 895 magis

467 915 651 961 Vereor,
679 924 811 970 quam
835 926 890 955 ne
913 909 1019 973 quid
1039 912 1085 958 in
1105 910 1231 958 illum
1250 912 1384 959 iratus
1406 910 1507 978 plus
1529 911 1622 959 saris
1641 913 1700 960 fa-

567 985 650 1035 xit,
687 993 827 1046 pater.

365 1077 427 1125 25
467 1054 576 1105 CH.
617 1057 784 1102 Illene?
826 1057 896 1103 sed
916 1061 1154 1123 reprimam
1174 1076 1273 1110 me:
1310 1065 1471 1112 namin
1483 1074 1605 1112 metu
1618 1060 1702 1112 effe

564 1132 700 1187 hunc,
725 1133 786 1179 illi
813 1131 873 1181 est
891 1134 1007 1182 vtile.

627 1351 830 1407 Siquidem
875 1357 994 1395 Poeta

335 1355 555 1397 ostendere.

545 1409 556 1417 “
878 1414 897 1432 ¹·

338 1423 461 1466 negat
496 1409 572 1451 este
606 1422 847 1452 contemtum

339 1484 404 1510 cus
424 1468 472 1507 ad
484 1467 844 1517 hunc(contemtum
856 1471 993 1520 patris,

327 1527 400 1580 fid
417 1538 571 1572 metum,
602 1536 672 1577 quo
698 1526 761 1577 Z.)
790 1523 937 1564 laboret
957 1523 997 1563 fi-

336 1585 422 1624 lius.
479 1583 522 1620 E.

395 1641 441 1678 ln
459 1635 638 1676 sermone
666 1637 731 1676 lex
754 1647 793 1675 et
819 1649 904 1675 mos
932 1636 996 1685 est,

337 1706 379 1736 vt
410 1693 571 1734 verbum
598 1694 805 1745 repetitum
841 1692 996 1741 eodem,

338 1765 416 1804 quo
438 1760 547 1798 ante,
575 1759 737 1788 accentu
767 1747 996 1800 proferatur.

336 1808 456 1849 ReE’ce
491 1806 610 1855 igitur
646 1804 756 1844 codd.
786 1817 881 1856 quos
908 1804 996 1852 vidi,

340 1874 479 1903 omnes
508 1861 723 1913 collocant,
764 1861 935 1910 mifi’rum
951 1860 997 1911 fi

336 1919 414 1973 effic.
470 1919 512 1957 Β.
861 1932 865 1935 “

399 1986 448 2027 19
478 1972 588 2027 Qae
618 1972 765 2025 quidem
790 1973 831 2010 in
852 1970 997 2011 homine

339 2032 518 2072 dicuntur
537 2028 683 2082 bona?]
715 2028 868 2067 Scilicet
887 2028 997 2067 avul-

341 2101 405 2142 go.
467 2086 604 2135 Quum
631 2095 776 2122 tantum
805 2086 919 2122 animi
937 2083 997 2122 bo-

338 2159 398 2192 na,
420 2140 630 2181 seeundum
642 2137 905 2190 Philosophos‚
928 2154 998 2191 ap-

338 2198 520 2252 pellanda
545 2195 630 2235 fint.
686 2196 731 2234 Et
766 2193 861 2244 hoc,
899 2194 999 2234 illud

339 2255 447 2309 quod
466 2252 577 2304 supra
598 2252 696 2291 dixit
714 2250 913 2300 Chremes,
946 2250 995 2290 af-

337 2313 473 2358 firmat,
495 2308 639 2349 scilicet
659 2308 820 2348 Cliniam
838 2322 915 2348 non
936 2307 998 2360 affe

337 2368 521 2419 mtfirum.
578 2366 623 2406 C.

396 2426 442 2464 In
471 2423 616 2462 homine
635 2420 831 2474 dicuntur]
861 2418 930 2461 ΜΓ.
954 2423 994 2462 R.

336 2480 416 2534 Effi’
434 2483 471 2519 in
489 2478 634 2517 homine
652 2478 841 2518 dicuntur.
897 2481 938 2518 L.

389 2535 590 2576 Bentleius
620 2533 743 2573 edidit
773 2532 895 2590 Qe'd,
908 2532 992 2574 reli-

334 2590 445 2650 quist.
502 2594 544 2632 z.

936 1425 995 1451 ea·
1006 1448 1010 1451 e

1612 1219 1702 1264 CL.

1072 1364 1126 1398 αἱ)
1139 1355 1324 1406 Parentes,
1327 1356 1514 1414 patriam]
1525 1355 1701 1402 Priscian.

1043 1412 1109 1452 lib.
1134 1426 1210 1455 vn.
1268 1417 1309 1454 L.
1674 1416 1678 1418 ’

1101 1481 1151 1521 23
1174 1471 1291 1510 Senex
1304 1472 1555 1522 importunus]
1584 1468 1708 1521 Quod

1046 1524 1123 1564 dici
1143 1523 1248 1571 solet,
1267 1527 1370 1566 male
1381 1523 1603 1578 generosus.
1616 1539 1708 1578 qua·

1046 1581 1073 1621 fi
1092 1595 1175 1620 non
1195 1593 1448 1634 opportunus.
1507 1583 1557 1623 C.

1092 1633 1300 1678 Contraeo
1314 1637 1412 1677 nihil
1419 1638 1462 1676 in
1473 1650 1590 1677 vnam
1602 1635 1709 1690 sylla—

1047 1693 1147 1746 bam,
1161 1694 1378 1733 0&011a1·ius
1391 1694 1541 1745 optime
1551 1692 1630 1733 stat.
1662 1697 1704 1733 Β.

1101 1763 1157 1802 24
1184 1750 1319 1804 Pater]
1351 1751 1428 1790 Vel
1447 1749 1511 1788 hic
1522 1761 1634 1802 pater
1652 1749 1706 1789 est

1046 1807 1281 1845 nominatiui
1307 1803 1425 1855 casus,
1459 1815 1499 1844 et
1523 1805 1571 1844 fic
1590 1802 1704 1843 refer-

1045 1873 1108 1901 tur
1134 1863 1181 1900 ad
1209 1861 1516 1907 Menedemum,
1563 1861 1623 1898 vel
1651 1860 1704 1899 est

1045 1918 1211 1957 vocatiui
1237 1914 1359 1966 casus,
1401 1927 1440 1956 et
1466 1913 1631 1955 refertur
1657 1916 1706 1956 ad

1046 1972 1309 2014 Chremetem.
1369 1974 1415 2016 C.

1100 2041 1153 2081 25
1184 2027 1251 2068 Ille
1282 2029 1383 2082 ηεξ]
1415 2026 1605 2069 Chremes
1634 2026 1708 2068 ser-

1047 2097 1229 2134 monem,
1263 2097 1381 2136 quem
1413 2096 1618 2137 coeperat,
1649 2098 1708 2124 re·

1048 2140 1197 2192 preffit:
1227 2152 1267 2180 vt
1294 2142 1474 2192 exemplo
1493 2141 1647 2182 Cliniae
1666 2140 1708 2179 fi-

1048 2198 1121 2235 lius
1149 2208 1366 2237 terreretur.
1418 2194 1589 2250 lllene?]
1619 2198 1707 2237 Hoc

1048 2254 1145 2292 clara
1163 2265 1257 2293 voce
1267 2251 1618 2304 pronunciandum.
1658 2253 1707 2292 Il-

1046 2308 1176 2362 Iene?]
1210 2308 1254 2348 ld
1276 2308 1340 2357 est,
1367 2307 1473 2354 dicis,
1495 2319 1534 2348 te
1554 2309 1703 2357 timere,

1047 2379 1098 2404 ne
1125 2365 1192 2404 ille
1218 2362 1337 2403 senex
1363 2363 1477 2403 faciat
1495 2364 1642 2416 aliquid
1663 2365 1706 2405 in

1046 2421 1178 2464 illum?
1203 2419 1360 2460 Deinde
1377 2419 1569 2461 Chremes
1586 2418 1626 2459 se
1645 2433 1707 2459 re-

1045 2476 1173 2528 preffit
1193 2489 1263 2527 per
1281 2474 1592 2527 &noo-zdnncmne
1611 2489 1705 2515 con-

1044 2531 1212 2571 firmaret
1241 2533 1429 2580 Cliniam,
1473 2531 1609 2570 videns
1637 2531 1705 2570 bo·

1041 2601 1135 2630 num
1153 2585 1251 2639 esse,
1287 2599 1326 2631 vt
1343 2589 1385 2630 in
1402 2588 1543 2633 timore
1568 2587 1704 2628 fouea-

1630 2656 1703 2684 tur.
