1815 3168
582 119 992 169 EVNVCHVS.

1374 141 1465 190 305

239 245 417 291 Vtinam
439 252 528 291 tam
549 244 708 307 aliquid
733 248 932 293 inuenire
950 247 1071 294 facile
1083 247 1226 311 poffis,
1245 253 1467 310 Phaedria,

165 335 192 381 5
237 323 383 374 Quam
417 320 502 372 hoc
524 321 700 383 peribit.
744 320 839 367 PH.
884 337 967 382 ego
998 339 1177 387 quoque
1209 343 1292 372 vna
1314 346 1465 392 pereo,

333 395 453 458 qnod
479 397 587 441 mihi
611 395 669 442 est
694 399 849 443 carius.

178 478 203 509 ἵ
232 473 309 517 Ne
341 469 446 516 istuc
467 480 554 516 tam
580 473 733 534 iniquo
755 475 918 536 patiare
939 475 1102 523 animo.
1144 474 1181 525 P
1198 490 1230 522 A
1247 491 1295 524 R.
1332 483 1466 529 mini-

329 562 421 590 me:
460 548 569 609 quin
601 545 809 593 effeffmm
835 547 963 595 dabo.

229 620 314 670 Sed
337 623 551 684 numquid
576 621 692 668 aliud
713 621 935 687 imperas?

230 695 332 746 PH.
370 699 539 744 Munus
561 696 757 745 nostrum
778 709 934 747 ornato
957 699 1114 756 verbis,
1141 704 1261 767 quod
1271 710 1464 771 poteris:

326 782 373 819 et
390 770 517 820 istum
541 773 776 829 aemulum,

98 930 197 971 nihil
221 928 300 972 esse
320 931 482 982 facilius,
504 947 618 985 quam
633 933 754 974 dedu-

94 1001 184 1028 cere
215 989 263 1027 ad
292 989 537 1029 meretricem
565 1005 751 1031 munera:

95 1057 182 1083 cum
217 1056 350 1084 contra
381 1045 478 1084 illud
506 1046 549 1085 fit
576 1046 753 1086 difficilli-

92 1113 210 1148 mum,
235 1099 408 1152 poscenti
427 1102 574 1153 aliquid
597 1117 680 1141 non
693 1103 749 1142 da-

94 1168 148 1194 re.
195 1156 418 1212 Rogitave?]
452 1159 687 1198 Subauditur
705 1173 752 1199 te.

93 1213 146 1251 Vt
172 1212 234 1259 fit,
263 1216 397 1251 mirum
430 1213 477 1265 est
505 1228 542 1254 te
562 1218 752 1270 rogitaro·

94 1266 260 1319 quasisit
285 1269 430 1322 dzffi'cile
453 1272 628 1324 complere
652 1272 753 1324 quod

92 1322 206 1363 iubes.
261 1326 310 1364 D.

146 1378 362 1433 Rogitare?
405 1379 534 1434 quast]
587 1380 751 1423 Sensus:

95 1435 199 1486 quaii
228 1434 252 1474 fi
281 1434 375 1487 quid
400 1449 464 1475 me
481 1435 592 1490 sugit,
622 1437 670 1476 {ic
696 1439 753 1475 in-

95 1501 282 1544 terrogas.
339 1492 500 1544 Diffi'cile
511 1492 577 1544 fit.
608 1497 753 1533 vtinam

92 1546 252 1599 aliquid]
285 1545 447 1590 Sensus:
467 1559 543 1587 tarn
559 1547 673 1588 facile
683 1551 753 1589 vti·

93 1616 186 1642 nam
234 1602 331 1641 lucri
369 1603 513 1655 aliquid
553 1605 745 1655 inuenias‚

92 1671 209 1710 quam
231 1656 343 1698 facile
360 1658 459 1698 istud
478 1660 636 1700 amittas.
667 1664 710 1701 E.

147 1717 193 1754 In
214 1713 307 1754 edit.
337 1714 508 1768 Sandby.
537 1726 575 1755 et
599 1719 749 1756 Dacier.

89 1767 242 1810 versum
259 1784 376 1810 vnum
387 1771 624 1811 constituunt
635 1771 748 1812 haec:

88 1825 162 1874 Ah,
181 1828 368 1880 rogitare?
385 1827 494 1881 quast
505 1828 651 1882 dfficile
660 1828 746 1881 stet.

90 1886 243 1922 vtinam.
301 1884 341 1924 Ζ.

145 1952 172 1993 4
190 1939 348 1991 Aliquid
362 1941 525 1979 inuenire
533 1939 653 1992 fizcile
662 1940 748 1994 post

75 1992 150 2049 fig]
193 1994 379 2042 Inuenire‚
411 1997 623 2047 acquirere.
681 2000 746 2038 bic

1372 861 1463 908 uod

855 938 882 978 6
898 992 903 998 ¹
910 933 1015 990 Qin
1033 936 1193 989 ffc‘lum
1215 862 1465 998 dabOJQQin

800 1005 871 1043 pro
894 1006 983 1031 imo.
1015 1006 1051 1032 vt
1072 997 1334 1038 inHeautont.
1358 1001 1466 1056 Qin

802 1047 888 1086 nolo
910 1053 1102 1090 mentiare.
1159 1055 1208 1092 D.

857 1108 1026 1144 Faernus
1057 1105 1163 1146 hunc
1190 1120 1231 1148 et
1250 1120 1326 1150 tres
1355 1110 1466 1166 seqq..

802 1157 926 1199 versus
967 1162 1015 1200 fic
1051 1176 1209 1215 quoque
1248 1167 1460 1220 ordinauit,

800 1214 895 1254 haut
920 1216 1039 1257 dubie
1059 1231 1082 1257 e
1108 1220 1214 1261 libris
1235 1219 1319 1263 suis,
1366 1227 1466 1266 Cae·

801 1282 929 1312 terum
951 1284 991 1313 vt
1009 1273 1052 1312 fit
1062 1276 1273 1316 trochaicus
1286 1290 1464 1321 tetrame-

802 1338 879 1374 ter,
920 1343 989 1381 pro
1025 1330 1187 1381 fibiium
1214 1337 1368 1389 corrige
1390 1341 1464 1391 fit-

801 1383 908 1422 aum.
966 1388 1007 1424 B.
1030 1414 1032 1416 -

854 1451 882 1492 7
921 1440 992 1480 Sed
1023 1445 1202 1495 numquid
1227 1445 1331 1486 aliud
1353 1451 1463 1502 impe-

802 1508 863 1534 ras
879 1495 920 1549 Γ]
952 1499 996 1535 in
1014 1495 1073 1537 his
1092 1497 1219 1539 seruus
1248 1502 1347 1541 nihil
1369 1507 1459 1555 vult,

801 1549 869 1589 nifi
889 1553 1036 1591 coafims
1058 1553 1194 1603 facere,
1215 1571 1464 1609 propterma-

799 1606 923 1645 iorem
957 1608 1170 1650 dominum.
1208 1612 1258 1651 fic
1284 1625 1327 1653 et
1354 1617 1461 1664 alibi,

797 1661 972 1712 Iubefize?
1001 1665 1132 1717 inquit
1151 1665 1406 1719 responderet
1421 1676 1459 1713 ei

798 1716 980 1759 Chaerea
1002 1723 1063 1773 (R.
1086 1722 1215 1774 Steph.
1244 1726 1463 1776 rfflmndere

800 1774 988 1823 Chaerea„
1028 1782 1136 1831 Lege
1172 1791 1212 1819 et
1238 1780 1457 1837 distingue:

798 1833 1077 1876 JVBESNE?
1118 1836 1255 1887 inquit.
1301 1842 1460 1893 Rffpon-

796 1887 858 1926 det
884 1890 918 1925 ei
947 1887 1119 1930 Chaerea.
1177 1893 1252 1931 Vel
1280 1907 1367 1935 cum
1386 1896 1458 1940 Ms.

795 1943 918 1982 Hulst.
938 1954 978 1982 et
995 1945 1055 1984 ed.
1075 1950 1138 1987 Du
1155 1951 1194 1987 B.
1225 1949 1460 2004 Rqffionden-

794 2011 831 2039 te
852 1998 1024 2040 Chaerea.
1058 2006 1124 2042 W.
1178 2008 1233 2045 At
1250 2007 1275 2044 fi
1293 2020 1384 2048 ante
1402 2025 1457 2048 re-

89 2052 131 2089 in
155 2053 360 2091 Heautont.
394 2052 488 2091 Non
515 2055 663 2105 quaeris
678 2065 740 2106 pa·
785 2054 988 2107 sponderet
1014 2057 1207 2101 interseris
1226 2075 1289 2111 vt,
1322 2068 1455 2106 omnia

88 2109 143 2147 tri
172 2108 352 2159 quomodo
384 2106 609 2161 obftquare:
635 2123 680 2155 et,
705 2124 747 2151 vt

79 2163 204 2212 firues
241 2164 341 2216 quod
381 2164 503 2202 labore
543 2169 739 2206 muenerit.

88 2221 187 2258 Nam
209 2218 298 2258 ideo
315 2235 337 2259 a
357 2220 605 2271 praecedenti
627 2223 743 2261 etiam

90 2273 253 2326 quaestus
272 2276 421 2315 dicitur.
480 2281 531 2318 D.

149 2343 171 2382 5
202 2333 323 2387 Qum
346 2331 410 2370 hoc
434 2332 594 2388 peribit]
624 2333 742 2373 Deest

80 2384 223 2436 filcile:
250 2398 287 2424 vt
304 2388 353 2435 sit,
378 2388 496 2427 Factle
508 2389 574 2427 hoc
588 2392 739 2439 peribit.

87 2442 206 2496 Qod
224 2442 315 2480 mihi
330 2443 375 2493 est
395 2445 531 2498 carius]
566 2449 645 2490 Pror
673 2447 740 2497 qui

87 2496 186 2535 mihi
215 2494 291 2536 sum
316 2500 445 2538 carior.
500 2500 575 2541 Sed
602 2515 666 2554 eqo
686 2502 741 2541 cli-

88 2553 144 2591 xit
154 2550 334 2601 absolute,
349 2567 542 2595 occurrens
553 2553 639 2596 huic
652 2572 735 2609 pro·

88 2610 239 2647 nomini
269 2610 367 2661 quod
395 2611 499 2664 (Qi,
531 2613 618 2652 edd.
649 2626 737 2655 vett.

89 2662 157 2707 Ms.
169 2665 316 2707 Boend.
329 2676 368 2706 et
379 2667 438 2706 ed.
452 2671 509 2708 Du
524 2670 597 2720 Β).
635 2672 682 2710 D.

795 2110 895 2151 salua
916 2111 1076 2153 habebis
1102 2119 1182 2168 Z),
1218 2119 1322 2174 Cogo
1342 2135 1454 2176 atque

793 2170 940 2220 impero.
1003 2170 1052 2207 D.

851 2223 1050 2270 furnulum,
1064 2228 1163 2279 quod
1170 2232 1328 2284 poteris]
1342 2233 1454 2274 Man·

793 2278 858 2317 dat
878 2279 1097 2321 adolescens
1117 2281 1235 2334 seruo,
1256 2299 1294 2326 vt
1311 2302 1453 2330 munus

792 2332 900 2373 suum
922 2336 1046 2376 verbis
1067 2352 1192 2390 ornet,
1221 2353 1262 2381 et
1286 2346 1451 2386 militem

791 2392 1002 2431 meretricis
1047 2394 1094 2432 ab
1132 2409 1267 2437 amore
1312 2399 1451 2441 disclu-

790 2447 870 2486 dat.
923 2450 965 2486 E.

846 2509 867 2550 8
897 2504 1037 2544 Munus
1048 2505 1212 2557 nostrum
1226 2523 1356 2550 ornato
1371 2528 1449 2553 ver-

790 2558 870 2612 bis]
912 2561 1054 2609 Ηόικῶς,
1090 2577 1173 2602 non
1205 2564 1445 2621 dixitmeum2

789 2614 889 2668 quafi
925 2627 965 2656 et
999 2620 1251 2662 Parmenonis
1283 2623 1338 2664 fit.
1394 2630 1445 2666 Ec

902 2675 936 2714 V
1315 2680 1442 2738 istum]
