1815 3168
724 180 1013 227 ANDRIA.

1448 198 1540 242 109

321 315 367 361 Si
397 308 442 359 i‘d
477 309 712 357 succenseat
742 324 886 361 nunc,
927 308 1029 370 quia
1053 322 1148 353 non
1172 305 1243 353 dat
1265 300 1345 354 tibi
1363 324 1542 356 vxorem

423 386 649 434 Chremes.

324 461 447 527 Ipsus
468 460 544 508 fibi
568 457 649 505 effe
671 459 857 505 iniurius
877 457 1096 511 videatur3
1134 472 1276 518 neque
1300 456 1346 503 id
1364 458 1543 514 iniuria;

322 539 447 585 Prius
477 551 608 598 quam
627 544 769 585 tuum,
806 543 853 581 vt
874 533 955 580 sese
974 532 1142 584 habeat,
1166 533 1362 578 animum
1385 522 1437 577 ad
1460 549 1544 578 nu-

414 613 531 677 ptias
562 610 839 675 perspexerit.

258 703 284 751 5
328 687 414 735 Sed
445 685 476 732 fi
510 696 559 732 tu
579 686 750 745 negaris
773 683 956 735 ducere,
996 681 1060 729 ibi
1086 681 1260 747 culpam
1280 683 1326 728 in
1347 692 1390 729 te
1409 692 1546 730 trans-

375 813 379 823 ·
419 762 545 815 feret.

324 842 450 885 Tum
485 837 581 882 illae
612 834 763 882 turbae
793 831 913 880 fient.
962 829 1118 879 PAM.
1155 832 1262 896 quid
1290 835 1353 881 vis
1374 835 1549 900 patiar?

422 910 517 960 DA
532 923 579 957 V.
617 922 740 976 pater
767 908 839 963 est,
861 908 1100 974 Pamphile.

193 1126 352 1155 vxorem
369 1109 447 1153 efl'e
462 1111 672 1152 dusturum.
699 1106 850 1152 Persua-

194 1172 258 1219 fio,
281 1181 320 1209 vt
339 1168 445 1216 dixit,
469 1182 516 1208 ex
541 1166 615 1206 hoc
634 1169 848 1221 colligitur:

195 1225 310 1267 falsae
331 1223 415 1265 sunt
430 1224 601 1276 nuptiae,
629 1225 756 1264 nullus
770 1236 850 1262 me-

197 1294 257 1322 tus
278 1281 330 1321 est
350 1281 533 1332 polliceri.
588 1280 665 1321 Sed
683 1280 773 1318 huic
793 1279 850 1318 rei

198 1346 428 1390 argumenta
466 1334 558 1374 hinc
587 1333 849 1388 suscipiuntur,

198 1393 306 1445 quod
333 1388 496 1430 caussam
527 1401 638 1442 pater
665 1388 853 1430 irascendi

197 1449 280 1489 filio
317 1447 499 1486 inuenire
525 1445 721 1486 desiderat.
774 1445 852 1487 Sed

200 1506 306 1546 enim
332 1502 430 1542 hanc
458 1499 646 1555 suscipiat,
674 1501 703 1541 fi
733 1500 853 1543 Chre·

198 1573 283 1602 mes
302 1559 397 1598 nolit
416 1557 508 1597 dare
517 1556 634 1598 filiam
644 1555 747 1597 suam
760 1570 851 1596 con·

154 1665 157 1668 Α
197 1619 353 1669 iugem:
382 1613 409 1652 {i
429 1626 522 1652 vero
541 1614 854 1666 negaueritPam·

199 1669 432 1726 philiis,{·illic
449 1669 584 1718 eulpae
604 1670 713 1721 origo
729 1667 852 1708 nasce-

202 1739 280 1768 tur:
308 1736 389 1764 tum
403 1724 546 1764 malum
565 1735 605 1764 et
628 1721 760 1763 seditio
777 1737 853 1763 ma-

202 1785 304 1823 xima
319 1782 423 1820 inter
439 1790 586 1832 patrem
606 1790 645 1819 et
654 1778 774 1819 filium
785 1792 854 1832 po·

202 1840 290 1880 terit
308 1837 519 1890 generari„
551 1839 595 1876 E.

255 1894 366 1948 Quid
383 1892 557 1947 igitur?]
579 1895 626 1932 In
645 1902 734 1931 vett.
745 1890 855 1931 codd.

202 1950 307 1992 nulla
333 1948 408 1987 hoe
431 1948 517 1988 loco
544 1947 731 1987 distinfflo
762 1947 856 1987 esta

201 2005 318 2059 priori
327 2003 459 2054 (scena,
488 2015 527 2043 vt
544 2016 677 2056 neque
694 2005 737 2044 in
755 2007 850 2057 Reg.

202 2061 422 2112 exemplari.
478 2065 520 2102 L.

259 2131 285 2159 2
311 2117 354 2155 Si
370 2116 429 2170 id]
460 2115 515 2166 Id,
544 2115 594 2155 ob
611 2115 652 2156 id
662 2147 670 2166 2
700 2126 858 2170 propter

206 2173 256 2214 id.
310 2176 361 2214 D.

260 2228 488 2281 Complures
516 2229 654 2269 Faerni
680 2227 769 2267 libri
789 2227 860 2268 ιῙιει-

207 2284 303 2324 bent
328 2286 417 2325 dat.-
462 2283 579 2324 nostri
605 2297 743 2324 omnes
781 2285 855 2334 det,

210 2339 314 2391 quod
360 2340 409 2380 ad
441 2337 672 2381 sententiam
707 2340 762 2381 est
790 2350 862 2379 *re-

211 2396 313 2435 fiius.
369 2399 410 2436 Β.

266 2456 288 2502 3
321 2451 450 2505 Neque
475 2452 517 2491 id
541 2455 683 2492 iniuria
732 2451 776 2491 Id
795 2450 860 2500 est,

213 2502 328 2557 vsque
356 2507 451 2547 adeo
489 2508 644 2548 iniustus
682 2508 736 2547 1bi
756 2508 862 2548 vide-

213 2559 327 2610 bitur,
345 2573 384 2600 vt
402 2561 438 2604 se
457 2564 662 2606 iniustitiae
675 2561 756 2617 ipse
775 2577 864 2606 con·

154 2669 158 2676 .
206 2616 384 2660 *demnet
437 2621 487 2660 D.

1425 980 1550 1030 Diffi-

950 1106 1133 1161 Ipfitsstbi
1149 1107 1330 1162 iniurius]
1360 1104 1476 1148 Gloff.
1487 1106 1550 1147 In·

896 1168 1020 1207 furius
1041 1165 1159 1209 ἄδικος.
1185 1163 1364 1209 Priscian,
1391 1163 1457 1203 lib.
1488 1175 1550 1217 13.

897 1236 936 1274 p.
967 1233 1057 1277 154.
1117 1225 1158 1262 L.

953 1290 982 1331 4
1028 1277 1289 1331 Perspexerit]
1344 1275 1554 1328 Perspicere

898 1333 954 1373 est
973 1333 1023 1373 ad
1042 1334 1204 1385 plenum
1223 1343 1260 1373 et
1278 1332 1491 1385 perfefitum
1500 1333 1554 1373 vi-

901 1389 1005 1430 dere.
1060 1392 1109 1429 D.

952 1458 976 1499 ς
996 1443 1053 1485 lbi
1071 1444 1209 1497 culpam
1227 1443 1329 1498 inte]
1358 1445 1406 1484 V.
1420 1446 1464 1486 C.
1483 1444 1557 1484 cul-

895 1512 983 1555 pam
1005 1513 1142 1539 omnem
1160 1503 1200 1539 in
1218 1513 1266 1540 te.
1320 1502 1362 1540 L.

957 1560 983 1599 6
1014 1557 1105 1596 Tum
1122 1555 1204 1596 illae
1221 1552 1370 1609 turbae]
1401 1554 1450 1595 tro*
1469 1552 1560 1594 Illae

898 1611 946 1652 ad
977 1622 1163 1651 terrorem
1188 1611 1328 1651 retulit.
1379 1610 1487 1667 Qid
1502 1612 1562 1650 vis·

893 1670 1024 1720 patiar
1034 1668 1080 1721 ἒ]
1108 1669 1193 1706 Hoc
1210 1666 1265 1705 est
1282 1666 1456 1717 patiarne
1467 1678 1560 1706 vxo-

902 1736 986 1763 rem
1005 1722 1171 1766 ducere?
1188 1721 1296 1777 Qtid
1309 1725 1366 1762 vis
1372 1721 1558 1776 patiar?]

904 1781 1002 1820 Sunt
1021 1780 1087 1831 qui
1113 1781 1205 1831 quid
1222 1781 1298 1827 vis,
1335 1791 1426 1829 pro,
1458 1778 1560 1829 quie-

905 1833 999 1886 quid
1010 1836 1196 1881 euenerit,
1209 1833 1431 1887 intelligant
1443 1848 1451 1873 ι
1472 1834 1560 1885 quia
1569 1860 1571 1867 ,
1579 1855 1602 1864 ›-

905 1891 1064 1941 dixerat,
1083 1891 1222 1931 Adeon’
1243 1892 1483 1944 meignauum
1492 1901 1559 1942 pu·-

904 1951 988 1988 tas?
1025 1947 1102 1989 Alii
1133 1948 1421 1999 pronunciant‚-
1450 1956 1487 1984 vt
1518 1945 1561 1985 fit

905 2000 1055 2050 sensus,
1087 2003 1196 2054 Quid
1231 2016 1295 2041 me
1325 2003 1381 2041 vis
1409 2001 1562 2043 facere?

893 2066 958 2100 'an
978 2070 1018 2098 vt
1035 2059 1110 2099 hoc
1129 2060 1260 2111 patiar,
1288 2070 1444 2098 vxorem
1463 2057 1562 2096 mihi

907 2115 1016 2156 dari?
1035 2116 1148 2155 Pater
1161 2114 1219 2164 est,
1238 2113 1448 2167 Pamphile]
1477 2116 1562 2153 Hoc

908 2170 1080 2212 vultuose
1120 2169 1455 2222 pronunciandum
1478 2169 1562 2216 ⁴est,

907 2238 950 2267 et
985 2229 1083 2268 mire
1111 2239 1217 2280 pater
1252 2227 1364 2266 dixit:
1408 2236 1447 2264 vt
1482 2223 1563 2276 ipso

909 2285 1076 2325 nomine
1092 2282 1266 2323 videatur
1285 2281 1428 2321 habere
1442 2285 1565 2320 auclo-

909 2341 1073 2389 ritatem,
1097 2350 1137 2378 et
1156 2339 1273 2379 veluti
1292 2337 1566 2377 dormitantem
1600 2346 1605 2352 '

909 2407 952 2436 et
978 2395 1139 2436 oblitum
1157 2393 1350 2448 potestatis
1370 2405 1563 2444 paternae,

911 2452 970 2491 his
1010 2452 1128 2491 tribus
1166 2451 1328 2496 excitat3
1367 2452 1477 2490 Pater
1515 2448 1568 2486 est

911 2507 1123 2560 Pamphile,
1145 2507 1301 2546 difficile
1317 2504 1382 2552 est,
1405 2504 1497 2545 haec
1517 2502 1569 2542 so·

913 2565 950 2604 la
969 2564 1022 2603 est
1039 2565 1193 2603 mulier.
1227 2563 1343 2602 Pater
1358 2560 1424 2617 est]
1447 2567 1490 2602 *A
1504 2574 1569 2600 ue-

915 2617 1071 2661 ceffario
1095 2628 1381 2673 argumentum.
1437 2621 1490 2658 D.

1464 2671 1571 2726 Qu
