<?xml version="1.0" encoding="UTF-8"?>
<!DOCTYPE html PUBLIC "-//W3C//DTD XHTML 1.0 Transitional//EN"
    "http://www.w3.org/TR/xhtml1/DTD/xhtml1-transitional.dtd">
<html xmlns="http://www.w3.org/1999/xhtml" xml:lang="en" lang="en">
 <head>
  <title>
</title>
<meta http-equiv="Content-Type" content="text/html;charset=utf-8" />
  <meta name='ocr-system' content='tesseract 3.04.00' />
  <meta name='ocr-capabilities' content='ocr_page ocr_carea ocr_par ocr_line ocrx_word'/>
</head>
<body>
  <div class='ocr_page' id='page_1' title='image "./comoediaesexexre01tereuoft_0462.png"; bbox 0 0 1815 3168; ppageno 0'>
   <div class='ocr_carea' id='block_1_1' title="bbox 355 142 1015 224">
    <p class='ocr_par' dir='ltr' id='par_1_1' title="bbox 355 142 1015 224">
     <span class='ocr_line' id='line_1_1' title="bbox 355 142 1015 224; baseline -0.014 -27"><span class='ocrx_word' id='word_1_1' title='bbox 355 150 450 213; x_wconf 80' lang='lat'>366</span> <span class='ocrx_word' id='word_1_2' title='bbox 740 145 903 224; x_wconf 61' lang='lat' dir='ltr'>aer.</span> <span class='ocrx_word' id='word_1_3' title='bbox 938 142 1015 188; x_wconf 81' lang='lat'>111.</span> 
     </span>
    </p>
   </div>
   <div class='ocr_carea' id='block_1_2' title="bbox 1065 141 1321 188">
    <p class='ocr_par' dir='ltr' id='par_1_2' title="bbox 1065 141 1321 188">
     <span class='ocr_line' id='line_1_2' title="bbox 1065 141 1321 188; baseline 0 0"><span class='ocrx_word' id='word_1_4' title='bbox 1065 141 1258 188; x_wconf 88' lang='lat' dir='ltr'>SCEN.</span> <span class='ocrx_word' id='word_1_5' title='bbox 1287 142 1321 188; x_wconf 89' lang='grc' dir='ltr'>Ι.</span> 
     </span>
    </p>
   </div>
   <div class='ocr_carea' id='block_1_3' title="bbox 392 263 1580 707">
    <p class='ocr_par' dir='ltr' id='par_1_3' title="bbox 392 263 1580 707">
     <span class='ocr_line' id='line_1_3' title="bbox 484 263 1543 325; baseline -0.008 -3"><span class='ocrx_word' id='word_1_6' title='bbox 484 269 596 322; x_wconf 86' lang='lat' dir='ltr'>GN.</span> <span class='ocrx_word' id='word_1_7' title='bbox 632 271 684 319; x_wconf 89' lang='lat' dir='ltr'>Id</span> <span class='ocrx_word' id='word_1_8' title='bbox 704 282 750 320; x_wconf 84' lang='lat' dir='ltr'>vt</span> <span class='ocrx_word' id='word_1_9' title='bbox 768 288 824 318; x_wconf 89' lang='lat' dir='ltr'>ne</span> <span class='ocrx_word' id='word_1_10' title='bbox 844 269 931 325; x_wconf 82' lang='lat' dir='ltr'>fiat,</span> <span class='ocrx_word' id='word_1_11' title='bbox 949 271 1056 318; x_wconf 87' lang='lat' dir='ltr'>haec</span> <span class='ocrx_word' id='word_1_12' title='bbox 1077 286 1146 316; x_wconf 88' lang='lat' dir='ltr'>res</span> <span class='ocrx_word' id='word_1_13' title='bbox 1166 263 1300 316; x_wconf 78' lang='lat' dir='ltr'>sola&#39;st</span> <span class='ocrx_word' id='word_1_14' title='bbox 1325 267 1543 319; x_wconf 81' lang='lat' dir='ltr'>remedio:</span> 
     </span>
     <span class='ocr_line' id='line_1_4' title="bbox 392 343 1505 415; baseline -0.008 -17"><span class='ocrx_word' id='word_1_15' title='bbox 392 365 460 415; x_wconf 84' lang='lat'>50</span> <span class='ocrx_word' id='word_1_16' title='bbox 487 351 576 398; x_wconf 92' lang='lat' dir='ltr'>Vbi</span> <span class='ocrx_word' id='word_1_17' title='bbox 599 347 844 395; x_wconf 84' lang='lat' dir='ltr'>nominabit</span> <span class='ocrx_word' id='word_1_18' title='bbox 867 346 1135 403; x_wconf 74' lang='lat' dir='ltr'>Phaedriam,</span> <span class='ocrx_word' id='word_1_19' title='bbox 1160 354 1209 391; x_wconf 88' lang='lat' dir='ltr'>tu</span> <span class='ocrx_word' id='word_1_20' title='bbox 1231 343 1505 409; x_wconf 86' lang='lat' dir='ltr'>Pamphilam</span> 
     </span>
     <span class='ocr_line' id='line_1_5' title="bbox 487 419 1517 485; baseline -0.01 -11"><span class='ocrx_word' id='word_1_21' title='bbox 487 425 734 474; x_wconf 85' lang='lat' dir='ltr'>Continuo:</span> <span class='ocrx_word' id='word_1_22' title='bbox 773 422 802 468; x_wconf 84' lang='lat' dir='ltr'>si</span> <span class='ocrx_word' id='word_1_23' title='bbox 822 422 998 485; x_wconf 89' lang='lat' dir='ltr'>quando</span> <span class='ocrx_word' id='word_1_24' title='bbox 1019 420 1090 466; x_wconf 89' lang='lat' dir='ltr'>illa</span> <span class='ocrx_word' id='word_1_25' title='bbox 1113 419 1239 472; x_wconf 88' lang='lat' dir='ltr'>dicet,</span> <span class='ocrx_word' id='word_1_26' title='bbox 1261 419 1517 466; x_wconf 85' lang='lat' dir='ltr'>Phaedriam</span> 
     </span>
     <span class='ocr_line' id='line_1_6' title="bbox 486 492 1580 558; baseline -0.008 -9"><span class='ocrx_word' id='word_1_27' title='bbox 486 503 833 549; x_wconf 82' lang='lat' dir='ltr'>Inttomittamus</span> <span class='ocrx_word' id='word_1_28' title='bbox 860 492 1200 544; x_wconf 71' lang='lat' dir='ltr'>commissatum:</span> <span class='ocrx_word' id='word_1_29' title='bbox 1239 507 1288 543; x_wconf 90' lang='lat' dir='ltr'>tu</span> <span class='ocrx_word' id='word_1_30' title='bbox 1309 494 1580 558; x_wconf 83' lang='lat' dir='ltr'>Pamphilam</span> 
     </span>
     <span class='ocr_line' id='line_1_7' title="bbox 488 569 1449 638; baseline -0.008 -15"><span class='ocrx_word' id='word_1_31' title='bbox 488 581 719 624; x_wconf 86' lang='lat' dir='ltr'>Cantatum</span> <span class='ocrx_word' id='word_1_32' title='bbox 743 589 1053 638; x_wconf 77' lang='lat' dir='ltr'>prouocemus,</span> <span class='ocrx_word' id='word_1_33' title='bbox 1074 569 1105 617; x_wconf 84' lang='lat' dir='ltr'><strong>fi</strong></span> <span class='ocrx_word' id='word_1_34' title='bbox 1128 569 1320 617; x_wconf 83' lang='lat' dir='ltr'>laudabit</span> <span class='ocrx_word' id='word_1_35' title='bbox 1344 570 1449 615; x_wconf 89' lang='lat' dir='ltr'>haec</span> 
     </span>
     <span class='ocr_line' id='line_1_8' title="bbox 486 644 1500 707; baseline -0.009 -8"><span class='ocrx_word' id='word_1_36' title='bbox 486 653 609 700; x_wconf 88' lang='lat' dir='ltr'>Illius</span> <span class='ocrx_word' id='word_1_37' title='bbox 632 651 843 697; x_wconf 89' lang='lat' dir='ltr'>formam:</span> <span class='ocrx_word' id='word_1_38' title='bbox 881 659 929 695; x_wconf 84' lang='lat' dir='ltr'>tu</span> <span class='ocrx_word' id='word_1_39' title='bbox 955 646 1085 694; x_wconf 88' lang='lat' dir='ltr'>huius</span> <span class='ocrx_word' id='word_1_40' title='bbox 1111 657 1275 694; x_wconf 82' lang='lat' dir='ltr'>contra.</span> <span class='ocrx_word' id='word_1_41' title='bbox 1309 644 1500 707; x_wconf 82' lang='lat' dir='ltr'>denique</span> 
     </span>
    </p>
   </div>
   <div class='ocr_carea' id='block_1_4' title="bbox 394 719 1486 795">
    <p class='ocr_par' dir='ltr' id='par_1_4' title="bbox 394 719 1486 795">
     <span class='ocr_line' id='line_1_9' title="bbox 394 719 1486 795; baseline -0.009 -19"><span class='ocrx_word' id='word_1_42' title='bbox 394 739 456 795; x_wconf 83' lang='lat'>55</span> <span class='ocrx_word' id='word_1_43' title='bbox 489 732 570 775; x_wconf 86' lang='lat' dir='ltr'>Par</span> <span class='ocrx_word' id='word_1_44' title='bbox 590 744 675 792; x_wconf 86' lang='lat' dir='ltr'>pro</span> <span class='ocrx_word' id='word_1_45' title='bbox 696 727 791 791; x_wconf 88' lang='lat' dir='ltr'>pari</span> <span class='ocrx_word' id='word_1_46' title='bbox 810 723 987 777; x_wconf 84' lang='lat' dir='ltr'>referto,</span> <span class='ocrx_word' id='word_1_47' title='bbox 1010 722 1131 787; x_wconf 87' lang='lat' dir='ltr'>quod</span> <span class='ocrx_word' id='word_1_48' title='bbox 1153 737 1249 768; x_wconf 86' lang='lat' dir='ltr'>eam</span> <span class='ocrx_word' id='word_1_49' title='bbox 1271 719 1486 768; x_wconf 83' lang='lat' dir='ltr'>mordeat.</span> 
     </span>
    </p>
   </div>
   <div class='ocr_carea' id='block_1_5' title="bbox 351 942 1018 1448">
    <p class='ocr_par' dir='ltr' id='par_1_5' title="bbox 351 942 1018 1163">
     <span class='ocr_line' id='line_1_10' title="bbox 408 942 1014 1002; baseline -0.01 -15"><span class='ocrx_word' id='word_1_50' title='bbox 408 960 462 1002; x_wconf 88' lang='lat'>49</span> <span class='ocrx_word' id='word_1_51' title='bbox 492 947 538 986; x_wconf 85' lang='lat' dir='ltr'>Id</span> <span class='ocrx_word' id='word_1_52' title='bbox 555 959 598 984; x_wconf 85' lang='lat' dir='ltr'>vt</span> <span class='ocrx_word' id='word_1_53' title='bbox 617 958 660 984; x_wconf 87' lang='lat' dir='ltr'>ne</span> <span class='ocrx_word' id='word_1_54' title='bbox 677 943 769 998; x_wconf 85' lang='lat' dir='ltr'>fiat]</span> <span class='ocrx_word' id='word_1_55' title='bbox 801 942 928 986; x_wconf 88' lang='lat' dir='ltr'>Modo</span> <span class='ocrx_word' id='word_1_56' title='bbox 939 942 1014 989; x_wconf 80' lang='lat' dir='ltr'>Ne,</span> 
     </span>
     <span class='ocr_line' id='line_1_11' title="bbox 355 998 1016 1055; baseline -0.014 -10"><span class='ocrx_word' id='word_1_57' title='bbox 355 1000 666 1055; x_wconf 78' lang='lat' dir='ltr'>n011,fig11ificat.</span> <span class='ocrx_word' id='word_1_58' title='bbox 723 1001 826 1039; x_wconf 87' lang='lat' dir='ltr'>Haec</span> <span class='ocrx_word' id='word_1_59' title='bbox 856 1012 912 1038; x_wconf 83' lang='lat' dir='ltr'>res</span> <span class='ocrx_word' id='word_1_60' title='bbox 929 998 1016 1049; x_wconf 79' lang='lat' dir='ltr'>sola</span> 
     </span>
     <span class='ocr_line' id='line_1_12' title="bbox 354 1052 1018 1113; baseline -0.012 -13"><span class='ocrx_word' id='word_1_61' title='bbox 354 1060 401 1113; x_wconf 82' lang='lat' dir='ltr'>est</span> <span class='ocrx_word' id='word_1_62' title='bbox 428 1056 610 1110; x_wconf 85' lang='lat' dir='ltr'>remedio]</span> <span class='ocrx_word' id='word_1_63' title='bbox 639 1056 677 1097; x_wconf 86' lang='lat' dir='ltr'>Si</span> <span class='ocrx_word' id='word_1_64' title='bbox 696 1066 735 1094; x_wconf 87' lang='lat' dir='ltr'>te</span> <span class='ocrx_word' id='word_1_65' title='bbox 756 1052 959 1106; x_wconf 86' lang='lat' dir='ltr'>suspicetur</span> <span class='ocrx_word' id='word_1_66' title='bbox 980 1067 1018 1092; x_wconf 88' lang='lat' dir='ltr'>a·</span> 
     </span>
     <span class='ocr_line' id='line_1_13' title="bbox 351 1112 833 1163; baseline -0.017 -6"><span class='ocrx_word' id='word_1_67' title='bbox 351 1129 460 1157; x_wconf 87' lang='lat' dir='ltr'>mare</span> <span class='ocrx_word' id='word_1_68' title='bbox 474 1112 722 1163; x_wconf 85' lang='lat' dir='ltr'>Pamphilam.</span> <span class='ocrx_word' id='word_1_69' title='bbox 781 1113 833 1150; x_wconf 93' lang='lat' dir='ltr'>D.</span> 
     </span>
    </p>

    <p class='ocr_par' dir='ltr' id='par_1_6' title="bbox 354 1165 1017 1278">
     <span class='ocr_line' id='line_1_14' title="bbox 410 1165 1017 1225; baseline -0.013 -13"><span class='ocrx_word' id='word_1_70' title='bbox 410 1184 464 1225; x_wconf 85' lang='lat'>50</span> <span class='ocrx_word' id='word_1_71' title='bbox 495 1168 565 1209; x_wconf 85' lang='lat' dir='ltr'>Vbi</span> <span class='ocrx_word' id='word_1_72' title='bbox 578 1165 803 1221; x_wconf 82' lang='lat' dir='ltr'>nominabit]</span> <span class='ocrx_word' id='word_1_73' title='bbox 831 1167 1017 1207; x_wconf 90' lang='lat' dir='ltr'>Etlocum</span> 
     </span>
     <span class='ocr_line' id='line_1_15' title="bbox 354 1221 958 1278; baseline -0.015 -9"><span class='ocrx_word' id='word_1_74' title='bbox 354 1238 394 1269; x_wconf 88' lang='lat' dir='ltr'>et</span> <span class='ocrx_word' id='word_1_75' title='bbox 412 1238 565 1278; x_wconf 88' lang='lat' dir='ltr'>tempus</span> <span class='ocrx_word' id='word_1_76' title='bbox 583 1223 771 1278; x_wconf 86' lang='lat' dir='ltr'>fignificat</span> <span class='ocrx_word' id='word_1_77' title='bbox 792 1221 880 1265; x_wconf 84' lang='lat' dir='ltr'>Vbi.</span> <span class='ocrx_word' id='word_1_78' title='bbox 908 1225 958 1263; x_wconf 91' lang='lat' dir='ltr'>D.</span> 
     </span>
    </p>

    <p class='ocr_par' dir='ltr' id='par_1_7' title="bbox 355 1276 1015 1392">
     <span class='ocr_line' id='line_1_16' title="bbox 407 1276 1015 1334; baseline -0.01 -11"><span class='ocrx_word' id='word_1_79' title='bbox 407 1281 485 1324; x_wconf 77' lang='lat' dir='ltr'>Vbi</span> <span class='ocrx_word' id='word_1_80' title='bbox 503 1279 732 1334; x_wconf 80' lang='lat' dir='ltr'>nominabit]</span> <span class='ocrx_word' id='word_1_81' title='bbox 766 1280 908 1322; x_wconf 88' lang='lat' dir='ltr'>Cicero</span> <span class='ocrx_word' id='word_1_82' title='bbox 946 1276 1015 1317; x_wconf 91' lang='lat' dir='ltr'>lib.</span> 
     </span>
     <span class='ocr_line' id='line_1_17' title="bbox 355 1336 903 1392; baseline -0.015 -11"><span class='ocrx_word' id='word_1_83' title='bbox 355 1353 387 1382; x_wconf 85' lang='lat'>1.</span> <span class='ocrx_word' id='word_1_84' title='bbox 407 1342 476 1392; x_wconf 89' lang='lat' dir='ltr'>Ep.</span> <span class='ocrx_word' id='word_1_85' title='bbox 496 1351 534 1391; x_wconf 87' lang='lat'>9.</span> <span class='ocrx_word' id='word_1_86' title='bbox 552 1337 599 1376; x_wconf 88' lang='lat' dir='ltr'>ad</span> <span class='ocrx_word' id='word_1_87' title='bbox 619 1336 805 1378; x_wconf 82' lang='lat' dir='ltr'>Familiar.</span> <span class='ocrx_word' id='word_1_88' title='bbox 864 1338 903 1375; x_wconf 91' lang='lat' dir='ltr'>L.</span> 
     </span>
    </p>

    <p class='ocr_par' dir='ltr' id='par_1_8' title="bbox 411 1390 1015 1448">
     <span class='ocr_line' id='line_1_18' title="bbox 411 1390 1015 1448; baseline -0.01 -13"><span class='ocrx_word' id='word_1_89' title='bbox 411 1404 467 1448; x_wconf 56' lang='lat'>5&#39;1*</span> <span class='ocrx_word' id='word_1_90' title='bbox 499 1395 558 1434; x_wconf 91' lang='lat' dir='ltr'>Tu</span> <span class='ocrx_word' id='word_1_91' title='bbox 572 1392 802 1445; x_wconf 84' lang='lat' dir='ltr'>Pamphilam</span> <span class='ocrx_word' id='word_1_92' title='bbox 823 1390 1015 1445; x_wconf 78' lang='lat' dir='ltr'>continuo]</span> 
     </span>
    </p>
   </div>
   <div class='ocr_carea' id='block_1_6' title="bbox 357 1447 1042 1504">
    <p class='ocr_par' dir='ltr' id='par_1_9' title="bbox 357 1447 1042 1504">
     <span class='ocr_line' id='line_1_19' title="bbox 357 1447 1042 1504; baseline -0.007 -12"><span class='ocrx_word' id='word_1_93' title='bbox 357 1452 433 1492; x_wconf 77' lang='lat' dir='ltr'>Hie</span> <span class='ocrx_word' id='word_1_94' title='bbox 458 1463 602 1504; x_wconf 80' lang='lat' dir='ltr'>magna</span> <span class='ocrx_word' id='word_1_95' title='bbox 628 1455 793 1494; x_wconf 69' lang='grc' dir='ltr'><strong><em>οῐκσνρμίαι</em></strong></span> <span class='ocrx_word' id='word_1_96' title='bbox 818 1447 873 1486; x_wconf 84' lang='lat' dir='ltr'>est</span> <span class='ocrx_word' id='word_1_97' title='bbox 888 1476 898 1495; x_wconf 84' lang='lat'>‚</span> <span class='ocrx_word' id='word_1_98' title='bbox 942 1460 1019 1499; x_wconf 86' lang='lat' dir='ltr'>qua</span> <span class='ocrx_word' id='word_1_99' title='bbox 1039 1482 1042 1489; x_wconf 80' lang='grc'><strong>,</strong></span> 
     </span>
    </p>
   </div>
   <div class='ocr_carea' id='block_1_7' title="bbox 355 1503 1024 2625">
    <p class='ocr_par' dir='ltr' id='par_1_10' title="bbox 355 1503 1022 1941">
     <span class='ocr_line' id='line_1_20' title="bbox 357 1503 1020 1556; baseline -0.012 -7"><span class='ocrx_word' id='word_1_100' title='bbox 357 1507 567 1549; x_wconf 82' lang='lat' dir='ltr'>Terentius</span> <span class='ocrx_word' id='word_1_101' title='bbox 587 1515 808 1556; x_wconf 86' lang='lat' dir='ltr'>praeparat,</span> <span class='ocrx_word' id='word_1_102' title='bbox 840 1503 1020 1556; x_wconf 78' lang='lat' dir='ltr'>quemad-</span> 
     </span>
     <span class='ocr_line' id='line_1_21' title="bbox 355 1559 1021 1615; baseline -0.009 -11"><span class='ocrx_word' id='word_1_103' title='bbox 355 1563 522 1605; x_wconf 88' lang='lat' dir='ltr'>modum</span> <span class='ocrx_word' id='word_1_104' title='bbox 556 1562 731 1615; x_wconf 84' lang='lat' dir='ltr'>iurgium</span> <span class='ocrx_word' id='word_1_105' title='bbox 765 1562 869 1600; x_wconf 86' lang='lat' dir='ltr'>inter</span> <span class='ocrx_word' id='word_1_106' title='bbox 902 1559 1021 1600; x_wconf 85' lang='lat' dir='ltr'>Thai-</span> 
     </span>
     <span class='ocr_line' id='line_1_22' title="bbox 355 1615 1022 1669; baseline -0.009 -9"><span class='ocrx_word' id='word_1_107' title='bbox 355 1621 451 1660; x_wconf 90' lang='lat' dir='ltr'>dem</span> <span class='ocrx_word' id='word_1_108' title='bbox 480 1619 746 1669; x_wconf 85' lang='lat' dir='ltr'>militemque,</span> <span class='ocrx_word' id='word_1_109' title='bbox 782 1627 821 1657; x_wconf 91' lang='lat' dir='ltr'>et</span> <span class='ocrx_word' id='word_1_110' title='bbox 849 1615 1022 1657; x_wconf 89' lang='lat' dir='ltr'>Gnatho-</span> 
     </span>
     <span class='ocr_line' id='line_1_23' title="bbox 357 1669 1018 1728; baseline -0.008 -11"><span class='ocrx_word' id='word_1_111' title='bbox 357 1690 474 1725; x_wconf 87' lang='lat' dir='ltr'>nem,</span> <span class='ocrx_word' id='word_1_112' title='bbox 513 1688 583 1728; x_wconf 87' lang='lat' dir='ltr'>per</span> <span class='ocrx_word' id='word_1_113' title='bbox 616 1675 709 1713; x_wconf 84' lang='lat' dir='ltr'>duas</span> <span class='ocrx_word' id='word_1_114' title='bbox 734 1684 863 1726; x_wconf 86' lang='lat' dir='ltr'>partes</span> <span class='ocrx_word' id='word_1_115' title='bbox 895 1669 1018 1724; x_wconf 85' lang='lat' dir='ltr'>serpat</span> 
     </span>
     <span class='ocr_line' id='line_1_24' title="bbox 357 1730 1018 1782; baseline -0.009 -9"><span class='ocrx_word' id='word_1_116' title='bbox 357 1732 529 1775; x_wconf 83' lang='lat' dir='ltr'>fabulae.</span> <span class='ocrx_word' id='word_1_117' title='bbox 583 1735 635 1782; x_wconf 78' lang='lat' dir='ltr'>Et</span> <span class='ocrx_word' id='word_1_118' title='bbox 674 1730 780 1769; x_wconf 86' lang='lat' dir='ltr'>bene</span> <span class='ocrx_word' id='word_1_119' title='bbox 820 1731 1018 1769; x_wconf 83' lang='lat' dir='ltr'>continuo.-</span> 
     </span>
     <span class='ocr_line' id='line_1_25' title="bbox 358 1787 1017 1840; baseline -0.009 -10"><span class='ocrx_word' id='word_1_120' title='bbox 358 1799 399 1830; x_wconf 92' lang='lat' dir='ltr'>vt</span> <span class='ocrx_word' id='word_1_121' title='bbox 419 1788 612 1840; x_wconf 82' lang='lat' dir='ltr'>intelligat</span> <span class='ocrx_word' id='word_1_122' title='bbox 630 1787 829 1834; x_wconf 83' lang='lat' dir='ltr'>meretrix,</span> <span class='ocrx_word' id='word_1_123' title='bbox 848 1796 1017 1825; x_wconf 88' lang='lat' dir='ltr'>nontam</span> 
     </span>
     <span class='ocr_line' id='line_1_26' title="bbox 355 1842 1019 1896; baseline -0.003 -13"><span class='ocrx_word' id='word_1_124' title='bbox 355 1843 596 1896; x_wconf 83' lang='lat' dir='ltr'>Pamphilam</span> <span class='ocrx_word' id='word_1_125' title='bbox 627 1843 771 1893; x_wconf 84' lang='lat' dir='ltr'>amari,</span> <span class='ocrx_word' id='word_1_126' title='bbox 808 1855 925 1894; x_wconf 85' lang='lat' dir='ltr'>quam</span> <span class='ocrx_word' id='word_1_127' title='bbox 950 1842 1019 1881; x_wconf 85' lang='lat' dir='ltr'>fibi</span> 
     </span>
     <span class='ocr_line' id='line_1_27' title="bbox 356 1894 898 1941; baseline -0.009 0"><span class='ocrx_word' id='word_1_128' title='bbox 356 1902 483 1941; x_wconf 88' lang='lat' dir='ltr'>vicem</span> <span class='ocrx_word' id='word_1_129' title='bbox 505 1899 596 1938; x_wconf 86' lang='lat' dir='ltr'>dari.</span> <span class='ocrx_word' id='word_1_130' title='bbox 652 1901 699 1939; x_wconf 91' lang='lat' dir='ltr'>D.</span> <span class='ocrx_word' id='word_1_131' title='bbox 894 1894 898 1897; x_wconf 69' lang='grc'><strong>’</strong></span> 
     </span>
    </p>

    <p class='ocr_par' dir='ltr' id='par_1_11' title="bbox 358 1953 1022 2289">
     <span class='ocr_line' id='line_1_28' title="bbox 414 1953 1021 2008; baseline -0.007 -12"><span class='ocrx_word' id='word_1_132' title='bbox 414 1968 467 2008; x_wconf 83' lang='lat'>52</span> <span class='ocrx_word' id='word_1_133' title='bbox 500 1953 728 2006; x_wconf 84' lang='lat' dir='ltr'>Pamphilam</span> <span class='ocrx_word' id='word_1_134' title='bbox 739 1965 927 1994; x_wconf 82' lang='lat' dir='ltr'>cantatum</span> <span class='ocrx_word' id='word_1_135' title='bbox 935 1964 1021 2005; x_wconf 90' lang='lat' dir='ltr'>pro-</span> 
     </span>
     <span class='ocr_line' id='line_1_29' title="bbox 358 2010 1019 2065; baseline -0.006 -13"><span class='ocrx_word' id='word_1_136' title='bbox 358 2011 549 2065; x_wconf 84' lang='lat' dir='ltr'>uocemus]</span> <span class='ocrx_word' id='word_1_137' title='bbox 579 2011 803 2064; x_wconf 79' lang='lat' dir='ltr'>Eleganter,</span> <span class='ocrx_word' id='word_1_138' title='bbox 835 2010 924 2061; x_wconf 88' lang='lat' dir='ltr'>quia</span> <span class='ocrx_word' id='word_1_139' title='bbox 948 2010 1019 2048; x_wconf 89' lang='lat' dir='ltr'>ille</span> 
     </span>
     <span class='ocr_line' id='line_1_30' title="bbox 358 2066 1020 2116; baseline -0.008 -7"><span class='ocrx_word' id='word_1_140' title='bbox 358 2069 455 2110; x_wconf 81' lang='lat' dir='ltr'>foris</span> <span class='ocrx_word' id='word_1_141' title='bbox 477 2066 659 2116; x_wconf 60' lang='lat' dir='ltr'>est,&#39;haec</span> <span class='ocrx_word' id='word_1_142' title='bbox 680 2067 808 2105; x_wconf 83' lang='lat' dir='ltr'>intus:</span> <span class='ocrx_word' id='word_1_143' title='bbox 839 2066 942 2105; x_wconf 88' lang='lat' dir='ltr'>illum</span> <span class='ocrx_word' id='word_1_144' title='bbox 960 2068 1020 2104; x_wconf 87' lang='lat' dir='ltr'>in-</span> 
     </span>
     <span class='ocr_line' id='line_1_31' title="bbox 359 2122 1020 2175; baseline -0.009 -9"><span class='ocrx_word' id='word_1_145' title='bbox 359 2128 626 2172; x_wconf 81' lang='lat' dir='ltr'>tromittamus,</span> <span class='ocrx_word' id='word_1_146' title='bbox 661 2122 753 2162; x_wconf 77' lang='lat' dir='ltr'>hanc</span> <span class='ocrx_word' id='word_1_147' title='bbox 766 2134 1020 2175; x_wconf 80' lang='lat' dir='ltr'>prouocemus.</span> 
     </span>
     <span class='ocr_line' id='line_1_32' title="bbox 358 2178 1022 2232; baseline -0.009 -9"><span class='ocrx_word' id='word_1_148' title='bbox 358 2185 470 2224; x_wconf 82' lang='lat' dir='ltr'>Haec</span> <span class='ocrx_word' id='word_1_149' title='bbox 492 2179 547 2219; x_wconf 87' lang='lat' dir='ltr'>est</span> <span class='ocrx_word' id='word_1_150' title='bbox 564 2181 607 2218; x_wconf 87' lang='lat' dir='ltr'>in</span> <span class='ocrx_word' id='word_1_151' title='bbox 625 2178 752 2219; x_wconf 89' lang='lat' dir='ltr'>verbis</span> <span class='ocrx_word' id='word_1_152' title='bbox 772 2182 916 2218; x_wconf 84' lang='lat' dir='ltr'>Poetae</span> <span class='ocrx_word' id='word_1_153' title='bbox 937 2192 1022 2232; x_wconf 82' lang='lat' dir='ltr'>ger-</span> 
     </span>
     <span class='ocr_line' id='line_1_33' title="bbox 358 2236 829 2289; baseline -0.002 -12"><span class='ocrx_word' id='word_1_154' title='bbox 358 2251 475 2278; x_wconf 88' lang='lat' dir='ltr'>mana</span> <span class='ocrx_word' id='word_1_155' title='bbox 492 2236 721 2289; x_wconf 85' lang='lat' dir='ltr'>proprietas.</span> <span class='ocrx_word' id='word_1_156' title='bbox 779 2238 829 2276; x_wconf 88' lang='lat' dir='ltr'>D.</span> 
     </span>
    </p>

    <p class='ocr_par' dir='ltr' id='par_1_12' title="bbox 360 2290 1024 2625">
     <span class='ocr_line' id='line_1_34' title="bbox 418 2290 1024 2344; baseline -0.003 -11"><span class='ocrx_word' id='word_1_157' title='bbox 418 2292 662 2344; x_wconf 67' lang='lat' dir='ltr'>Commiffiztio</span> <span class='ocrx_word' id='word_1_158' title='bbox 679 2290 735 2342; x_wconf 86' lang='lat' dir='ltr'>est,</span> <span class='ocrx_word' id='word_1_159' title='bbox 766 2291 894 2343; x_wconf 89' lang='lat' dir='ltr'>inquit</span> <span class='ocrx_word' id='word_1_160' title='bbox 911 2293 1024 2331; x_wconf 84' lang='lat' dir='ltr'>Faer-</span> 
     </span>
     <span class='ocr_line' id='line_1_35' title="bbox 360 2350 1024 2403; baseline -0.003 -15"><span class='ocrx_word' id='word_1_161' title='bbox 360 2362 446 2398; x_wconf 86' lang='lat' dir='ltr'>nus,</span> <span class='ocrx_word' id='word_1_162' title='bbox 464 2350 617 2403; x_wconf 87' lang='lat' dir='ltr'>proprie</span> <span class='ocrx_word' id='word_1_163' title='bbox 636 2350 843 2387; x_wconf 87' lang='lat' dir='ltr'>conuiuium</span> <span class='ocrx_word' id='word_1_164' title='bbox 856 2351 1024 2388; x_wconf 83' lang='lat' dir='ltr'>meretri-</span> 
     </span>
     <span class='ocr_line' id='line_1_36' title="bbox 364 2404 1022 2456; baseline -0.003 -10"><span class='ocrx_word' id='word_1_165' title='bbox 364 2417 449 2446; x_wconf 83' lang='lat' dir='ltr'>cum</span> <span class='ocrx_word' id='word_1_166' title='bbox 488 2419 523 2444; x_wconf 86' lang='lat' dir='ltr'>et</span> <span class='ocrx_word' id='word_1_167' title='bbox 560 2405 922 2456; x_wconf 73' lang='lat' dir='ltr'>adolescentulorum.</span> <span class='ocrx_word' id='word_1_168' title='bbox 978 2404 1022 2444; x_wconf 91' lang='lat' dir='ltr'>Il-</span> 
     </span>
     <span class='ocr_line' id='line_1_37' title="bbox 365 2460 1023 2509; baseline -0.002 -8"><span class='ocrx_word' id='word_1_169' title='bbox 365 2460 432 2501; x_wconf 81' lang='lat' dir='ltr'>lud</span> <span class='ocrx_word' id='word_1_170' title='bbox 459 2475 523 2509; x_wconf 81' lang='lat' dir='ltr'>tu,</span> <span class='ocrx_word' id='word_1_171' title='bbox 553 2474 640 2500; x_wconf 89' lang='lat' dir='ltr'>curn</span> <span class='ocrx_word' id='word_1_172' title='bbox 666 2471 705 2500; x_wconf 90' lang='lat' dir='ltr'>et</span> <span class='ocrx_word' id='word_1_173' title='bbox 734 2462 826 2500; x_wconf 85' lang='lat' dir='ltr'>vltra</span> <span class='ocrx_word' id='word_1_174' title='bbox 854 2472 1023 2500; x_wconf 87' lang='lat' dir='ltr'>metrum</span> 
     </span>
     <span class='ocr_line' id='line_1_38' title="bbox 364 2516 1023 2568; baseline 0 -11"><span class='ocrx_word' id='word_1_175' title='bbox 364 2528 557 2565; x_wconf 80' lang='lat' dir='ltr'>excurrat,</span> <span class='ocrx_word' id='word_1_176' title='bbox 588 2527 627 2556; x_wconf 87' lang='lat' dir='ltr'>et</span> <span class='ocrx_word' id='word_1_177' title='bbox 653 2531 675 2556; x_wconf 87' lang='lat' dir='ltr'>a</span> <span class='ocrx_word' id='word_1_178' title='bbox 699 2527 790 2557; x_wconf 78' lang='lat' dir='ltr'>vett.</span> <span class='ocrx_word' id='word_1_179' title='bbox 812 2517 898 2557; x_wconf 81' lang='lat' dir='ltr'>edd.</span> <span class='ocrx_word' id='word_1_180' title='bbox 921 2516 1023 2568; x_wconf 87' lang='lat' dir='ltr'>abfit,</span> 
     </span>
     <span class='ocr_line' id='line_1_39' title="bbox 366 2573 800 2625; baseline -0.002 -12"><span class='ocrx_word' id='word_1_181' title='bbox 366 2573 580 2613; x_wconf 81' lang='lat' dir='ltr'>delendum</span> <span class='ocrx_word' id='word_1_182' title='bbox 598 2583 703 2625; x_wconf 90' lang='lat' dir='ltr'>puto.</span> <span class='ocrx_word' id='word_1_183' title='bbox 760 2577 800 2613; x_wconf 93' lang='lat' dir='ltr'>B.</span> 
     </span>
    </p>
   </div>
   <div class='ocr_carea' id='block_1_8' title="bbox 422 2630 1021 2685">
    <p class='ocr_par' dir='ltr' id='par_1_13' title="bbox 422 2630 1021 2685">
     <span class='ocr_line' id='line_1_40' title="bbox 422 2630 1021 2685; baseline -0.007 -12"><span class='ocrx_word' id='word_1_184' title='bbox 422 2639 472 2683; x_wconf 80' lang='lat'>53</span> <span class='ocrx_word' id='word_1_185' title='bbox 505 2634 627 2683; x_wconf 82' lang='lat' dir='ltr'>Lege,</span> <span class='ocrx_word' id='word_1_186' title='bbox 658 2630 829 2680; x_wconf 76' lang='lat' dir='ltr'>Cautum,</span> <span class='ocrx_word' id='word_1_187' title='bbox 857 2642 908 2684; x_wconf 79' lang='lat' dir='ltr'>tu,</span> <span class='ocrx_word' id='word_1_188' title='bbox 936 2639 1021 2685; x_wconf 78' lang='lat' dir='ltr'>pro-</span> 
     </span>
    </p>
   </div>
   <div class='ocr_carea' id='block_1_9' title="bbox 1606 797 1722 843">
    <p class='ocr_par' dir='ltr' id='par_1_14' title="bbox 1606 797 1722 843">
     <span class='ocr_line' id='line_1_41' title="bbox 1606 797 1722 843; baseline 0 -1"><span class='ocrx_word' id='word_1_189' title='bbox 1606 797 1722 843; x_wconf 73' lang='lat' dir='ltr'>Tu.</span> 
     </span>
    </p>
   </div>
   <div class='ocr_carea' id='block_1_10' title="bbox 1064 938 1730 2729">
    <p class='ocr_par' dir='ltr' id='par_1_15' title="bbox 1064 938 1725 1204">
     <span class='ocr_line' id='line_1_42' title="bbox 1064 938 1720 992; baseline -0.005 -12"><span class='ocrx_word' id='word_1_190' title='bbox 1064 953 1249 984; x_wconf 74' lang='lat' dir='ltr'>nocemus.</span> <span class='ocrx_word' id='word_1_191' title='bbox 1300 942 1400 982; x_wconf 86' lang='lat' dir='ltr'>Nam</span> <span class='ocrx_word' id='word_1_192' title='bbox 1419 940 1460 979; x_wconf 89' lang='lat' dir='ltr'>in</span> <span class='ocrx_word' id='word_1_193' title='bbox 1479 938 1553 978; x_wconf 81' lang='lat' dir='ltr'>hac</span> <span class='ocrx_word' id='word_1_194' title='bbox 1571 951 1615 978; x_wconf 91' lang='lat' dir='ltr'>re</span> <span class='ocrx_word' id='word_1_195' title='bbox 1632 952 1720 992; x_wconf 86' lang='lat' dir='ltr'>pro-</span> 
     </span>
     <span class='ocr_line' id='line_1_43' title="bbox 1064 992 1721 1050; baseline -0.003 -14"><span class='ocrx_word' id='word_1_196' title='bbox 1064 999 1191 1050; x_wconf 88' lang='lat' dir='ltr'>prium</span> <span class='ocrx_word' id='word_1_197' title='bbox 1212 996 1264 1038; x_wconf 89' lang='lat' dir='ltr'>est</span> <span class='ocrx_word' id='word_1_198' title='bbox 1281 1010 1427 1045; x_wconf 88' lang='lat' dir='ltr'>canere,</span> <span class='ocrx_word' id='word_1_199' title='bbox 1455 1010 1538 1035; x_wconf 90' lang='lat' dir='ltr'>non</span> <span class='ocrx_word' id='word_1_200' title='bbox 1559 992 1721 1035; x_wconf 52' lang='lat' dir='ltr'>cantare}</span> 
     </span>
     <span class='ocr_line' id='line_1_44' title="bbox 1065 1050 1723 1103; baseline -0.005 -10"><span class='ocrx_word' id='word_1_201' title='bbox 1065 1055 1128 1093; x_wconf 85' lang='lat' dir='ltr'>Sic</span> <span class='ocrx_word' id='word_1_202' title='bbox 1147 1054 1229 1094; x_wconf 88' lang='lat' dir='ltr'>Cic.</span> <span class='ocrx_word' id='word_1_203' title='bbox 1248 1050 1356 1092; x_wconf 90' lang='lat' dir='ltr'>Tuse.</span> <span class='ocrx_word' id='word_1_204' title='bbox 1377 1066 1454 1102; x_wconf 87' lang='lat'>1,2.</span> <span class='ocrx_word' id='word_1_205' title='bbox 1485 1052 1723 1103; x_wconf 87' lang='lat' dir='ltr'>Epaminon·</span> 
     </span>
     <span class='ocr_line' id='line_1_45' title="bbox 1066 1106 1725 1160; baseline 0 -13"><span class='ocrx_word' id='word_1_206' title='bbox 1066 1108 1132 1147; x_wconf 89' lang='lat' dir='ltr'>das</span> <span class='ocrx_word' id='word_1_207' title='bbox 1166 1107 1305 1148; x_wconf 89' lang='lat' dir='ltr'>fidibus</span> <span class='ocrx_word' id='word_1_208' title='bbox 1339 1108 1533 1160; x_wconf 86' lang='lat' dir='ltr'>praeclare</span> <span class='ocrx_word' id='word_1_209' title='bbox 1567 1106 1725 1160; x_wconf 80' lang='lat' dir='ltr'>cecimffi</span> 
     </span>
     <span class='ocr_line' id='line_1_46' title="bbox 1065 1165 1320 1204; baseline -0.008 0"><span class='ocrx_word' id='word_1_210' title='bbox 1065 1165 1218 1204; x_wconf 83' lang='lat' dir='ltr'>dicitur.</span> <span class='ocrx_word' id='word_1_211' title='bbox 1279 1167 1320 1204; x_wconf 93' lang='lat' dir='ltr'>B.</span> 
     </span>
    </p>

    <p class='ocr_par' dir='ltr' id='par_1_16' title="bbox 1065 1219 1725 1328">
     <span class='ocr_line' id='line_1_47' title="bbox 1122 1219 1725 1275; baseline 0 -15"><span class='ocrx_word' id='word_1_212' title='bbox 1122 1233 1176 1275; x_wconf 84' lang='lat'>54</span> <span class='ocrx_word' id='word_1_213' title='bbox 1202 1221 1258 1261; x_wconf 88' lang='lat' dir='ltr'>Tu</span> <span class='ocrx_word' id='word_1_214' title='bbox 1268 1219 1374 1258; x_wconf 82' lang='lat' dir='ltr'>huius</span> <span class='ocrx_word' id='word_1_215' title='bbox 1390 1219 1540 1274; x_wconf 86' lang='lat' dir='ltr'>contra]</span> <span class='ocrx_word' id='word_1_216' title='bbox 1557 1220 1633 1259; x_wconf 89' lang='lat' dir='ltr'>Hic</span> <span class='ocrx_word' id='word_1_217' title='bbox 1643 1232 1725 1260; x_wconf 82' lang='lat' dir='ltr'>con-</span> 
     </span>
     <span class='ocr_line' id='line_1_48' title="bbox 1065 1273 1593 1328; baseline -0.002 -11"><span class='ocrx_word' id='word_1_218' title='bbox 1065 1289 1130 1317; x_wconf 82' lang='lat' dir='ltr'>tra</span> <span class='ocrx_word' id='word_1_219' title='bbox 1148 1277 1274 1316; x_wconf 84' lang='lat' dir='ltr'>vicem</span> <span class='ocrx_word' id='word_1_220' title='bbox 1292 1273 1489 1328; x_wconf 82' lang='lat' dir='ltr'>fignificat.</span> <span class='ocrx_word' id='word_1_221' title='bbox 1542 1277 1593 1316; x_wconf 91' lang='lat' dir='ltr'>D.</span> 
     </span>
    </p>

    <p class='ocr_par' dir='ltr' id='par_1_17' title="bbox 1065 1331 1723 1498">
     <span class='ocr_line' id='line_1_49' title="bbox 1131 1331 1722 1388; baseline 0 -18"><span class='ocrx_word' id='word_1_222' title='bbox 1131 1345 1184 1387; x_wconf 82' lang='lat'>55</span> <span class='ocrx_word' id='word_1_223' title='bbox 1235 1332 1351 1388; x_wconf 76' lang='lat' dir='ltr'>Q⁰d</span> <span class='ocrx_word' id='word_1_224' title='bbox 1400 1345 1478 1370; x_wconf 82' lang='lat' dir='ltr'>eam</span> <span class='ocrx_word' id='word_1_225' title='bbox 1527 1331 1722 1386; x_wconf 80' lang='lat' dir='ltr'>mordeat]</span> 
     </span>
     <span class='ocr_line' id='line_1_50' title="bbox 1065 1385 1723 1443; baseline -0.005 -14"><span class='ocrx_word' id='word_1_226' title='bbox 1065 1388 1180 1442; x_wconf 70' lang='lat' dir='ltr'>,Quod</span> <span class='ocrx_word' id='word_1_227' title='bbox 1197 1401 1275 1439; x_wconf 88' lang='lat' dir='ltr'>par.</span> <span class='ocrx_word' id='word_1_228' title='bbox 1319 1397 1386 1427; x_wconf 89' lang='lat' dir='ltr'>aut</span> <span class='ocrx_word' id='word_1_229' title='bbox 1406 1385 1578 1428; x_wconf 85' lang='lat' dir='ltr'>absolute</span> <span class='ocrx_word' id='word_1_230' title='bbox 1596 1386 1723 1443; x_wconf 78' lang='lat' dir='ltr'>Qod,</span> 
     </span>
     <span class='ocr_line' id='line_1_51' title="bbox 1068 1446 1372 1498; baseline 0 -14"><span class='ocrx_word' id='word_1_231' title='bbox 1068 1459 1170 1498; x_wconf 89' lang='lat' dir='ltr'>quae</span> <span class='ocrx_word' id='word_1_232' title='bbox 1194 1458 1265 1486; x_wconf 78' lang='lat' dir='ltr'>res·</span> <span class='ocrx_word' id='word_1_233' title='bbox 1322 1446 1372 1485; x_wconf 85' lang='lat' dir='ltr'>D.</span> 
     </span>
    </p>

    <p class='ocr_par' dir='ltr' id='par_1_18' title="bbox 1065 1499 1730 2676">
     <span class='ocr_line' id='line_1_52' title="bbox 1122 1499 1728 1555; baseline -0.005 -14"><span class='ocrx_word' id='word_1_234' title='bbox 1122 1502 1219 1541; x_wconf 52' lang='lat' dir='ltr'>Par.</span> <span class='ocrx_word' id='word_1_235' title='bbox 1227 1511 1300 1555; x_wconf 85' lang='lat' dir='ltr'>pro</span> <span class='ocrx_word' id='word_1_236' title='bbox 1325 1501 1415 1553; x_wconf 86' lang='lat' dir='ltr'>pari</span> <span class='ocrx_word' id='word_1_237' title='bbox 1440 1499 1600 1554; x_wconf 75' lang='lat' dir='ltr'>refi’rto]</span> <span class='ocrx_word' id='word_1_238' title='bbox 1639 1503 1728 1541; x_wconf 90' lang='lat' dir='ltr'>Pro·</span> 
     </span>
     <span class='ocr_line' id='line_1_53' title="bbox 1068 1553 1724 1611; baseline -0.005 -14"><span class='ocrx_word' id='word_1_239' title='bbox 1068 1558 1249 1598; x_wconf 86' lang='lat' dir='ltr'>uerbium</span> <span class='ocrx_word' id='word_1_240' title='bbox 1267 1557 1376 1611; x_wconf 87' lang='lat' dir='ltr'>vulgi</span> <span class='ocrx_word' id='word_1_241' title='bbox 1396 1569 1463 1596; x_wconf 86' lang='lat' dir='ltr'>ore</span> <span class='ocrx_word' id='word_1_242' title='bbox 1479 1553 1563 1596; x_wconf 85' lang='lat' dir='ltr'>satis</span> <span class='ocrx_word' id='word_1_243' title='bbox 1582 1557 1724 1606; x_wconf 88' lang='lat' dir='ltr'>tritum,</span> 
     </span>
     <span class='ocr_line' id='line_1_54' title="bbox 1069 1613 1728 1667; baseline -0.006 -13"><span class='ocrx_word' id='word_1_244' title='bbox 1069 1626 1108 1654; x_wconf 91' lang='lat' dir='ltr'>et</span> <span class='ocrx_word' id='word_1_245' title='bbox 1125 1614 1230 1667; x_wconf 90' lang='lat' dir='ltr'>quod</span> <span class='ocrx_word' id='word_1_246' title='bbox 1258 1613 1628 1665; x_wconf 87' lang='lat' dir='ltr'>interpretationem</span> <span class='ocrx_word' id='word_1_247' title='bbox 1646 1625 1728 1651; x_wconf 85' lang='lat' dir='ltr'>non</span> 
     </span>
     <span class='ocr_line' id='line_1_55' title="bbox 1065 1667 1728 1723; baseline -0.006 -12"><span class='ocrx_word' id='word_1_248' title='bbox 1065 1672 1246 1723; x_wconf 85' lang='lat' dir='ltr'>requirit:</span> <span class='ocrx_word' id='word_1_249' title='bbox 1279 1670 1382 1709; x_wconf 86' lang='lat' dir='ltr'>cuius</span> <span class='ocrx_word' id='word_1_250' title='bbox 1396 1679 1541 1708; x_wconf 45' lang='lat' dir='ltr'>‘tamen</span> <span class='ocrx_word' id='word_1_251' title='bbox 1568 1667 1728 1708; x_wconf 86' lang='lat' dir='ltr'>occafio·</span> 
     </span>
     <span class='ocr_line' id='line_1_56' title="bbox 1067 1725 1728 1779; baseline -0.008 -11"><span class='ocrx_word' id='word_1_252' title='bbox 1067 1742 1120 1768; x_wconf 89' lang='lat' dir='ltr'>ne</span> <span class='ocrx_word' id='word_1_253' title='bbox 1147 1727 1318 1768; x_wconf 88' lang='lat' dir='ltr'>Siculum</span> <span class='ocrx_word' id='word_1_254' title='bbox 1345 1725 1529 1779; x_wconf 85' lang='lat' dir='ltr'>adagium</span> <span class='ocrx_word' id='word_1_255' title='bbox 1564 1725 1728 1766; x_wconf 79' lang='lat' dir='ltr'>annota-</span> 
     </span>
     <span class='ocr_line' id='line_1_57' title="bbox 1065 1782 1727 1836; baseline -0.006 -13"><span class='ocrx_word' id='word_1_256' title='bbox 1065 1783 1130 1833; x_wconf 88' lang='lat' dir='ltr'>bo,</span> <span class='ocrx_word' id='word_1_257' title='bbox 1151 1785 1258 1823; x_wconf 89' lang='lat' dir='ltr'>cuius</span> <span class='ocrx_word' id='word_1_258' title='bbox 1284 1783 1536 1836; x_wconf 81' lang='lat' dir='ltr'>ignoratione</span> <span class='ocrx_word' id='word_1_259' title='bbox 1565 1795 1648 1821; x_wconf 88' lang='lat' dir='ltr'>non</span> <span class='ocrx_word' id='word_1_260' title='bbox 1671 1782 1727 1819; x_wconf 88' lang='lat' dir='ltr'>le-</span> 
     </span>
     <span class='ocr_line' id='line_1_58' title="bbox 1070 1837 1725 1879; baseline -0.006 0"><span class='ocrx_word' id='word_1_261' title='bbox 1070 1853 1140 1879; x_wconf 90' lang='lat' dir='ltr'>ues</span> <span class='ocrx_word' id='word_1_262' title='bbox 1158 1841 1200 1878; x_wconf 91' lang='lat' dir='ltr'>in</span> <span class='ocrx_word' id='word_1_263' title='bbox 1217 1838 1410 1878; x_wconf 82' lang='lat' dir='ltr'>veteribus</span> <span class='ocrx_word' id='word_1_264' title='bbox 1436 1837 1544 1876; x_wconf 88' lang='lat' dir='ltr'>libris</span> <span class='ocrx_word' id='word_1_265' title='bbox 1574 1848 1725 1876; x_wconf 84' lang='lat' dir='ltr'>errores</span> 
     </span>
     <span class='ocr_line' id='line_1_59' title="bbox 1067 1892 1729 1946; baseline -0.008 -10"><span class='ocrx_word' id='word_1_266' title='bbox 1067 1895 1227 1936; x_wconf 85' lang='lat' dir='ltr'>subnati.</span> <span class='ocrx_word' id='word_1_267' title='bbox 1295 1893 1413 1944; x_wconf 88' lang='lat' dir='ltr'>Quod</span> <span class='ocrx_word' id='word_1_268' title='bbox 1447 1894 1565 1946; x_wconf 86' lang='lat' dir='ltr'>igitur</span> <span class='ocrx_word' id='word_1_269' title='bbox 1601 1892 1729 1933; x_wconf 86' lang='lat' dir='ltr'>Latini</span> 
     </span>
     <span class='ocr_line' id='line_1_60' title="bbox 1069 1949 1730 2004; baseline -0.009 -12"><span class='ocrx_word' id='word_1_270' title='bbox 1069 1952 1147 1992; x_wconf 81' lang='lat' dir='ltr'>Par</span> <span class='ocrx_word' id='word_1_271' title='bbox 1160 1953 1255 2004; x_wconf 79' lang='lat' dir='ltr'>pari,</span> <span class='ocrx_word' id='word_1_272' title='bbox 1289 1949 1364 1989; x_wconf 86' lang='lat' dir='ltr'>hoe</span> <span class='ocrx_word' id='word_1_273' title='bbox 1383 1949 1500 1990; x_wconf 82' lang='lat' dir='ltr'>Siculi</span> <span class='ocrx_word' id='word_1_274' title='bbox 1527 1954 1648 1988; x_wconf 79' lang='grc' dir='ltr'><strong><em>Μοῖτον</em></strong></span> <span class='ocrx_word' id='word_1_275' title='bbox 1676 1953 1730 1986; x_wconf 73' lang='grc' dir='ltr'>ἂν·</span> 
     </span>
     <span class='ocr_line' id='line_1_61' title="bbox 1067 2005 1727 2053; baseline -0.003 -7"><span class='ocrx_word' id='word_1_276' title='bbox 1067 2015 1102 2046; x_wconf 74' lang='grc' dir='ltr'>τὶ</span> <span class='ocrx_word' id='word_1_277' title='bbox 1129 2013 1228 2053; x_wconf 66' lang='grc' dir='ltr'><em>μοῖτυ</em></span> <span class='ocrx_word' id='word_1_278' title='bbox 1260 2005 1413 2053; x_wconf 75' lang='lat' dir='ltr'>dicunt:</span> <span class='ocrx_word' id='word_1_279' title='bbox 1443 2014 1484 2052; x_wconf 80' lang='lat' dir='ltr'>et</span> <span class='ocrx_word' id='word_1_280' title='bbox 1511 2010 1622 2049; x_wconf 75' lang='grc' dir='ltr'><em>μοῖτον</em></span> <span class='ocrx_word' id='word_1_281' title='bbox 1650 2005 1727 2044; x_wconf 74' lang='lat' dir='ltr'>illis</span> 
     </span>
     <span class='ocr_line' id='line_1_62' title="bbox 1068 2060 1723 2103; baseline -0.003 0"><span class='ocrx_word' id='word_1_282' title='bbox 1068 2076 1234 2103; x_wconf 88' lang='lat' dir='ltr'>mutuum</span> <span class='ocrx_word' id='word_1_283' title='bbox 1252 2061 1320 2101; x_wconf 90' lang='lat' dir='ltr'>est.</span> <span class='ocrx_word' id='word_1_284' title='bbox 1369 2063 1515 2103; x_wconf 74' lang='lat' dir='ltr'>Van-ro</span> <span class='ocrx_word' id='word_1_285' title='bbox 1541 2060 1592 2100; x_wconf 90' lang='lat' dir='ltr'>de</span> <span class='ocrx_word' id='word_1_286' title='bbox 1611 2066 1652 2103; x_wconf 89' lang='lat' dir='ltr'>L.</span> <span class='ocrx_word' id='word_1_287' title='bbox 1679 2065 1723 2102; x_wconf 90' lang='lat' dir='ltr'>L.</span> 
     </span>
     <span class='ocr_line' id='line_1_63' title="bbox 1068 2116 1723 2170; baseline -0.006 -10"><span class='ocrx_word' id='word_1_288' title='bbox 1068 2120 1137 2160; x_wconf 84' lang='lat' dir='ltr'>lib.</span> <span class='ocrx_word' id='word_1_289' title='bbox 1170 2133 1229 2162; x_wconf 91' lang='lat' dir='ltr'>1v.</span> <span class='ocrx_word' id='word_1_290' title='bbox 1268 2130 1357 2170; x_wconf 83' lang='lat' dir='ltr'>pag.</span> <span class='ocrx_word' id='word_1_291' title='bbox 1390 2128 1456 2170; x_wconf 88' lang='lat'>42.</span> <span class='ocrx_word' id='word_1_292' title='bbox 1524 2116 1568 2156; x_wconf 86' lang='lat' dir='ltr'>Si</span> <span class='ocrx_word' id='word_1_293' title='bbox 1596 2118 1723 2163; x_wconf 83' lang='lat' dir='ltr'>datur,</span> 
     </span>
     <span class='ocr_line' id='line_1_64' title="bbox 1071 2172 1729 2231; baseline -0.006 -17"><span class='ocrx_word' id='word_1_294' title='bbox 1071 2176 1176 2231; x_wconf 86' lang='lat' dir='ltr'>quod</span> <span class='ocrx_word' id='word_1_295' title='bbox 1192 2175 1386 2222; x_wconf 77' lang='lat' dir='ltr'>reddatur,</span> <span class='ocrx_word' id='word_1_296' title='bbox 1413 2186 1601 2216; x_wconf 87' lang='lat' dir='ltr'>mutuum,·</span> <span class='ocrx_word' id='word_1_297' title='bbox 1629 2172 1729 2227; x_wconf 83' lang='lat' dir='ltr'>quod</span> 
     </span>
     <span class='ocr_line' id='line_1_65' title="bbox 1073 2229 1729 2287; baseline -0.008 -15"><span class='ocrx_word' id='word_1_298' title='bbox 1073 2232 1187 2287; x_wconf 68' lang='lat' dir='ltr'>Siculi</span> <span class='ocrx_word' id='word_1_299' title='bbox 1219 2237 1342 2281; x_wconf 71' lang='grc' dir='ltr'><em>μοῖτου.</em></span> <span class='ocrx_word' id='word_1_300' title='bbox 1398 2230 1460 2269; x_wconf 83' lang='lat' dir='ltr'>Ita</span> <span class='ocrx_word' id='word_1_301' title='bbox 1486 2229 1623 2281; x_wconf 61' lang='lat' dir='ltr'>firihl&#39;t</span> <span class='ocrx_word' id='word_1_302' title='bbox 1658 2229 1729 2268; x_wconf 79' lang='lat' dir='ltr'>So-</span> 
     </span>
     <span class='ocr_line' id='line_1_66' title="bbox 1065 2285 1728 2344; baseline -0.011 -14"><span class='ocrx_word' id='word_1_303' title='bbox 1065 2290 1192 2344; x_wconf 81' lang='lat' dir='ltr'>phron</span> <span class='ocrx_word' id='word_1_304' title='bbox 1209 2294 1318 2334; x_wconf 79' lang='grc' dir='ltr'><em>μοῖτσν</em></span> <span class='ocrx_word' id='word_1_305' title='bbox 1339 2288 1549 2331; x_wconf 64' lang='grc' dir='ltr'>ἐνατίθημον.</span> <span class='ocrx_word' id='word_1_306' title='bbox 1592 2285 1728 2326; x_wconf 72' lang='lat' dir='ltr'>Omni-</span> 
     </span>
     <span class='ocr_line' id='line_1_67' title="bbox 1071 2342 1728 2398; baseline -0.014 -11"><span class='ocrx_word' id='word_1_307' title='bbox 1071 2359 1124 2387; x_wconf 92' lang='lat' dir='ltr'>no</span> <span class='ocrx_word' id='word_1_308' title='bbox 1145 2344 1377 2398; x_wconf 84' lang='lat' dir='ltr'>legendum:</span> <span class='ocrx_word' id='word_1_309' title='bbox 1407 2342 1591 2395; x_wconf 86' lang='lat' dir='ltr'>Sophron,</span> <span class='ocrx_word' id='word_1_310' title='bbox 1617 2347 1728 2392; x_wconf 55' lang='grc' dir='ltr'>μοῖτεγ</span> 
     </span>
     <span class='ocr_line' id='line_1_68' title="bbox 1071 2400 1728 2447; baseline -0.008 -5"><span class='ocrx_word' id='word_1_311' title='bbox 1071 2403 1145 2442; x_wconf 68' lang='grc' dir='ltr'>ἐντὶ</span> <span class='ocrx_word' id='word_1_312' title='bbox 1163 2407 1270 2447; x_wconf 59' lang='lat' dir='ltr'>non-s.</span> <span class='ocrx_word' id='word_1_313' title='bbox 1325 2400 1492 2440; x_wconf 85' lang='lat' dir='ltr'>Siculam</span> <span class='ocrx_word' id='word_1_314' title='bbox 1520 2411 1656 2438; x_wconf 89' lang='lat' dir='ltr'>vocem</span> <span class='ocrx_word' id='word_1_315' title='bbox 1674 2408 1728 2437; x_wconf 90' lang='lat' dir='ltr'>et·</span> 
     </span>
     <span class='ocr_line' id='line_1_69' title="bbox 1072 2451 1730 2511; baseline -0.009 -13"><span class='ocrx_word' id='word_1_316' title='bbox 1072 2460 1147 2498; x_wconf 84' lang='lat' dir='ltr'>iam</span> <span class='ocrx_word' id='word_1_317' title='bbox 1178 2455 1390 2511; x_wconf 83' lang='lat' dir='ltr'>Hesychius</span> <span class='ocrx_word' id='word_1_318' title='bbox 1426 2452 1619 2509; x_wconf 84' lang='lat' dir='ltr'>agnoseit,</span> <span class='ocrx_word' id='word_1_319' title='bbox 1663 2451 1730 2493; x_wconf 81' lang='lat' dir='ltr'>sed</span> 
     </span>
     <span class='ocr_line' id='line_1_70' title="bbox 1076 2507 1727 2567; baseline -0.006 -13"><span class='ocrx_word' id='word_1_320' title='bbox 1076 2515 1215 2567; x_wconf 87' lang='lat' dir='ltr'>pariter</span> <span class='ocrx_word' id='word_1_321' title='bbox 1260 2526 1303 2552; x_wconf 89' lang='lat' dir='ltr'>ac</span> <span class='ocrx_word' id='word_1_322' title='bbox 1339 2517 1464 2554; x_wconf 90' lang='lat' dir='ltr'>Varro</span> <span class='ocrx_word' id='word_1_323' title='bbox 1497 2507 1727 2551; x_wconf 84' lang='lat' dir='ltr'>mendosus:</span> 
     </span>
     <span class='ocr_line' id='line_1_71' title="bbox 1073 2567 1730 2618; baseline -0.009 -8"><span class='ocrx_word' id='word_1_324' title='bbox 1073 2579 1206 2615; x_wconf 71' lang='grc' dir='ltr'><strong><em>Μειτοὶ,</em></strong></span> <span class='ocrx_word' id='word_1_325' title='bbox 1250 2567 1412 2618; x_wconf 20' lang='grc' dir='ltr'>ἐ’ντοιμοιῇ,</span> <span class='ocrx_word' id='word_1_326' title='bbox 1446 2574 1606 2616; x_wconf 67' lang='grc' dir='ltr'>παροιμία</span> <span class='ocrx_word' id='word_1_327' title='bbox 1641 2578 1730 2606; x_wconf 70' lang='grc' dir='ltr'><em>Σικε·</em></span> 
     </span>
     <span class='ocr_line' id='line_1_72' title="bbox 1071 2620 1728 2676; baseline -0.012 -8"><span class='ocrx_word' id='word_1_328' title='bbox 1071 2634 1151 2676; x_wconf 61' lang='lat' dir='ltr'>Mic.</span> <span class='ocrx_word' id='word_1_329' title='bbox 1184 2626 1205 2673; x_wconf 70' lang='grc' dir='ltr'>ἥ</span> <span class='ocrx_word' id='word_1_330' title='bbox 1233 2625 1300 2676; x_wconf 66' lang='grc' dir='ltr'><em>’γοὶς</em></span> <span class='ocrx_word' id='word_1_331' title='bbox 1331 2624 1434 2676; x_wconf 62' lang='grc' dir='ltr'><em>χάρις</em></span> <span class='ocrx_word' id='word_1_332' title='bbox 1451 2623 1564 2672; x_wconf 59' lang='lat' dir='ltr'>uota-dr</span> <span class='ocrx_word' id='word_1_333' title='bbox 1593 2620 1728 2668; x_wconf 73' lang='grc' dir='ltr'>οἰνόχοε·</span> 
     </span>
    </p>

    <p class='ocr_par' dir='ltr' id='par_1_19' title="bbox 1666 2695 1727 2729">
     <span class='ocr_line' id='line_1_73' title="bbox 1666 2695 1727 2729; baseline 0.033 -14"><span class='ocrx_word' id='word_1_334' title='bbox 1666 2695 1727 2729; x_wconf 62' lang='lat' dir='ltr'>el?-</span> 
     </span>
    </p>
   </div>
  </div>
 </body>
</html>
