1815 3168
424 188 727 235 PROLOG.
767 187 844 231 IN
882 186 1093 232 ANDR.

1403 200 1459 249 ¹3

107 332 166 380 15
199 313 248 361 Id
279 311 343 358 isti
364 314 612 375 vituperant
633 305 817 362 fafftutm
858 316 984 369 atque
1008 309 1054 352 in
1076 323 1128 352 eo
1152 305 1380 370 disputant,

200 387 496 436 Contaminari
519 402 609 431 non
636 384 785 429 decere
819 381 996 428 fabulas.

196 466 379 510 Faciunt
399 477 479 506 nae
501 457 807 518 intelligendo,
841 467 887 502 vt
916 456 1026 501 nihil
1052 456 1308 516 intelligant.

173 524 176 528 ¹
198 540 289 594 Qui
302 553 401 584 cum
411 536 529 584 hunc
542 533 747 587 accul:,mt
771 534 1010 585 Naeuium,
1033 533 1247 584 Plautum,
1266 534 1462 579 Ennium

122 867 170 910 15
204 855 250 894 Ῑιὶ
268 852 324 906 isti
351 851 739 907 vituperantfizt‘fum]

64 910 140 965 Isti,
164 927 197 951 a<
200 912 209 951 l
229 910 567 962 reprehenfionem
586 908 741 948 sumitur

64 966 258 1021 personae:
272 965 740 1016 i11ter·dum1ei1··ep1ehe11

65 1025 211 1064 {ionem
237 1021 442 1076 fignificat.
478 1034 517 1061 vt
543 1022 740 1074 Virgilius,

67 1082 226 1138 Onia'pe
230 1082 277 1119 tis
290 1078 392 1131 istis?
425 1079 652 1130 Vituperant.
678 1076 742 1117 Vi

67 1121 232 1176 tiumrei
252 1149 299 1186 pa
302 1146 395 1182 r,ant
426 1135 643 1187 Disputant
669 1136 743 1172 Im-

66 1202 279 1237 morantur,
311 1191 601 1239 calumniantur,
635 1203 742 1242 argu-

68 1258 300 1287 mentantur.
355 1249 402 1286 D.

131 1315 149 1344 1
164 1307 189 1345 6
207 1315 209 1318 ’
238 1302 524 1356 Contaminari]
586 1301 744 1353 Proprie

70 1361 318 1398 contaminare
353 1358 424 1406 est,
460 1358 634 1396 manibus
663 1359 742 1396 luto

70 1415 197 1466 plenis
216 1413 356 1464 aliquid
376 1414 575 1465 attingere.
611 1423 648 1452 et
668 1426 744 1451 con-

70 1474 269 1516 taminare,
302 1469 489 1521 attingere
509 1469 578 1516 est,
592 1469 599 1487 ³
613 1479 651 1508 et
667 1468 747 1520 pol·

72 1527 191 1566 luere.
247 1525 443 1576 Virgilius,
469 1526 649 1577 Linquere
668 1525 745 1576 pol-

74 1583 195 1622 lutum
215 1579 421 1631 hospitium,
439 1580 479 1618 id
496 1580 547 1619 est
566 1580 746 1619 contami-

78 1649 166 1677 nat-s
162 1652 220 1675 m.
270 1636 538 1674 Contaminari.
565 1637 747 1686 Tangiet

73 1694 142 1732 reli
135 1708 170 1731 ·1.
176 1692 237 1744 qui
268 1692 413 1742 polluta
442 1705 577 1738 manu,
608 1705 651 1730 ac
676 1703 746 1741 per

73 1748 147 1789 hoc
166 1749 266 1787 uelut
290 1745 436 1786 foedari
463 1756 526 1785 aut
545 1746 746 1785 maculari:

73 1817 113 1843 vt
133 1802 212 1856 ipse
231 1804 297 1841 ait:
317 1803 378 1841 Ne
398 1802 460 1842 hoc
471 1803 648 1856 gaudium
669 1815 748 1840 con-

73 1863 227 1900 taminet
245 1861 361 1897 vitam
371 1858 600 1913 aegritudine
610 1860 746 1911 aliqua.

75 1916 332 1956 Contaminari
349 1928 421 1953 non
440 1915 571 1954 decere.
620 1914 663 1954 ld
681 1913 746 1962 est,

75 1984 126 2010 ex
143 1985 205 2009 mu
211 1972 271 2009 ltis
288 1984 400 2009 vnam
425 1984 506 2009 non
536 1970 675 2009 decere
694 1968 746 2009 sa-

75 2041 176 2068 eerme
233 2030 282 2067 D.

130 2082 388 2124 Contaminari
399 2096 473 2121 non
492 2082 631 2146 decere]
675 2085 749 2122 Ex·

74 2141 220 2191 emplar
245 2138 504 2178 Bibliothecae
530 2139 643 2192 Regis
665 2137 750 2178 Gal-

77 2194 156 2235 liar.
185 2209 258 2234 non
276 2193 414 2234 debere.
471 2198 511 2235 L.

134 2263 186 2303 17
222 2250 380 2290 Faciunt
397 2251 457 2304 ne]
510 2253 573 2291 Ne
592 2249 749 2302 quidam

77 2309 338 2358 corripiunt‚et
349 2320 432 2345 cum
444 2307 749 2358 interrogatione

78 2366 343 2415 pronunciant,
357 2362 511 2414 quidam
522 2361 747 2414 producunt.

79 2426 240 2470 quorum
268 2420 332 2458 alii
362 2433 404 2458 ne
428 2432 497 2470 pro
523 2432 585 2456 nec
615 2418 750 2468 accipi-

79 2485 160 2523 unt,
181 2474 220 2513 id
239 2474 300 2524 est,
320 2488 412 2513 non.
443 2475 505 2513 alii
525 2488 568 2513 ne
587 2486 655 2525 pro
677 2473 751 2512 val-

80 2529 142 2579 de,
174 2542 231 2570 vt:
270 2531 330 2569 Ne
354 2544 417 2585 ego
437 2530 641 2582 homosum
659 2529 752 2580 irfi-

81 2586 147 2626 lix.
180 2596 218 2624 et
237 2586 385 2627 Cicero.
415 2586 476 2624 Ne
496 2587 551 2625 illi
568 2585 751 2624 vehemen-

79 2655 140 2681 ter
158 2655 296 2682 errant.
323 2646 369 2683 Et
386 2641 458 2680 hoc
476 2642 633 2681 melius:
661 2654 750 2679 nam

78 2696 198 2738 statim
224 2697 359 2747 infert,
386 2698 463 2754 Qi
491 2711 567 2737 cum
584 2698 679 2737 hunc
696 2709 752 2736 ac-

1321 666 1465 711 Accu-

790 847 936 902 castsnt,
967 848 1161 895 Naeuium,
1182 848 1366 897 Plautum,
1393 849 1464 888 En·

790 911 891 947 nium
909 907 1088 957 accusant.
1148 911 1191 946 ln
1210 906 1363 959 {iugulis
1386 919 1466 944 ma-

791 977 867 1017 gna
895 962 1078 1014 emphaiis
1107 964 1356 1002 ausim-itatis:
1398 960 1465 1000 sed

792 1019 885 1058 ordo
906 1032 986 1057 non
1005 1019 1057 1058 est
1082 1017 1259 1058 seruatus.
1315 1018 1464 1058 Ennius

791 1087 958 1125 namque
977 1086 1066 1114 ante
1085 1074 1256 1114 Plautum
1283 1073 1372 1113 fuit:
1400 1071 1466 1112 sed

793 1130 896 1183 quod
934 1130 986 1169 est
1020 1128 1188 1169 summae
1225 1130 1464 1177 minoritatis,

790 1188 959 1228 Ennium
978 1187 1150 1225 Vltimum
1162 1185 1267 1225 dixit.
1304 1188 1373 1226 Ne.
1402 1185 1469 1226 Ni-

790 1244 872 1289 mis,
896 1243 1068 1291 multum>
1090 1243 1307 1294 plurimum.
1364 1244 1413 1282 D.

844 1300 1006 1338 Faciunt
1025 1312 1069 1337 ne
1087 1298 1340 1353 intelligendo]
1381 1301 1468 1338 Hoc

794 1355 866 1402 est,
921 1354 1023 1405 quasl
1068 1355 1284 1406 plurimum
1327 1354 1470 1394 intelli·

794 1409 940 1463 gendo.
996 1413 1039 1449 E.
1289 1428 1292 1433 ’
1476 1442 1478 1445 .

848 1468 936 1505 Fac
928 1478 1004 1504 unt
1023 1468 1150 1504 neiatc
1155 1464 1329 1520 lligendo]
1378 1465 1470 1505 Hie·
1489 1506 1491 1512 ,

795 1535 945 1574 r·.onym
965 1519 1130 1561 Stridon.
1149 1521 1263 1571 Epist.
1296 1521 1345 1560 de
1374 1521 1472 1572 opti-

794 1591 858 1617 mo
877 1590 966 1629 gen
987 1578 1126 1628 inteimp
1173 1577 1334 1616 finiunt
1352 1590 1394 1616 ne
1416 1580 1472 1616 in·

797 1632 1011 1686 :elligendm
1043 1645 1086 1670 vt
1112 1632 1210 1671 nihil
1235 1631 1469 1687 zntelligant:

793 1700 830 1728 et
856 1689 941 1726 dum
967 1687 1122 1727 alienam
1154 1691 1378 1741 imperitiam
1404 1705 1470 1729 vo·

796 1745 879 1784 lunt
919 1757 1091 1797 arguere,
1142 1744 1255 1794 fitam
1285 1746 1467 1796 produnt.

796 1799 903 1839 Cael.
929 1798 1058 1839 Sedul.
1102 1799 1150 1838 ad
1179 1800 1384 1840 Macedon.
1421 1801 1473 1843 de

796 1868 915 1905 opere
934 1852 1032 1895 pase.
1089 1854 1132 1895 Si
1156 1858 1219 1909 qui
1238 1870 1357 1896 tamen
1380 1858 1475 1910 istud

797 1911 981 1959 obiiciant,
991 1911 1147 1961 fitciunt
1157 1926 1217 1951 nec
1233 1913 1471 1969 intelligendo
1490 1921 1497 1934 ⁸

795 1981 837 2007 vt
860 1967 955 2007 nihil
981 1967 1200 2022 intelligant.
1254 1970 1343 2010 Vid.
1370 1970 1484 2012 Cha:

795 2022 853 2063 ris.
877 2023 953 2064 Sos
942 2037 992 2075 p
1005 2022 1070 2063 lib.
1089 2037 1143 2064 11.
1171 2025 1352 2066 Diomed.
1368 2026 1432 2067 lib.
1444 2040 1472 2067 1.

798 2093 878 2131 cap.
903 2093 940 2133 4.
999 2083 1039 2123 L.

851 2137 940 2176 Nae
976 2134 1012 2174 h.
1052 2148 1086 2174 e.
1123 2147 1246 2185 certe,
1289 2135 1473 2188 prosec‘to,

800 2206 887 2232 cum
914 2201 1106 2244 repugnet
1134 2189 1297 2231 sermoni
1328 2207 1370 2232 ac
1392 2191 1476 2234 sen-

796 2247 870 2297 sui,
911 2248 1135 2287 mutandum
1161 2248 1212 2286 est
1246 2249 1287 2287 in
1324 2263 1389 2298 ne,
1434 2260 1475 2290 et

798 2318 885 2343 cum
932 2305 1238 2357 interrogatione
1277 2304 1478 2357 proferen-

798 2361 902 2399 dum.
960 2363 1002 2400 B.

859 2422 905 2464 13
936 2417 1022 2479 Qi
1048 2428 1127 2454 cum
1155 2415 1267 2469 hunc]
1327 2417 1478 2458 Teren-

800 2473 915 2519 tium,
952 2473 1093 2522 inquit,
1134 2469 1343 2523 specialiter
1371 2487 1477 2513 accu-

800 2526 942 2575 santeS‚
973 2524 1148 2567 nesciunt
1165 2525 1203 2566 se
1222 2527 1332 2566 bonis
1353 2531 1493 2576 omni-¹

801 2584 869 2623 bus
896 2582 1148 2631 maledicere,
1185 2596 1279 2634 quos
1306 2584 1372 2622 ille
1391 2586 1494 2624 imi:

802 2651 918 2678 tatur:
950 2650 988 2677 et
1007 2650 1275 2692 argumentmn
1293 2639 1347 2678 est
1356 2640 1402 2680 ab
1414 2654 1478 2683 ex-

801 2695 929 2748 emplo
952 2706 990 2734 et
1020 2695 1248 2737 au‘cioritate.
1303 2698 1351 2737 D.
