1815 3168
489 156 1109 208 .·..HEAVTONT1M.

1417 158 1517 201 621<

191 301 250 335 10
289 284 471 348 Aquilae
504 280 716 329 senestuS.
757 277 865 328 CH.
913 282 1027 328 heia.
1075 281 1164 330 SY.
1204 284 1364 332 mulier
1396 296 1513 329 com-

382 358 509 404 moda
547 368 589 404 et

286 438 440 482 Faceta
471 433 575 478 haec
607 434 826 479 meretrix.

383 507 442 554 est
472 507 549 554 tibi
567 508 586 553 ?

866 411 964 480 CH.
1003 431 1111 478 sane.
1150 429 1246 480 ΞΥ.
1283 433 1401 479 idem
1431 433 1515 481 visa

232 652 234 654 v
283 588 341 632 Et
362 583 540 648 quidem
569 583 715 631 hercle
739 582 881 630 forma
901 580 1134 652 luculente.
1174 577 1281 630 CH.
1319 581 1376 630 fic
1403 583 1513 629 satis.

208 815 260 845 10
296 804 447 856 Aquilae
469 802 654 855 scneftm]
692 801 809 840 Plini-

153 871 196 898 us
216 859 282 898 lib.
309 872 366 902 ιο,
389 863 488 912 (cap.
508 860 566 910 3.)
597 858 807 898 Narin-,Hi-

152 915 310 963 stoi-iae,
337 916 387 954 de
408 915 540 966 aquilis
560 913 653 953 haec
675 912 804 962 refert,
832 952 834 954 .

123 976 126 977 ’
153 972 342 1024 Oppetunt
365 971 578 1021 musculo,
606 984 669 1009 nec
687 973 807 1024 aegri-

153 1029 291 1076 tudine,
302 1027 501 1079 fidfinne,
528 1030 567 1065 in
587 1025 809 1076 tautu7nfl1-

150 1087 298 1137 periore
333 1087 553 1138 accrqfireme
587 1082 727 1133 rostra,
766 1094 809 1120 vt

151 1141 344 1180 aduncitas
386 1141 522 1192 aperiri
569 1151 642 1177 non
685 1150 806 1190 queat.

149 1197 270 1249 Igitur
297 1196 440 1246 aquila,
467 1204 616 1234 tautum
633 1195 673 1231 in
704 1191 808 1232 sone-

152 1252 254 1292 &ute
276 1252 393 1299 bibit,
424 1253 483 1290 vel
503 1250 553 1289 de
570 1248 711 1300 praeda
729 1247 808 1287 san-

151 1309 312 1361 guinem
334 1305 449 1360 sugit:
480 1320 528 1345 ex
557 1318 634 1356 quo
655 1317 809 1356 prouer-

154 1365 263 1402 bium
281 1364 321 1401 in
341 1360 461 1411 senes,
481 1362 547 1413 qui
558 1361 642 1413 plus
654 1359 802 1408 bibunt,

154 1432 269 1470 quam
299 1419 521 1458 comedunt.
573 1417 720 1456 Plinius
741 1418 808 1466 (N.

153 1478 204 1515 H.
225 1488 308 1521 xxv,
332 1477 432 1526 22),
464 1474 514 1512 de
533 1472 640 1512 ebrio
664 1474 808 1523 inquit:

152 1532 256 1571 Hinc
276 1531 403 1583 pallor
431 1543 467 1568 et
490 1543 604 1585 genae
618 1527 809 1582 pendulae,

153 1586 342 1625 oculorum
371 1586 508 1634 vlcera,
541 1585 712 1624 tremulae
736 1598 809 1623 ma-

150 1656 231 1682 nus.
286 1640 409 1682 Diuus
421 1643 683 1693 Hieronymus
705 1640 754 1679 de
773 1655 808 1679 a·

153 1700 259 1751 quila
281 1699 426 1749 inquit:
457 1699 596 1751 Aquila
616 1711 688 1736 cum
698 1696 808 1747 senu-

152 1758 246 1802 erit,
277 1766 493 1808 grauantur
528 1753 635 1806 ipsius
669 1764 808 1805 pennae

152 1825 190 1850 et
219 1811 330 1857 ocull,
357 1812 575 1863 quaeritque
591 1810 742 1860 fontem
775 1823 810 1846 et

111 1872 114 1874 ’
153 1870 265 1921 erigit
286 1878 442 1918 pennas,
474 1879 511 1904 et
539 1865 679 1918 colligit
707 1868 746 1903 in
765 1863 809 1914 st

144 1925 323 1971 scolarem,
347 1935 383 1961 et
396 1919 445 1969 fi'c
464 1923 558 1961 oculi
579 1923 656 1959 eius
670 1920 809 1971 fiman-

152 1993 228 2026 tur,
250 1992 284 2017 et
304 1980 344 2017 in
364 1978 513 2028 fhntem
523 1977 568 2028 fi·
589 1990 645 2016 ter
661 1977 807 2031 mergitJ

152 2050 189 2076 et
216 2037 274 2075 ita
293 2034 343 2073 ad
357 2037 578 2074 iuuentutem
597 2033 705 2071 redit.

152 2092 245 2146 ia!]
288 2091 358 2129 Eia
388 2090 586 2130 interdum
622 2088 806 2127 hortantis

153 2148 218 2195 est,
246 2160 352 2186 nunc
371 2147 650 2185 cori-echonem
669 2143 807 2198 fignifi-

153 2215 226 2249 cat,
285 2203 428 2243 Mulier
439 2202 639 2255 commoda]
660 2205 696 2241 A
709 2213 806 2239 com-

151 2258 406 2301 mendatione
423 2259 634 2297 meretricis
653 2257 808 2306 incepit,

152 2328 195 2355 vt
221 2315 360 2354 melius
386 2313 612 2366 persuadeat
640 2313 810 2355 Cliniam

154 2372 334 2422 deperire
358 2369 475 2419 hanc,
505 2383 591 2409 cum
619 2368 662 2408 fit
690 2369 810 2409 amica

150 2426 404 2479 Clitiph‹=³.is.
466 2428 516 2468 C.

208 2538 362 2591 Aquilae
368 2537 546 2592 fineHus]
566 2538 690 2578 Aiunt
705 2537 808 2589 aqui·

154 2596 230 2634 lam
250 2596 288 2632 iu
315 2590 520 2642 seneclute,
542 2594 644 2645 quod
658 2596 691 2634 ei
703 2594 808 2632 rostri

155 2649 328 2704 superior
352 2663 437 2701 pars
467 2650 647 2691 vetustate
675 2662 712 2691 et
745 2652 806 2693 iu-

763 2032 845 2070 E„

845 2257 941 2308 sam
959 2256 1066 2296 bona.

1416 657 1446 706 S
1464 676 1513 704 Y.

857 811 1057 842 cremento
1077 811 1233 840 curuata
1251 799 1427 840 foramen
1454 802 1513 839 in-

857 857 1001 905 cludat,
1032 856 1079 895 ad
1099 857 1283 895 cadauera
1309 857 1509 904 accedere,

856 924 897 952 et
914 912 962 952 fic
990 911 1215 966 sanguinem
1235 914 1274 951 in
1295 923 1430 964 potum
1460 911 1515 952 su-

854 982 982 1014 mere,
1013 980 1052 1007 et
1070 969 1353 1020 quodammodo
1374 969 1514 1008 biben-

859 1025 909 1064 do
931 1026 1075 1063 viuere.
1132 1028 1217 1065 Hoc
1236 1026 1354 1078 igitur
1371 1026 1422 1064 ait
1441 1022 1515 1064 ser-

858 1094 927 1120 uus
948 1081 1122 1128 dommo,
1148 1081 1248 1132 quali
1268 1080 1438 1120 bibendo
1458 1093 1514 1120 to-

857 1148 937 1177 tum
968 1148 1120 1187 tempus
1140 1136 1314 1177 hesterna
1333 1150 1455 1177 coena
1478 1151 1514 1177 e-

857 1194 977 1246 gerit,
1007 1191 1086 1241 vifi1
1108 1206 1195 1231 vero
1213 1192 1260 1243 est
1287 1192 1398 1246 quast
1409 1196 1513 1245 aqui-

855 1249 913 1288 lae
933 1247 1117 1298 finec'tus.
1173 1251 1214 1287 E.

908 1304 1067 1357 Aquilae
1076 1303 1262 1357 fi’necflus]
1283 1306 1375 1343 Αέτὲ
1391 1307 1512 1352 «γῆρας.

855 1361 1002 1401 Zenob.
1047 1372 1087 1398 et
1114 1361 1254 1411 reliqui
1288 1360 1515 1414 adagiogra-

857 1415 938 1469 phi.
995 1419 1036 1457 L.

917 1484 963 1515 11
995 1471 1148 1525 Faceta]
1179 1473 1287 1511 Beue
1314 1472 1365 1510 de
1389 1486 1516 1512 mere-

859 1529 955 1568 trice
982 1528 1110 1582 fizceta
1134 1527 1241 1566 dixit.
1295 1530 1395 1575 Nam
1410 1532 1515 1579 jace-

858 1598 916 1625 tus
942 1586 1018 1631 est,
1049 1585 1114 1634 qui
1140 1583 1234 1623 facit
1261 1583 1386 1622 verbis
1408 1585 1515 1636 quod

858 1642 951 1680 vult.
1006 1639 1131 1679 Potest
1159 1641 1275 1679 etiam
1296 1639 1432 1679 referri
1464 1641 1513 1679 ad

855 1696 1020 1736 formam
1039 1697 1216 1747 corporis,
1233 1707 1272 1734 vt
1291 1695 1516 1749 fignificatio

857 1752 1033 1793 vocabuli
1055 1751 1210 1791 iudicat.
1266 1753 1311 1793 C.

910 1808 985 1850 Etsi
994 1808 1127 1848 Bemb.
1145 1808 1244 1860 legit
1261 1806 1354 1849 tibi:
1383 1818 1515 1848 tamen

859 1864 909 1903 ob
930 1863 1044 1903 codd.
1075 1877 1210 1904 omnes
1230 1875 1400 1903 caeteros
1421 1865 1513 1918 lege.

858 1922 952 1960 idem
973 1920 1051 1971 vish
1073 1919 1119 1972 est
1137 1919 1241 1967 mihi,
1260 1931 1299 1959 et
1308 1920 1434 1960 tribue
1447 1920 1515 1973 ipsi

857 1976 1074 2020 Chremeti.
1134 1979 1175 2016 B.

913 2045 963 2075 12
1002 2032 1137 2071 Forma
1183 2031 1381 2086 luculenta]
1421 2035 1457 2073 N
1462 2047 1513 2072 on

858 2085 977 2128 solum
996 2089 1176 2129 commoda
1186 2099 1225 2126 et
1229 2088 1358 2139 fizceta
1371 2089 1512 2135 mulier,

859 2157 898 2184 et
923 2145 1010 2197 (fid
1035 2158 1070 2184 et
1093 2147 1155 2196 Z.)
1185 2141 1352 2195 speciosa
1376 2143 1513 2191 forma,

859 2204 912 2240 ita
931 2214 1005 2240 non
1027 2214 1071 2240 vt
1092 2201 1200 2248 olim,
1225 2199 1300 2251 fid
1324 2202 1385 2239 vti
1402 2214 1510 2248 nunc,

1123 2257 1197 2297 Hie
1209 2256 1380 2309 intelligi
1389 2257 1511 2302 datur,

859 2313 963 2365 quod
990 2310 1108 2351 senex
1128 2310 1217 2351 sciat
1236 2312 1402 2352 eandem
1422 2326 1515 2352 ante

857 2366 970 2409 fuiffe
987 2367 1123 2408 castam
1135 2397 1145 2416 ,
1178 2379 1270 2407 ante
1289 2381 1512 2420 pauperem,

857 2439 960 2466 nunc
988 2437 1079 2464 vero
1098 2424 1313 2464 meretricio
1331 2438 1440 2464 more
1462 2427 1514 2463 vi-

858 2493 1030 2520 uentem.
1087 2482 1181 2523 Ideo
1206 2480 1348 2520 adiecit
1372 2478 1513 2525 seruus,

856 2551 938 2579 non
966 2535 1296 2589 quemadmodum
1314 2549 1427 2578 antea
1446 2537 1513 2575 bo·

857 2608 918 2642 na,
949 2593 1010 2633 sed
1031 2595 1080 2632 vti
1100 2606 1204 2632 nuuc
1231 2592 1299 2630 sibi
1318 2592 1385 2644 ipfi
1411 2607 1514 2634 com-

857 2661 1065 2703 pararetur,
1088 2649 1175 2691 saue
1194 2648 1306 2689 bona.
1364 2653 1407 2692 E.
