1815 3168
478 155 1029 203 :HEAVTONTIM

1340 169 1433 217 573

114 280 420 334 ACTVS
475 277 886 328 SECVND1
941 277 1243 330 SCENA
1297 277 1397 330 111.

223 366 1027 412 SYRV8.DROM0.CL1T1PHO.
1059 364 1287 407 CL1N1A.

56 484 59 487 ι
271 503 283 521 5

75 507 264 619 An<

136 850 156 882 1
197 841 285 879 Ain'
325 837 421 892 tu?]
464 839 571 878 Haec
606 835 733 876 Scena

79 895 194 948 plena
215 895 267 934 est
279 896 422 934 timoris
435 905 474 932 et
490 891 733 943 suspicionis:

76 950 142 991 sed
163 950 324 1003 persona
343 948 484 989 seruilis
497 951 645 999 vtrique
657 944 732 986 suc-

77 1010 200 1048 currit.
254 1008 365 1048 Serui
395 1017 525 1045 autem
552 1007 591 1043 in
628 1003 733 1043 fron-

79 1073 119 1104 te
155 1065 305 1104 Scenae
342 1075 390 1102 ex
417 1062 584 1114 abrupto
621 1060 735 1098 collo-

80 1131 261 1172 quuntur,
283 1131 464 1170 tanquam
476 1129 683 1170 pergentes
698 1117 737 1154 in

79 1177 235 1226 incepto
263 1176 480 1226 colloquio,
510 1173 615 1225 quod
639 1173 736 1211 vltro

79 1232 253 1283 citroque
295 1233 337 1270 in
376 1231 433 1269 via
470 1228 735 1268 conferebant.

80 1288 169 1329 Ain'
191 1288 281 1341 ηιξ]
312 1289 400 1327 Hoc
419 1285 465 1325 fic
483 1287 594 1339 lege,
623 1296 659 1323 vt
677 1286 736 1322 in-

83 1345 240 1397 telligas
269 1344 388 1382 multa
423 1342 537 1381 verba
566 1337 737 1392 praeces-

81 1397 176 1438 fiffe.
231 1396 433 1446 Περιγςαφιὶ
453 1398 600 1445 dicitur,
624 1409 741 1447 quan-

85 1455 138 1494 do
160 1458 280 1493 Poeta
298 1454 499 1506 fignificat,
520 1451 741 1491 sermonem

83 1512 238 1550 alterius
272 1507 458 1562 personae
494 1505 741 1560 praeceffifl'e.

83 1568 194 1618 Quid
238 1578 365 1605 autem
402 1566 540 1604 dixerit
571 1567 735 1612 Dromo,

82 1636 166 1663 non
203 1622 255 1662 est
285 1621 511 1660 curandum:
553 1633 644 1658 nam
671 1618 740 1658 iste

85 1679 139 1719 est
159 1678 342 1730 abruptus
363 1674 483 1715 sermo
504 1689 553 1716 ex
573 1689 742 1714 commu-

85 1736 127 1775 ni
164 1736 249 1774 viae
285 1734 493 1784 colloquio.
552 1732 741 1771 Sermones

88 1792 288 1833 caedimus]
320 1790 545 1837 Caederesvt
572 1790 651 1827 vult
668 1791 746 1828 No-

85 1849 195 1895 nius,
237 1846 332 1885 vltra
370 1856 536 1884 caeteras
565 1843 746 1898 fignifica-

85 1904 214 1942 tiones
235 1901 429 1940 interdum
448 1899 632 1953 fignificat
643 1913 746 1938 com-

86 1957 265 2005 miscere,
298 1958 516 2009 allegatque
551 1956 744 1995 Lucilium

88 2015 315 2054 dicentem:
360 2015 491 2053 Tineae
512 2015 635 2052 omnia
666 2026 743 2051 cae-

88 2072 195 2120 dunt,
215 2071 238 2109 i.
262 2084 295 2110 e.
316 2067 577 2117 comrrzscent‚
607 2079 645 2108 vt
664 2066 745 2121 ipse

89 2127 376 2179 interpretatur.
443 2125 580 2165 Nostro
615 2136 746 2171 autem

89 2182 155 2222 hic
183 2181 375 2235 proposito
410 2183 578 2222 maxime
606 2193 746 2221 conue-

92 2240 161 2279 nit.
215 2242 261 2282 C.

144 2349 231 2390 Ain’
248 2349 342 2405 tu?]
371 2353 479 2391 Haec
491 2352 613 2391 Scena
633 2343 751 2388 exsol-

93 2407 150 2446 uit
159 2407 262 2445 illam
273 2405 534 2460 suspicionem,
547 2419 660 2458 quam
671 2406 750 2447 Cli·

95 2465 162 2502 nia
201 2462 344 2503 habuit.
403 2467 452 2504 Et
486 2464 581 2502 haec
620 2463 750 2500 conie-

94 2520 197 2558 &ura
215 2519 357 2558 deinde
368 2518 489 2559 rursus
502 2518 618 2558 habet
635 2518 748 2557 aliam

96 2573 264 2624 causam,
309 2576 411 2626 quod
443 2577 604 2615 amicam
638 2574 746 2616 Cliti-

95 2631 241 2683 phonis
251 2629 453 2673 adduxerit
473 2630 622 2682 seruus,
648 2632 700 2671 ita
711 2639 749 2671 vt

324 509 406 555 tu'?
453 504 560 554 DR.
596 502 650 551 fic
686 501 759 550 est.
800 501 889 550 SY.
930 517 1085 551 verum
1124 503 1289 549 interea
1332 502 1439 550 dum

407 581 625 629 sermones
649 578 880 631 caedimus,

1335 688 1441 736 Illae

782 831 825 872 in
871 830 989 872 domo
1039 830 1155 885 patris
1193 827 1272 871 effe
1312 832 1440 884 poffit.

784 891 898 940 Quae
915 902 975 927 res
995 901 1042 928 an
1065 888 1148 928 fieri
1166 889 1284 940 possit,
1297 889 1447 927 delibe-

783 947 940 984 rationis
970 946 1045 984 vim
1075 956 1191 983 tenet.
1246 948 1299 983 ita
1338 946 1445 996 prior

784 1000 893 1041 causa
920 1003 964 1040 in
995 999 1254 1040 controuersia
1278 1000 1353 1049 est,
1392 998 1447 1041 se-

786 1058 913 1096 cunda
932 1059 972 1096 in
993 1057 1251 1096 deliberatiua.
1278 1067 1447 1096 autcon—

787 1114 963 1153 trouerfia
992 1112 1044 1152 est
1061 1126 1109 1151 ex
1120 1113 1351 1152 coniesturu.
1382 1116 1448 1153 Er-

788 1184 840 1224 go
860 1169 1028 1220 partibus
1049 1168 1276 1213 mutilabitur,
1295 1168 1369 1207 hoc
1382 1167 1449 1216 est,

786 1227 838 1265 vti
862 1226 960 1264 dicta
973 1235 1009 1264 et
1027 1223 1198 1272 assessus,
1218 1225 1326 1275 quod
1347 1229 1451 1267 πάθος

787 1285 935 1322 Graece
956 1281 1099 1328 dicunt,
1119 1277 1328 1333 suggerant
1337 1294 1451 1333 argu·

786 1349 938 1377 menta:
969 1336 1060 1375 ficut
1091 1333 1164 1374 suis
1191 1337 1283 1374 locis
1315 1337 1451 1389 expla-

790 1394 981 1433 nabimus.
1043 1393 1148 1431 Dum
1157 1392 1347 1442 sermonss
1371 1406 1451 1431 cae-

790 1450 924 1502 dimus]
965 1447 1119 1488 Caedere
1141 1449 1332 1498 firmones
1360 1449 1452 1488 dici-

790 1515 861 1554 tur,
878 1506 941 1556 qui
952 1502 1180 1555 frequenter
1192 1514 1230 1543 et
1240 1504 1452 1556 plurimum

788 1562 972 1614 loquitur.
1030 1563 1072 1599 E.

843 1671 950 1713 Dum
968 1671 1148 1719 sirmones
1160 1670 1359 1724 caedimus]
1370 1671 1453 1711 Vel

787 1730 960 1771 Serimus.
1000 1728 1089 1769 Vid.
1128 1727 1287 1768 Seruius
1320 1731 1453 1767 Aene-

794 1786 846 1825 id.
867 1800 923 1827 vl.
946 1782 1038 1825 vers.
1063 1788 1153 1837 169.
1195 1784 1326 1824 Multa
1350 1785 1455 1823 inter

781 1843 866 1895 fist
883 1845 990 1882 vario
1005 1838 1179 1892 firmone
1190 1838 1384 1893 firebant.
1411 1843 1455 1881 L.

845 1952 1044 1994 Bentleius
1081 1949 1198 1992 verba
1227 1955 1359 1990 Verum
1398 1973 1456 1983 —-

793 2009 938 2051 reliblae
972 2008 1040 2062 ipsi
1074 2019 1234 2060 quoque
1259 2005 1457 2048 Dromoni

794 2064 938 2106 tiibuit.
995 2067 1099 2106 Sane
1117 2064 1222 2102 idem
1238 2063 1335 2102 mihi
1350 2063 1458 2102 vide-

795 2133 870 2163 tur.
938 2124 1036 2162 Nam
1073 2121 1240 2172 primum
1280 2120 1458 2160 alienum

797 2178 862 2226 est,
884 2180 1023 2231 Syrum
1041 2177 1365 2228 interrogantem,
1384 2175 1459 2215 ain'

797 2240 864 2276 tu?
893 2245 1057 2286 repente
1085 2233 1373 2284 interrumpere
1400 2243 1461 2271 re·

796 2287 1023 2343 spondentis
1049 2288 1274 2327 orationem.
1331 2289 1460 2328 Dein·

800 2348 851 2386 de
869 2350 1019 2387 Dromo
1039 2345 1099 2384 vel
1120 2343 1248 2383 taedio
1261 2343 1458 2394 narrandi,

801 2404 862 2442 vel
882 2416 972 2442 cura
991 2402 1136 2441 amicae
1164 2400 1295 2440 herilis
1317 2400 1460 2439 melius

799 2458 862 2499 illa
883 2458 1059 2511 proferre
1079 2456 1270 2508 putandus
1290 2456 1354 2495 est.
1402 2458 1459 2495 Vt

797 2526 947 2555 taceam
980 2512 1207 2566 sequentem
1247 2509 1460 2565 responsio·

799 2584 892 2611 nem
951 2571 1067 2625 Syri,
1122 2571 1269 2610 minime
1316 2571 1459 2610 mirum

799 2640 871 2668 etc.
929 2631 970 2669 Z.
1198 2641 1201 2643 ’
1435 2646 1437 2648 v
