1815 3168
299 179 395 226 290

702 157 857 204 ACT.
893 158 924 203 1.
963 156 1156 202 SCEN.
1186 157 1241 200 11.

434 289 640 350 Cognoui
660 295 752 333 tute
773 285 862 338 sciS,
883 282 980 350 post
1006 283 1078 330 illa
1100 298 1231 346 quam
1255 283 1479 331 intumum

433 366 633 413 Habeam
653 373 708 414 te,
733 372 776 408 et
795 376 890 407 mea
913 357 1085 405 consilia
1105 368 1151 405 vt
1170 357 1249 404 tibi
1271 359 1443 407 credam
1467 362 1628 407 omnia.

435 439 531 489 ΡΗ.
570 443 644 486 Ne
674 438 758 483 hoc
793 433 972 499 quidem
1001 431 1158 480 tacebit
1189 436 1416 486 Parmeno.
1451 432 1592 482 PAR.
1631 451 1661 484 o

535 514 776 561 dubiumne
798 510 843 557 id
863 508 952 556 est?

342 612 403 659 50
438 589 490 639 T
504 604 553 639 Η.
591 594 691 635 Hoc
714 589 839 648 agite,
861 584 1027 633 amabo.
1065 593 1201 632 mater
1214 601 1310 633 mea
1331 585 1418 633 illic
1438 584 1661 634 mortua⁵st

436 672 621 730 Nuper:
661 666 752 710 eius
774 662 904 709 frater
926 661 1196 724 aliquantum
1217 660 1269 707 ad
1289 678 1384 708 rem
1406 659 1465 708 est
1477 662 1661 711 auidior.

438 747 498 796 Is,
524 740 598 790 vbi
617 740 729 789 hanc
749 739 892 787 forma
914 735 1022 786 vidit
1042 733 1226 786 honesta
1248 737 1480 799 virginem,

306 927 359 968 tio
377 925 536 973 emerit,
567 920 669 975 quod
691 918 800 961 sciret
819 919 857 961 se
878 930 959 961 tan·

1606 817 1665 862 Et

1007 921 1151 962 biumne
1173 918 1214 960 id
1241 917 1339 973 ‘'fl-²]
1369 919 1440 960 Me
1465 931 1548 958 non
1573 919 1665 957 taci-

306 995 388 1024 tum
409 981 526 1020 amari
555 993 576 1018 a
597 978 824 1023 meretrice;
850 977 960 1028 quip·
1005 989 1134 1018 turum
1150 974 1304 1016 scilicet.
1359 978 1410 1016 D.

304 1052 357 1092 pe
377 1051 464 1076 cum
478 1049 562 1075 eam
574 1033 621 1072 sic
633 1029 851 1085 reliquiffet,
874 1045 961 1070 cum

303 1093 430 1135 adhuc
458 1091 618 1131 haberet
643 1089 794 1128 nullum
822 1098 964 1126 amato·

303 1163 401 1191 rem.
457 1151 562 1200 Ergo
592 1143 877 1197 consequenter
896 1142 963 1181 ho·

305 1206 374 1246 die
414 1202 520 1243 irasci
547 1202 677 1250 miles,
714 1200 962 1251 posteaquam

304 1261 461 1302 inuenit
491 1258 736 1299 meretricem
766 1269 853 1294 cum
887 1254 965 1293 hoe

307 1328 492 1359 amatore.
548 1315 634 1354 Hoc
652 1326 747 1366 ergo
766 1312 963 1364 adiungit:

306 1375 440 1429 Fingit
461 1371 602 1422 caufizs,
634 1384 676 1409 ne
705 1369 786 1418 det,
814 1367 963 1419 fidula.

306 1434 354 1473 Et
371 1429 443 1468 hoe
465 1437 679 1478 temperate
692 1424 870 1472 ostendit,
891 1421 966 1461 hoe

305 1487 473 1529 militem
491 1483 611 1531 velle,
642 1493 682 1521 vt
707 1490 967 1533 praeponatur

308 1543 421 1584 alteri
463 1539 632 1579 amatori.
689 1539 821 1588 Quare
860 1548 966 1575 acce-

307 1596 428 1653 ptafl'e
448 1596 653 1648 pollicetur
667 1606 830 1642 munus,
855 1591 966 1630 miles

309 1654 418 1707 quod
447 1660 739 1704 comparauerat
757 1649 967 1688 donaturus

311 1709 406 1763 (Ms.
444 1709 541 1748 alter
575 1708 754 1746 lacunam
792 1701 968 1758 agnoscit

309 1767 470 1813 nullam,
489 1764 604 1803 alter:
633 1761 764 1816 Qare
791 1757 968 1814 conceffifi

301 1822 346 1875 fi
369 1820 565 1875 pollicetur
583 1832 711 1859 munus
727 1817 841 1864 miles,
873 1815 970 1869 quod

316 1889 599 1929 comparauerat
609 1876 865 1921 donaturum).
895 1875 938 1912 E.

367 1934 513 1974 Interea
532 1932 602 1970 loci
618 1929 801 1985 cognoui]
822 1924 969 1969 Charis.

313 1990 381 2030 lib.
399 2003 436 2030 2.
493 1991 534 2028 L.

369 2057 426 2101 47
455 2042 643 2099 Cognoui]
672 2040 833 2092 Proprie
844 2051 973 2092 cogno-

316 2104 369 2143 ui.
431 2101 526 2139 Tute
545 2099 623 2148 fiis
651 2097 730 2150 post
755 2095 840 2141 illas
873 2094 970 2147 iffa]

316 2156 492 2200 &mn-zona*
523 2154 664 2207 figura:
704 2166 794 2192 narn
822 2150 899 2189 hoc
923 2148 973 2188 ad

317 2214 578 2255 narrationem
604 2223 688 2248 non
706 2208 885 2261 pertinet.
923 2207 972 2245 D.

373 2278 425 2322 43
466 2268 518 2307 Et
550 2280 628 2305 mea
669 2264 808 2318 consilia
834 2276 876 2302 vt
905 2259 976 2302 tibi

319 2327 462 2367 credam
482 2322 620 2375 omnia]
652 2325 710 2361 Ex
732 2316 923 2372 praesenti
942 2331 977 2356 a·

321 2383 382 2422 &u
402 2379 528 2420 sumfit
547 2387 838 2432 argumentum,
870 2372 976 2426 quod

321 2451 410 2479 eum
446 2449 549 2475 nunc
579 2445 763 2484 tanquam
791 2428 979 2470 consulto-

319 2507 403 2533 rem
422 2491 653 2532 adhibuerit.
706 2492 754 2528 Et
773 2488 878 2526 bene
896 2487 980 2526 Cre-

321 2551 418 2594 dam,
440 2547 648 2587 secundum
667 2543 775 2594 illud,
799 2541 981 2593 Potin’est

322 2605 382 2645 hic
401 2606 540 2649 tacere?
596 2605 644 2643 D.

379 2673 433 2715 49
469 2661 529 2698 Ne
555 2659 622 2698 hoc
648 2655 811 2710 quidem]
836 2654 883 2695 Id
913 2654 978 2704 est,

325 2716 402 2759 hoc
427 2728 587 2772 quoque
616 2709 842 2766 falsumest.
897 2711 980 2755 Dn-

1064 1034 1185 1073 Metri
1211 1027 1318 1071 causa
1335 1030 1431 1073 mihi
1450 1031 1576 1083 placet
1592 1032 1666 1070 Va-

1009 1089 1128 1128 ticani
1155 1088 1290 1137 lesuin,
1327 1087 1460 1141 Neque
1481 1087 1547 1126 hoc
1572 1099 1668 1127 tace-

1012 1142 1067 1184 bit
1085 1143 1276 1183 Parmeno.
1333 1145 1376 1183 B.
1665 1184 1667 1187 Α

1066 1213 1120 1253 50
1148 1200 1232 1239 Hoc
1263 1199 1385 1253 agite]
1423 1200 1497 1238 Pro
1532 1196 1668 1237 aduer-

1010 1255 1078 1295 bio
1120 1253 1362 1305 corripientis
1392 1253 1452 1293 est
1482 1252 1667 1304 pofitum:

1013 1322 1079 1351 aut
1099 1322 1206 1350 certe
1225 1322 1295 1362 pro
1315 1308 1585 1349 adhortatione
1604 1323 1669 1358 au-

1015 1367 1186 1407 dientiae
1202 1364 1462 1418 praebendae.
1492 1365 1671 1409 SicP1aua,

1017 1434 1076 1463 tus
1098 1422 1223 1475 (Asin.
1247 1421 1348 1462 Ptol.
1374 1423 1448 1474 1.),
1479 1422 1564 1460 Hoc
1590 1424 1669 1476 agi-

1014 1478 1206 1530 te·,fi4ltis‚
1222 1478 1461 1531 spefflatores.
1515 1480 1569 1518 Etr
1584 1490 1675 1517 con-

1014 1537 1128 1575 uenit
1145 1535 1250 1574 velut
1268 1545 1364 1573 nutu
1384 1532 1672 1573 audientiamfi-

1017 1590 1251 1646 gnificantis,
1270 1600 1310 1629 et
1325 1589 1433 1643 gestu
1455 1588 1528 1629 hoc
1549 1587 1673 1641 ipsum

1017 1648 1203 1687 adiuuari.
1260 1648 1344 1686 Hoc
1369 1648 1487 1701 agite,
1533 1645 1576 1684 id
1606 1643 1671 1695 est,

1014 1702 1113 1743 illud
1153 1701 1338 1752 definite,
1377 1713 1416 1742 et
1447 1700 1523 1740 hoc
1550 1710 1675 1742 atten-

1016 1759 1110 1799 dite.
1167 1762 1216 1800 D.

1076 1827 1125 1869 51
1157 1814 1300 1868 Nuper]

1017 1873 1184 1925 flagrare
1207 1871 1401 1915 videatur,
1434 1869 1582 1909 addidit
1609 1882 1677 1908 nu·

1015 1940 1095 1980 per.
1151 1922 1431 1978 Aliquantulum
1457 1926 1508 1965 ad
1535 1938 1610 1964 rem
1630 1925 1677 1978 est

1021 1981 1190 2035 auidior]
1236 1981 1354 2022 Vultu
1391 1981 1679 2021 accommodato

1023 2039 1072 2078 ad
1094 2035 1442 2089 reprehensionem
1468 2021 1679 2089 pronunci-

1023 2093 1170 2135 andum
1191 2091 1257 2133 est.
1316 2093 1381 2132 Ad
1407 2106 1482 2132 rem
1510 2093 1678 2149 auidior]

1023 2150 1182 2201 Proprie
1213 2148 1371 2188 auidior.
1428 2152 1478 2190 Et
1507 2163 1582 2189 rem
1607 2163 1680 2203 pe-

1024 2207 1178 2246 cuniam
1195 2204 1312 2244 modo
1333 2204 1437 2244 dicit.
1496 2207 1544 2245 D.

1081 2274 1134 2315 52
1163 2262 1202 2301 Is
1230 2260 1323 2301 hanc
1351 2260 1414 2299 vbi
1433 2262 1586 2311 forma]
1622 2265 1683 2310 Ex

1022 2316 1149 2358 aliena
1181 2314 1344 2370 persona
1371 2316 1451 2355 vult
1477 2316 1682 2360 ostendere

1025 2385 1178 2427 praeter
1187 2371 1378 2423 affeetum,
1396 2375 1531 2425 quanti
1542 2373 1610 2414 fibi
1621 2387 1683 2414 ae·

1026 2429 1214 2470 stimanda
1230 2429 1293 2469 fit:
1323 2438 1363 2469 et
1380 2440 1526 2480 quanto
1545 2443 1682 2476 mune·

1342 1816 1395 1855 Vt
1418 1813 1544 1854 adhuc
1568 1827 1675 1853 amor

1027 2499 1070 2525 re
1103 2487 1213 2525 miles
1249 2482 1461 2525 Phaedriae
1489 2498 1683 2527 meruerat

1026 2543 1146 2596 (lege,
1164 2543 1355 2590 meruerit)
1376 2544 1573 2592 anteponi.
1606 2546 1654 2583 D.

1084 2596 1224 2639 Sensus
1259 2609 1296 2637 et
1329 2594 1451 2636 versus
1479 2597 1679 2650 postulant,

1028 2654 1078 2702 Is,
1096 2653 1161 2694 vbi
1178 2654 1238 2706 esse
1258 2653 1493 2707 hancforma
1505 2655 1606 2696 videt
1616 2653 1697 2694 ho»

1026 2709 1122 2765 nesta
1141 2712 1335 2768 virginem.
1392 2713 1435 2767 B,
