1815 3168
313 154 405 202 232
701 145 858 192 ACT.
890 142 946 192 v,
982 146 1178 196 scsN.
1207 148 1280 193 lv.

352 285 412 331 25
447 272 490 316 Is
510 268 570 316 ibi
602 282 801 318 mortuus
837 272 908 319 est.
948 271 1056 321 Cn.
1089 276 1181 319 eius
1216 275 1413 321 nomen?
1449 271 1560 322 CR.
1599 291 1677 322 no-

546 363 648 392 men
669 359 755 393 tam
781 350 866 395 cito
891 348 1001 396 tibi?
1039 349 1217 395 Phania.

463 417 561 468 CH.
603 427 737 475 Hem,
760 427 884 487 perii.
919 419 1024 470 CR.
1066 441 1221 471 verum
1249 423 1395 472 hercle
1428 428 1590 490 opinor
1612 425 1677 471 fu·

548 494 620 543 iss'c
642 500 873 548 Phaniam3
910 500 994 546 hoe
1020 511 1137 547 certo
1161 501 1258 553 scio,

451 571 774 620 Rhamnufium·
793 575 832 620 se
853 576 990 621 aiebat
1011 573 1106 621 ess'e.
1153 574 1258 623 CH.
1297 593 1324 622 o
1347 571 1538 640 Iupiter!
1574 570 1678 622 CR.

551 650 699 695 cadem
723 651 840 703 haec,
867 652 1070 704 Chreme,

450 723 585 769 Multi
607 726 676 770 alii
698 728 744 771 in
766 726 918 772 Andro
939 740 1033 773 tum
1056 727 1274 773 audiuere.
1310 722 1417 773 CH.
1451 728 1616 773 vtinam
1637 724 1682 772 id

549 798 610 853 fit,
635 801 753 864 quod
771 801 911 867 spero.
949 803 1048 856 eho,
1070 803 1137 849 dic
1160 802 1282 855 mihi,

319 1017 434 1058 nino«,-
468 1029 595 1061 Εςηκας
624 1016 676 1056 ἔτι
701 1018 785 1065 πρδς
812 1025 888 1063 ταῖς
914 1017 976 1057 Su'·

1564 874 1687 930 Quid

1080 1022 1195 1060 Hem
1211 1034 1369 1073 appone
1399 1019 1602 1073 super-imi,
1643 1029 1682 1058 vt

319 1087 408 1119 ραις,
438 1090 480 1111 το
510 1080 643 1120 φορτίον
671 1083 760 1118 Θεᾊς
792 1091 975 1126 σιτοκυςον,
1025 1073 1189 1128 semper
1247 1081 1286 1117 B.

321 1125 435 1166 αθλιον
467 1135 509 1173 εἷς
546 1147 606 1173 την
635 1137 736 1169 οἷκίικν
764 1134 976 1178 Εἰλιᾷφαμεν

321 1185 387 1223 W.

375 1251 430 1292 25
468 1241 615 1281 Nomen
643 1254 722 1283 tam
749 1247 822 1283 cim
857 1242 978 1297 τίὺί7]

322 1299 414 1336 Non
445 1300 625 1350 negantis
645 1299 713 1346 est,
728 1297 793 1340 sed
819 1300 978 1339 difficile

320 1349 360 1390 se
380 1352 568 1392 diffluum
591 1354 768 1395 ostendit.
810 1355 977 1409 Phania]

322 1410 409 1447 Hoc
434 1410 486 1448 ita
511 1409 604 1448 dicit
633 1412 759 1459 Crito,
794 1422 834 1450 vt
859 1425 978 1450 nemo

322 1463 494 1504 audiret:
534 1464 675 1505 scilicet
708 1467 833 1507 adhuc
869 1468 981 1507 dubi-

323 1529 421 1569 tans,
442 1534 492 1560 an
512 1521 594 1574 ipse
616 1522 668 1561 fit.
725 1528 778 1565 D.

377 1578 533 1616 Fallitur
559 1582 749 1627 Donatus,
783 1581 849 1631 qui
875 1590 982 1630 putat

322 1631 418 1671 illud
447 1632 591 1674 Phania
620 1633 810 1675 summifl'e
839 1636 982 1675 dierum

325 1702 347 1726 a
389 1690 563 1729 Critone.
629 1693 726 1731 Nam
770 1692 982 1733 Chremem

324 1743 532 1792 audiuifl'e,
569 1758 678 1798 patet
716 1761 767 1788 ex
806 1750 983 1800 proxime

323 1798 417 1850 semu
407 1802 589 1841 entibus.
662 1808 743 1844 Nos
788 1818 858 1856 p1o
902 1805 982 1854 tibi,

326 1856 459 1907 quod
451 1871 491 1895 in
517 1858 626 1897 codd.
649 1860 877 1910 quibusdam
896 1874 984 1913 per-

324 1913 488 1963 antiquis
499 1913 612 1961 abest,
625 1917 849 1966 reponimus
877 1928 981 1955 ΡΑΜ

323 1943 429 2008 Nam¹
443 1970 565 2007 olim
557 1984 631 2008 iam
653 1968 775 2019 ruisse
797 1972 863 2022 qui
881 1971 979 2010 illud

323 2022 475 2064 Phania
519 2025 733 2065 tribu-ment
767 2027 981 2080 Pamphilo,

324 2090 429 2130 patet
453 2094 501 2119 ex
522 2084 691 2121 Donato.
746 2085 785 2122 B.

376 2139 430 2179 26
468 2137 582 2190 Hem]
622 2141 719 2178 Sunt
750 2140 815 2189 qui
846 2149 985 2190 putent

324 2192 531 2232 Simonem
543 2193 681 2240 dicere,
702 2192 930 2234 irascentem
941 2194 982 2233 fi·

324 2248 391 2295 lio,
405 2250 609 2289 Critonem
630 2248 890 2289 submonenti.
918 2252 983 2290 Pe-

324 2304 398 2358 rii]
439 2307 524 2344 Hoc
554 2305 774 2356 Pamphilus
804 2307 887 2358 post
914 2309 983 2347 ira-

323 2360 506 2399 cundiam
529 2363 655 2413 patris.
714 2365 780 2402 An
800 2363 982 2404 Chremis

323 2415 379 2455 est
399 2416 586 2466 dolentis,
624 2418 683 2456 vel
711 2418 759 2457 ad
778 2419 857 2458 eius
874 2433 984 2458 men-

327 2474 490 2522 tionem,
513 2475 573 2512 vel
596 2473 701 2524 quod
721 2476 761 2512 in
779 2473 896 2514 filiam
917 2488 981 2527 pe·

1079 1146 1131 1184 27
1160 1131 1364 1183 Rhamnuf
1356 1145 1416 1171 um
1432 1133 1497 1187 βε]
1528 1133 1681 1172 Piraeus

1028 1199 1065 1228 et
1084 1187 1297 1235 Rhamms,
1324 1198 1364 1226 et
1392 1200 1540 1228 caetera
1557 1185 1682 1226 huius-

1029 1245 1179 1283 cemodi
1200 1244 1387 1283 maiitima
1404 1245 1556 1283 Atticae
1575 1244 1683 1295 oppi-

1030 1300 1078 1340 da
1091 1300 1348 1353 intelligenda
1359 1297 1453 1337 sunt.
1484 1299 1684 1349 Rhamnus,

1029 1365 1150 1409 pagus
1171 1358 1323 1397 Atticae
1342 1355 1407 1394 est.
1465 1356 1515 1394 D.
1627 1380 1632 1386 ι
1670 1363 1673 1365 “

1081 1411 1403 1463 Rhamnufi'ttmfi
1431 1409 1572 1464 aiebat]
1611 1412 1686 1450 Lo-

1031 1481 1096 1508 cus
1119 1468 1172 1507 est
1193 1482 1316 1520 prope
1335 1466 1519 1507 Athenas.
1576 1469 1619 1506 E.

1083 1527 1193 1578 Lege
1208 1521 1466 1575 Rhamnufium
1482 1522 1560 1574 stfi
1586 1520 1688 1562 aibat

1030 1580 1104 1633 effe.
1162 1585 1202 1621 B.

1085 1644 1136 1686 28
1168 1637 1290 1676 Multi
1306 1635 1373 1674 alii
1385 1635 1581 1688 inAndro]
1601 1636 1689 1673 Hoc

1031 1692 1275 1744 testimonium
1294 1706 1435 1731 caecum
1446 1692 1593 1730 dicitur.
1613 1693 1687 1729 T‘e-

1031 1749 1294 1788 stimoniorum
1326 1749 1434 1787 enim
1459 1747 1594 1787 modus
1614 1746 1689 1785 du-

1034 1806 1125 1857 plex
1144 1804 1217 1844 est:
1248 1804 1458 1857 manifestus
1489 1815 1527 1842 et
1553 1815 1685 1842 caecus.

1034 1861 1255 1912 Manifestus
1284 1860 1337 1899 est
1348 1889 1356 1906 ‚
1390 1860 1455 1910 qui
1485 1869 1605 1898 certos
1635 1869 1688 1897 te-

1033 1917 1105 1955 stes
1128 1926 1167 1954 et
1186 1914 1407 1967 praesentes
1424 1914 1550 1953 habet.
1604 1914 1688 1953 Cae-

1032 1985 1104 2018 cus,
1129 1973 1170 2010 in
1190 1983 1268 2021 quo
1288 1985 1338 2009 m
1334 1971 1687 2020 11titudinem‚aut

1031 2029 1224 2067 ciuitatem
1244 2020 1408 2066 dicimus
1429 2024 1538 2065 scii-:e
1569 2038 1608 2065 vt
1626 2028 1688 2068 Ci-

1032 2097 1131 2132 cer-,o
1153 2085 1241 2134 (pro
1261 2085 1481 2134 Leg.Ma11.
1501 2095 1549 2121 11
1552 2084 1585 2134 J,
1619 2083 1686 2121 Te-

1024 2140 1093 2192 stis
1113 2138 1159 2189 est
1177 2152 1254 2177 tota
1275 2138 1411 2177 Sicilia.
1432 2137 1537 2189 quod
1554 2148 1686 2177 tamen

1033 2196 1259 2234 audientem
1278 2193 1506 2233 consternat.
1554 2193 1615 2233 Est
1633 2205 1686 2232 et-

1032 2254 1107 2291 iam
1134 2251 1173 2289 in
1194 2263 1307 2290 cacco
1330 2249 1608 2298 iusiurandum,
1635 2260 1688 2295 ta-

1032 2304 1414 2357 bulaejabsentesque
1426 2304 1623 2357 personae.
1637 2309 1685 2346 D.

1086 2363 1166 2402 Alii
1181 2366 1220 2401 in
1240 2362 1386 2415 Andro]
1417 2365 1476 2401 Ne
1496 2375 1630 2412 parum
1648 2361 1688 2400 fi-

1033 2419 1072 2458 bi
1091 2419 1187 2457 fides
1209 2417 1421 2465 haberetur,
1453 2417 1546 2455 alios
1567 2417 1606 2456 id
1627 2430 1686 2455 co-

1033 2472 1207 2528 gnouifi‘e
1241 2471 1375 2512 afferit.
1451 2474 1604 2512 Vtinam
1645 2473 1686 2513 id

327 2542 378 2569 ne
400 2531 597 2580 peccarat?
634 2531 769 2569 Verum
800 2531 916 2570 hercle
944 2545 980 2569 o·
1021 2532 1090 2581 sit]
1122 2529 1313 2572 Chremes
1344 2528 1592 2581 posteaquam
1618 2543 1683 2568 au-

318 2586 453 2638 pinor]
484 2589 570 2625 Hoc
600 2585 728 2624 adhuc
756 2589 981 2627 cuneianter

322 2641 377 2682 est
412 2642 576 2680 die-lum:

320 2697 626 2739 confirmatione
679 2702 730 2740 D.

1032 2586 1127 2625 diuit
1164 2599 1308 2624 nomen
1347 2585 1470 2624 fratris
1507 2583 1579 2629 sui,
1617 2586 1686 2635 qui

624 2652 663 2680 et
696 2641 788 2683 ideo
826 2643 981 2697 indiget
1028 2642 1170 2683 Phania
1186 2641 1271 2693 fuit,
1291 2639 1495 2694 suspicatus
1513 2654 1597 2681 eam
1617 2655 1684 2692 pu-

1570 2697 1686 2737 enam
