1815 3168
727 152 887 200 ACT.
918 154 950 200 1.
996 154 1190 202 SCEN.
1223 158 1256 201 Ι,

442 279 666 326 Accurrit:
706 281 896 326 mediam
919 281 1149 328 mulierem
1172 282 1501 348 complectitur:

442 354 546 399 Mea
584 353 865 417 Glycerium,
906 357 1076 419 inquit,
1125 357 1233 420 quid
1275 361 1399 419 agis?
1452 377 1529 406 cur
1562 372 1603 407 te
1636 364 1673 408 is

675 429 899 494 perditum
911 431 933 475 ⁰?

444 506 572 550 Tum
594 503 679 557 illa,
703 514 748 550 vt
769 504 1023 551 consuetum
1043 505 1166 553 facile
1187 523 1384 554 amorem
1409 526 1625 563 cerneres.

444 580 609 625 Reiecit
632 578 672 624 se
691 579 737 623 in
759 595 861 624 eum
884 579 993 626 flens
1019 597 1150 644 quam
1174 582 1451 630 familiariter.

318 669 336 703 1
353 671 411 702 10
444 650 536 700 So.
578 652 700 708 Quid
722 655 815 699 ais?
864 652 894 700 S
910 668 942 700 ι.
979 656 1112 704 redeo
1134 656 1239 705 inde
1258 659 1418 711 iratus.
1449 671 1576 724 atque
1607 678 1672 708 ae·

670 744 748 789 gre
772 728 933 778 ferenS.

369 921 448 963 106
500 918 705 970 Accurrit]
768 921 967 976 Virgilius,

307 977 433 1028 (Aen.
455 988 520 1021 lv,
538 978 654 1030 945.)
699 978 886 1018 Interiora
904 980 968 1019 do-

309 1046 388 1072 mus
418 1033 596 1084 irrumpit
623 1033 772 1084 limina,
809 1050 844 1074 et
872 1037 967 1076 altos

308 1088 528 1139 Constendit
533 1088 755 1140 furibunda
765 1106 806 1130 ro
809 1106 887 1148 gos.
915 1095 964 1134 D.

368 1157 445 1197 107
478 1145 563 1183 Mea
589 1145 811 1195 Glycerium]
860 1148 966 1199 Mea,

307 1199 413 1251 quasi
426 1210 582 1241 amator.
613 1201 822 1251 Gb'cerium
834 1233 842 1252 ,
879 1217 969 1256 qua-

306 1255 334 1294 fi
361 1256 555 1295 iamiliaris
585 1257 693 1297 dixit.
742 1260 967 1315 Qidvagis]

306 1311 426 1362 Quasi
456 1313 706 1362 perturbatus.
764 1319 845 1354 Cur
871 1329 908 1354 te
933 1318 968 1356 is

297 1367 516 1419 perditum]
580 1368 700 1420 Quafi
748 1368 967 1410 consolatu-

304 1435 380 1461 rus.
435 1424 484 1463 D.

360 1478 454 1518 Mea
466 1477 686 1528 Glycerium,
711 1481 845 1533 inquit,
870 1482 969 1537 quid

304 1536 414 1590 agis?
434 1548 498 1573 cur
519 1548 555 1573 te
574 1538 606 1574 is
620 1537 808 1587 perditum
818 1539 851 1587 ?]
902 1543 965 1580 =1ta

305 1591 440 1630 omnia
467 1602 592 1629 orator
620 1593 889 1634 comeum-alia
909 1610 965 1635 ar-

305 1656 497 1700 gumenta
517 1649 737 1698 complexus
749 1649 822 1700 est,.
834 1664 965 1702 quam·

304 1716 421 1755 quam
439 1701 588 1741 accedit
606 1714 646 1741 et
664 1704 730 1743 illa
738 1713 835 1758 pars,
855 1706 964 1758 quod

303 1757 385 1810 ipsa
395 1759 619 1811 Glycerium
631 1760 772 1801 Reiecit
779 1762 825 1812 fi
834 1763 874 1801 in
884 1776 964 1802 eum

295 1813 394 1867 flens
411 1827 520 1868 quam
525 1816 788 1866 familiariter.
835 1820 962 1870 Saepe

304 1870 455 1911 etenim
475 1884 556 1909 non
574 1868 696 1910 solum
716 1873 873 1924 nostris,>
894 1872 962 1914 sed

304 1926 522 1968 nostrorum
548 1925 654 1966 faffis
678 1927 872 1980 possumus
902 1944 962 1970 ac-

304 1982 433 2022 cusari.
453 1992 491 2021 vt
510 1995 596 2021 cum
616 1983 665 2023 de
681 1986 810 2026 Verris
829 1987 963 2026 animo

303 2048 576 2092 quaereretur,
629 2053 679 2079 an
726 2042 964 2083 Ciceronem

303 2095 431 2134 nollet
448 2091 526 2133 effe
545 2093 802 2137 accusatorem
814 2129 823 2147 ‚
853 2099 960 2150 quod

295 2151 527 2192 Hortensius
568 2161 717 2191 tantum
751 2154 958 2204 laborabat,

301 2219 343 2247 vt
361 2207 539 2247 Ciceroni
570 2220 652 2246 non
674 2209 841 2250 daretur.
887 2216 959 2253 Ae-

1572 816 1674 859 Nec

1017 926 1176 974 munia3
1205 923 1302 967 haec
1328 935 1369 969 et
1393 938 1674 984 praeter-argu.

1016 993 1149 1022 menta
1173 982 1292 1024 habet
1320 999 1341 1023 a
1362 984 1517 1024 testibus
1538 986 1674 1037 proba-

1016 1039 1185 1088 tionem,
1213 1039 1311 1079 haee
1339 1043 1453 1080 etiam
1481 1040 1543 1080 hie
1577 1040 1671 1091 sunt,

1016 1095 1163 1147 quippe
1182 1108 1270 1135 cum
1287 1096 1395 1146 dicat,
1429 1097 1538 1137 Venit
1555 1096 1605 1138 ad
1617 1110 1672 1138 me

1021 1150 1190 1191 Chremes
1212 1151 1387 1204 postridie
1413 1154 1604 1193 clamitans
1625 1153 1674 1205 fi

1018 1207 1376 1261 indignumjacinus
1388 1210 1591 1262 comperisse
1605 1224 1615 1257 3
1635 1223 1673 1249 v-

1018 1263 1129 1313 tique
1148 1265 1350 1314 comperg'sse'
1361 1280 1375 1301 :
1401 1266 1516 1305 etiam
1529 1266 1574 1305 ab
1587 1267 1673 1305 aliis

1017 1317 1086 1357 ista
1114 1329 1174 1357 res
1201 1317 1299 1358 dicia
1324 1320 1396 1369 est,
1435 1332 1475 1359 vt
1499 1319 1578 1373 ipse
1599 1321 1678 1368 hoe

1017 1374 1260 1424 compererit.
1318 1379 1374 1416 Vt
1411 1376 1674 1416 testimonium

1015 1428 1119 1480 quafi
1170 1429 1359 1481 quaedam
1405 1431 1449 1471 fit
1498 1433 1673 1472 multitu-

1015 1485 1079 1525 do.
1134 1487 1177 1525 Ε.

1072 1546 1147 1588 108
1204 1546 1255 1581 Vt
1302 1543 1507 1595 conficetum
1545 1546 1671 1598 facile

1013 1610 1174 1635 amorem
1203 1599 1388 1647 cerneres]
1433 1602 1557 1647 Mire,
1586 1615 1669 1641 non

1013 1649 1263 1704 suspicaretur
1292 1654 1577 1708 (stcspicareris)
1614 1657 1670 1696 di-

1011 1708 1078 1757 xit,
1100 1705 1165 1747 sed
1182 1722 1352 1750 cerneres.
1373 1723 1411 1750 et
1430 1712 1483 1752 est
1502 1712 1607 1762 ordo,
1629 1724 1669 1752 vt

994 1762 1124 1804 *facile
1141 1777 1331 1807 cerneres,
1356 1764 1421 1806 sed
1436 1782 1605 1817 cerneres,
1626 1768 1670 1808 fi-

1014 1830 1079 1859 cut
1105 1818 1243 1872 supra,‘·
1265 1823 1425 1862 Laudem
1453 1827 1616 1865 inuenias
1631 1837 1670 1864 et

1011 1877 1148 1915 amicos
1163 1887 1284 1929 pares.
1341 1882 1391 1920 D.

1071 1943 1148 1985 109
1176 1932 1318 1973 Reiecit
1335 1936 1379 1987 fi
1397 1937 1437 1975 in
1452 1942 1548 1991 eum]
1587 1936 1668 1978 Ob·

1008 1987 1135 2026 ficitur
1165 1989 1203 2028 ei
1236 1991 1338 2041 quod
1367 2005 1388 2030 a
1408 1992 1588 2046 Glycerio
1615 1992 1668 2032 fa-

1009 2043 1110 2082 &um
1138 2044 1211 2083 est:
1241 2056 1299 2095 vt,
1337 2049 1436 2099 Quis
1466 2050 1574 2088 enim
1597 2063 1666 2087 vn·

1010 2111 1126 2151 quam
1161 2111 1239 2140 tam
1269 2103 1395 2154 palam
1428 2103 1478 2145 de
1502 2103 1661 2153 honore,

1007 2165 1085 2195 tam
1111 2156 1367 2198 vehementer
1384 2158 1435 2198 de
1460 2158 1576 2200 salute
1601 2159 1664 2200 sua

1008 2212 1228 2260 contendit,
1262 2228 1378 2266 quam
1404 2216 1471 2255 ille
1487 2226 1603 2267 atque
1622 2218 1664 2256 il-

301 2261 406 2302 cusat
424 2275 582 2314 quoque
598 2264 724 2315 palam
743 2265 800 2315 fic,
830 2268 959 2308 Verris
993 2268 1078 2307 *lius
1097 2269 1228 2317 amici,
1258 2281 1296 2310 vt
1313 2283 1365 2311 ne
1382 2270 1476 2311 haec
1493 2272 1588 2311 mihi
1600 2273 1664 2312 de-

301 2319 405 2359 haue
434 2315 509 2358 effe
528 2319 787 2370 voluntatem,
825 2335 878 2362 ne
895 2324 961 2365 Ci-
1005 2323 1096 2363 latio
1117 2325 1239 2364 detur.
1296 2330 1345 2368 D.

303 2388 393 2415 cero
422 2371 612 2413 accusator
637 2376 824 2418 existerem
881 2382 959 2421 Ve-

301 2445 386 2471 rum
412 2430 507 2469 haec
535 2430 584 2469 de
603 2436 857 2484 argumentis.
910 2437 961 2475 O-

300 2488 403 2527 mnis
422 2497 550 2524 autem
575 2490 790 2528 coniectura
808 2492 960 2542 propri-

286 2582 289 2585 ,
302 2556 368 2583 um
388 2541 460 2581 hoc
471 2541 598 2581 habet.
619 2546 717 2584 Nam
729 2558 958 2598 argumenta

1066 2391 1147 2423 110
1181 2382 1313 2422 Iratus
1345 2394 1457 2437 atque
1482 2398 1591 2439 aegre
1597 2385 1663 2437 ft—

1008 2438 1106 2480 rens]
1143 2437 1289 2487 Iratus,
1322 2440 1444 2489 culpa.
1476 2453 1585 2496 aegre
1599 2443 1664 2496 fe·

1006 2504 1099 2538 rens,
1121 2494 1210 2544 quia
1228 2507 1379 2544 praeter
1397 2494 1516 2548 spem.
1559 2500 1608 2537 D.

1060 2547 1182 2588 Redeo
1204 2551 1287 2588 inde
1304 2554 1422 2591 iratus
1431 2566 1542 2606 atque
1556 2567 1663 2608 aegre

302 2612 390 2640 cum
408 2598 957 2654 caeterisyidentureffecum·
996 2602 1151 2657 ferens]
1203 2609 1313 2649 Bene
1348 2606 1663 2662 indignationem

1544 2676 1662 2707 totam
