1815 3168
507 164 509 167 ¹
547 109 1077 156 HEAVTONTIM.

1390 105 1479 166 631
1533 152 1537 155 ,

247 236 335 285 Abi
357 234 694 284 deambulatum.
732 230 837 281 CL.
869 228 1217 281 deambulatum!
1254 229 1378 296 quo?
1401 229 1480 279 Sv.

346 312 452 359 vah!
490 309 603 373 quasi
637 308 897 356 desitlocus.

246 386 334 435 Abi
367 386 464 433 sane
482 384 615 437 istac,
652 384 872 436 istorsum,
905 384 1079 447 quouis.
1119 378 1228 429 CH.
1267 379 1386 428 recte
1414 381 1480 429 di·

343 462 421 507 cit:
469 460 636 506 censeo.

235 532 342 582 CL.
380 537 441 582 Di
470 546 512 580 te
539 534 769 587 eradicent,
792 539 913 597 Syre,
946 535 1021 598 qui
1042 548 1115 579 me
1138 532 1242 579 hinc
1273 531 1478 590 extrudis.

337 606 372 656 S
387 624 431 660 Y.
476 621 518 656 at
541 620 588 655 tu
610 609 688 675 pol
706 609 784 665 tjhi
804 608 900 667 istas

239 683 420 739 Posthac
442 687 722 748 comprimito
751 700 924 730 manus.

146 775 209 823 30
249 753 429 807 Censen’
453 760 592 805 vero?
629 759 735 822 quid
757 759 881 805 illum
902 775 1041 823 porro
1064 749 1213 804 ⁴credis
1241 753 1476 809 fastururn,

340 834 544 886 Chreme,

239 907 337 970 Nisi
355 925 472 961 eum,
496 920 708 971 quantum
733 907 814 956 tibi
837 911 933 974 opis
967 909 1027 955 Di
1048 907 1173 960 dant,
1209 907 1373 959 seruaS,
1409 922 1474 952 ca-

336 983 462 1044 stigas
474 1020 487 1036 ,
520 1002 624 1030 mon
631 1002 674 1030 es
687 988 708 1031 ἶ)

204 1096 206 1098 -
237 1056 343 1108 CH.
382 1064 479 1120 Ego
503 1058 608 1104 istuc
630 1059 805 1107 curabo.
843 1064 931 1106 SY.
968 1059 1087 1121 atqui
1104 1051 1375 1111 nunc,'here‚
1400 1056 1471 1102 hic

335 1135 413 1181 tibi
440 1131 714 1180 afferuandus
740 1133 814 1180 est.

743 1213 892 1269 Rr4

157 1316 213 1358 26
240 1312 552 1354 Deambulatum!
581 1313 674 1367 quo]
695 1316 762 1353 Re-

106 1384 160 1410 ne
187 1372 420 1422 impotentia
447 1371 608 1410 amantis
638 1369 762 1419 expri-

103 1429 229 1465 mitur.
258 1439 332 1464 nec
364 1436 495 1477 pater,
529 1438 603 1464 nec
631 1427 760 1477 Syrus,

103 1496 177 1521 nec
206 1481 434 1526 deliberatio
462 1492 552 1521 ante
577 1481 675 1520 saeta
704 1493 761 1519 re-

100 1551 264 1579 mouere
286 1548 480 1588 poterant
491 1535 762 1589 Clitiphonem

104 1593 153 1634 ab
175 1596 306 1632 amica.
344 1593 413 1633 .C.
467 1593 470 1595 ’

157 1711 208 1752 28
247 1702 463 1751 Eradicem]
503 1704 690 1744 Funditus
717 1716 760 1742 ac

97 1759 277 1802 radicitus
295 1771 333 1800 te
354 1761 534 1807 euellant‚
563 1771 602 1799 et
621 1771 658 1799 te
681 1773 760 1798 me-

100 1818 345 1865 dioptollant.
400 1819 503 1856 Dum
537 1815 634 1855 haec
673 1828 760 1854 cum

95 1872 375 1925 indignatione
385 1870 585 1922 proferret,
609 1868 758 1923 percus-

98 1928 143 1968 fit
163 1930 313 1980 Syrum.
372 1929 417 1968 C.

164 1983 257 2036 Istas
296 1983 447 2035 posthac
492 1982 755 2035 comprimito]

99 2041 302 2090 Quoniam
335 2051 443 2089 patei·
470 2038 640 2084 dixerat,
677 2039 757 2077 vidi

96 2110 161 2151 ego
192 2110 226 2135 te
252 2108 381 2134 manus
424 2095 532 2133 modo
574 2096 758 2133 meretrici

98 2151 185 2191 huic
205 2151 373 2205 infinum
383 2150 535 2201 inserere
545 2167 560 2188 .·
586 2150 674 2188 ideo
687 2148 759 2188 ser-

98 2220 172 2255 uus
199 2209 271 2254 ait,
299 2207 382 2258 tstas
407 2220 495 2261 crgo
514 2219 640 2246 manus
665 2221 757 2245 ccm-

90 2265 255 2317 primito
277 2263 362 2303 tibi.
416 2265 460 2302 Γ.
692 2288 695 2290 -

157 2321 273 2358 Hunc
292 2330 330 2359 et
348 2316 577 2370 sequentem
608 2316 757 2357 versum

96 2375 147 2415 fic
179 2373 386 2422 constitue,
411 2375 469 2414 Di
495 2388 529 2413 te
560 2374 756 2422 eradicent,

98 2433 167 2485 qui
211 2428 315 2481 istinc
347 2444 402 2470 me
440 2430 668 2477 extrudas‚·
695 2431 760 2480 Sy-

99 2501 158 2527 re.
237 2486 244 2540 Ι
324 2487 375 2523 At
404 2486 446 2524 τά
477 2486 545 2525 tibi
565 2485 647 2537 zstas
661 2484 762 2538 pff,-

99 2543 170 2590 hac
216 2543 445 2594 comprimito
494 2555 634 2581 manus,
706 2544 762 2580 Ita

101 2599 210 2651 prior
230 2611 311 2637 non
334 2595 386 2636 est
405 2596 668 2649 hypermeter.
716 2597 763 2635 11-

102 2654 171 2694 lud
189 2654 262 2694 Pol
281 2655 323 2694 iu
344 2652 451 2692 libris
470 2655 585 2703 plane
602 2667 683 2693 non
705 2666 765 2694 re-

1339 1210 1470 1272 ⁵CH.

811 1313 908 1366 peri,
935 1322 974 1353 et
990 1309 1155 1351 vniuerfi
1174 1309 1321 1350 habent
1341 1310 1464 1361 Istinc.

809 1374 857 1411 Et
877 1369 1053 1409 extrudas
1071 1370 1113 1406 in
1144 1380 1221 1405 vno
1246 1377 1335 1405 vett.
1358 1379 1469 1418 repe-

811 1426 860 1471 ri,
879 1424 998 1476 »quod
1019 1425 1134 1462 etiam
1163 1422 1216 1461 est
1234 1424 1276 1461 iu
1298 1422 1382 1461 cod.
1401 1426 1468 1462 Pa-

809 1481 931 1520 latino
951 1479 1125 1519 Fabricii.
1180 1483 1221 1518 B.
1286 1489 1290 1491 “

865 1549 919 1589 29
952 1537 1005 1575 At
1031 1534 1116 1588 istas
1137 1535 1366 1585 comprimito
1394 1532 1481 1572 ma?

812 1594 898 1646 nus]
943 1591 1118 1632 Subticet
1160 1590 1465 1641 percussionem:

812 1662 866 1688 ne
894 1645 1020 1701 surgat
1045 1649 1086 1686 in
1113 1647 1299 1699 tragicum
1320 1644 1468 1684 cothur-

811 1718 919 1744 num.
978 1706 1022 1745 C.

863 1774 920 1812 30
947 1758 1056 1813 ,Qid
1083 1757 1184 1796 illum
1211 1762 1347 1809 porro]
1387 1756 1465 1796 Vel

807 1817 1035 1868 indignatus
1063 1811 1195 1852 seruus
1233 1811 1328 1850 haec
1359 1811 1463 1858 dicit,

809 1873 873 1911 vel
898 1870 1025 1910 seruili
1056 1882 1166 1908 more
1193 1867 1313 1907 astute
1336 1868 1466 1907 traciam:

808 1926 951 1967 senem.
1006 1928 1053 1967 C.

863 1981 1012 2033 Cenfi’n’
1048 1980 1190 2034 vero?]
1237 1979 1466 2021 Subblandi-

806 2050 868 2078 tur
919 2039 1081 2078 domino
1125 2050 1195 2087 per
1236 2034 1466 2086 obsequium

808 2095 963 2142 seruus,
1014 2107 1099 2132 cum
1134 2093 1185 2131 de
1220 2090 1466 2130 adolescente

809 2150 908 2201 quasi
930 2149 1126 2201 quendam
1139 2160 1300 2187 metum
1319 2146 1467 2188 habere

806 2206 845 2246 se
879 2206 980 2245 dicit.
1037 2204 1140 2245 Vide
1176 2205 1274 2251 iam,
1322 2204 1469 2254 inquit,·

808 2263 930 2314 qualis
948 2262 1006 2309 fit,
1036 2261 1188 2312 qualem
1207 2259 1376 2299 futurum
1397 2273 1467 2312 pu-

808 2331 862 2357 tas
877 2349 886 2365 ,
917 2315 1094 2366 nifi‘cum,
1117 2328 1290 2368 quantum
1310 2314 1382 2355 tibi
1397 2313 1466 2367 fh-

811 2376 963 2412 cnlzazis·
979 2375 1128 2412 numina
1147 2372 1360 2420 concedunt,
1380 2372 1464 2423 ser-

811 2444 888 2478 uas,
909 2443 1042 2477 mones,
1056 2441 1164 2480 atque
1184 2427 1360 2482 castigas?
1394 2428 1435 2470 E.

865 2497 918 2537 32
948 2488 1067 2537 Atque
1086 2497 1195 2531 nunc,
1221 2483 1317 2532 here]
1356 2487 1466 2523 Bene

811 2539 989 2593 praesens
1021 2532 1170 2590 tempus
1198 2540 1239 2578 in
1268 2551 1375 2578 metu
1399 2553 1466 2591 po-

811 2598 883 2643 nit,
902 2608 942 2636 vt
958 2597 1026 2636 ille
1046 2594 1134 2634 sciat
1153 2596 1227 2635 iam
1241 2594 1373 2642 filium,
1392 2609 1466 2635 ne-

812 2651 887 2694 scio
907 2653 1015 2706 quid,
1035 2651 1175 2691 moliri.
1229 2654 1273 2692 E.
