1815 3168
736 159 1025 206 ANDRIA.

1463 176 1550 225 ¹03

328 287 502 334 Hodie:
540 287 645 332 item
675 284 755 332 alia
783 286 942 339 multa,
980 302 1089 350 quac
1113 302 1233 333 nunc
1254 303 1345 335 non
1368 286 1428 334 est
1448 305 1550 335 nar-

424 362 550 408 randi
571 361 706 408 locus.

327 439 550 486 Continuo
579 437 631 482 ad
659 448 702 482 te
724 453 965 502 properans
986 453 1198 501 percurro
1221 435 1275 483 ad
1297 436 1464 490 forum,
1500 448 1547 484 vt

422 512 558 558 dicam
578 510 655 558 tibi
675 511 795 558 haec.

324 583 411 634 Vbi
443 597 486 634 te
516 604 607 634 non
637 589 842 640 inuenio,

416 662 574 711 celsum
596 662 757 710 locum.

183 972 335 1011 entem.'
384 973 454 1012 Ait
494 971 592 1027 tibi]
643 971 714 1013 Ait
748 985 836 1024 pro-

183 1028 268 1080 prie
280 1044 288 1069 :
301 1027 388 1080 quia
402 1029 687 1068 contemnenda
702 1029 833 1068 dicun-

184 1095 256 1122 tur.
311 1086 377 1124 Ait
401 1084 473 1124 tibi
489 1099 643 1124 vxorem
659 1085 746 1125 dare
763 1085 829 1139 fl’]

182 1140 455 1180 coniecturam
491 1139 582 1179 facit
623 1152 674 1180 ex
705 1143 827 1190 malis,

180 1208 280 1247 quae
312 1192 602 1250 praecefferunt.
655 1199 724 1236 Ait
757 1197 830 1237 tibi

179 1264 334 1291 vxorem
359 1253 447 1292 dare
458 1252 518 1306 fi]
549 1253 653 1291 Dicit
671 1266 738 1292 cur
757 1253 831 1306 pri-

179 1319 243 1345 mo
273 1305 475 1346 crediderit
500 1321 625 1356 veras,
663 1308 830 1349 dicturus

178 1359 340 1403 subinde
357 1375 422 1401 cur
437 1360 556 1402 falsas,
612 1365 662 1403 D.

234 1419 322 1457 Duo
344 1418 453 1457 codd.
474 1417 672 1458 rotundius
695 1429 733 1458 et
752 1431 830 1457 me-

177 1473 252 1512 lius
273 1482 428 1525 ponunt
444 1487 498 1511 me
517 1484 609 1513 ante
621 1475 739 1518 modo.
777 1476 829 1514 0-

174 1542 284 1569 mnes
299 1529 438 1568 faex-ni
448 1529 558 1568 codd.
578 1529 723 1569 habent
738 1529 827 1568 dare

162 1585 244 1636 fise
255 1600 269 1627 ;
298 1597 393 1624 vnus
412 1597 458 1623 ex
475 1585 609 1624 nostris
629 1585 827 1637 ponitfifi

176 1642 264 1679 dare
275 1654 297 1682 ‚·.
317 1640 410 1679 alter
427 1641 632 1691 primariae
641 1629 756 1679 notzfe
761 1642 827 1690 J&-

162 1696 210 1745 fi’
243 1709 323 1734 non
358 1693 493 1742 habet3
533 1696 638 1746 quod
664 1709 752 1735 cum
780 1697 823 1734 in

172 1749 276 1790 versu
297 1750 508 1800 redundet,
534 1751 626 1804 lege
649 1752 756 1801 dari,
783 1762 824 1791 vt

170 1805 288 1859 supra,
318 1818 346 1853 1,
366 1818 404 1855 2,
424 1819 491 1848 20.
550 1809 594 1849 B.

225 1929 274 1971 17
301 1917 393 1957 Item
421 1915 496 1956 alia
529 1916 667 1966 multa]
713 1919 822 1957 Bene

168 1973 310 2013 distulit
329 1974 602 2022 narrationem,
633 1986 697 2021 ne,
714 1973 740 2012 fi
758 1988 820 2013 au-

169 2030 297 2069 dirent
313 2028 502 2071 Charinus
523 2041 561 2068 et
571 2028 740 2083 Byrrhia,
755 2029 820 2068 de·
836 2060 838 2062 v

166 2085 294 2135 sinant
313 2084 421 2124 dolos
449 2084 593 2124 struere
619 2082 820 2125 aduersum

164 2141 488 2195 vigilantissimum
521 2139 661 2181 senem.
725 2141 819 2180 Item

165 2197 237 2236 alia
254 2198 384 2250 multa]
415 2198 633 2239 Commoda
650 2198 817 2237 narratio

163 2268 186 2292 a
219 2249 433 2292 ncceffariis
474 2264 636 2293 tantum.
691 2254 821 2297 Minas

165 2319 295 2351 autem
329 2306 427 2347 senis
457 2308 727 2361 praetermisit,
765 2313 843 2348 ne‘

163 2377 423 2416 corrumperet
456 2365 572 2414 bona,
593 2378 691 2417 quae
720 2379 817 2404 nun-

165 2419 297 2458 ciabat.
333 2420 437 2473 Qae
456 2434 553 2460 nunc
576 2435 650 2461 non
669 2421 715 2472 est
730 2435 815 2460 nar·

166 2477 274 2514 randi
300 2476 407 2524 locus]
447 2480 537 2517 Non
563 2478 643 2516 vult
673 2478 814 2526 dicere,

169 2543 282 2580 quam
315 2532 512 2571 minaciter
538 2530 664 2572 secum
693 2534 816 2587 egerit

165 2583 294 2632 senex,
315 2598 506 2639 quamque
525 2589 638 2628 instet
651 2590 813 2642 nuptiiS,

165 2653 220 2681 ne
240 2641 451 2682 Charinum
468 2644 745 2698 Byrrhiamque
764 2644 814 2685 de

867 794 1034 853 G4'

878 585 940 634 ibi
961 586 1140 634 ascendo
1161 589 1208 634 in
1231 584 1449 651 quendam
1478 603 1546 633 ex-

1472 807 1539 842 20

881 969 949 1025 spe
975 972 1155 1021 deiiciat,
1189 983 1287 1024 quos
1311 970 1392 1010 vult
1409 967 1538 1010 secum

881 1028 1022 1078 adniti,
1056 1041 1108 1068 ne
1135 1040 1294 1067 vxorem
1317 1026 1538 1079 Pamphilus

880 1085 1003 1123 ducat.
1049 1084 1157 1139 Qae
1176 1089 1288 1137 nunc]
1316 1087 1538 1135 Argumen-

877 1150 958 1180 tum
975 1139 1042 1186 est,
1059 1141 1247 1192 quaerere
1265 1136 1428 1193 potuisse
1447 1151 1538 1177 eum

877 1197 944 1249 qui
983 1197 1027 1236 iit
1060 1199 1225 1236 territus.
1277 1200 1378 1237 Nam
1422 1196 1536 1234 timor

879 1265 1009 1292 curam
1027 1254 1139 1305 parit.
1165 1278 1172 1281 ·
1197 1250 1397 1291 Narrandi
1415 1249 1534 1303 locus]

877 1307 1003 1351 Modo.
1017 1319 1182 1361 tempus,
1204 1307 1376 1360 spatium.
1433 1307 1488 1346 D.

937 1426 984 1467 18
1017 1418 1221 1472 Properans
1235 1420 1437 1471 percurro]
1468 1414 1531 1457 Vi-

879 1473 928 1514 de
947 1482 1132 1525 quantum
1142 1475 1288 1524 dixerit,
1307 1475 1528 1525 Properam,

879 1541 919 1569 et
930 1541 1120 1582 percurro,
1145 1541 1184 1570 vt
1196 1530 1531 1570 continuationem

876 1583 999 1625 cursus
1018 1586 1249 1626 ostenderet.
1290 1589 1355 1639 ⁴D.

933 1707 982 1748 19
1014 1695 1087 1735 Vbi
1105 1710 1141 1737 te
1157 1710 1230 1736 non
1249 1699 1410 1750 inuenio]
1445 1693 1529 1742 Vbi,

870 1751 989 1790 modo
1008 1765 1090 1791 non
1109 1751 1161 1792 est
1190 1752 1421 1795 aduerbium
1437 1752 1526 1798 ioci,

869 1804 937 1847 sed
975 1809 1178 1859 temporis,
1224 1822 1292 1859 pro
1323 1808 1527 1861 postquam.

871 1861 946 1903 Vbi
965 1876 1002 1903 te
1020 1878 1095 1902 non
1105 1866 1268 1911 inuenio,
1287 1862 1355 1917 ibi]
1383 1861 1526 1904 Asum-

869 1932 935 1958 mo
962 1919 1012 1958 ad
1041 1920 1161 1959 imum
1188 1919 1415 1969 diuifiones‚
1446 1921 1528 1971 qui-

869 1974 939 2013 bus
959 1974 1057 2014 dicia
1076 1986 1113 2015 et
1130 1974 1229 2016 fasta
1247 1978 1522 2016 continentur:

867 2027 935 2069 sub
966 2044 1131 2082 quorum
1158 2045 1308 2085 genere
1334 2030 1419 2071 sunt
1445 2031 1525 2083 spe-

869 2087 946 2125 cies
975 2100 1092 2125 nune·
1110 2087 1318 2136 di&orum‚
1349 2101 1452 2127 nunc
1473 2086 1527 2127 fa-

868 2142 1024 2188 storum,
1044 2155 1131 2181 cum
1152 2143 1456 2183 consideratione
1468 2156 1524 2182 re-

868 2211 953 2238 rum
971 2196 1311 2252 personarumque.
1369 2202 1420 2241 D.

922 2310 1003 2358 1l1i,
1031 2311 1139 2361 quod
1171 2326 1193 2351 a
1212 2309 1360 2351 duobus
1384 2310 1521 2351 nostris

866 2365 989 2414 abest,
1023 2379 1099 2418 ego
1119 2365 1245 2406 versus
1270 2368 1388 2420 gratia
1409 2380 1522 2419 repo·

865 2435 918 2461 no
939 2421 1022 2474 post
1050 2423 1257 2472 quendam.
1312 2429 1441 2474 Atque
1467 2423 1522 2474 asl

866 2478 975 2516 cando
1009 2489 1115 2517 muto
1148 2481 1188 2517 in
1215 2478 1379 2530 escendo,
1413 2479 1519 2530 quod

864 2534 988 2587 magis
1016 2532 1069 2573 est
1088 2549 1111 2574 e
1132 2546 1204 2576 vet.
1230 2534 1516 2581 consuetudine,

864 2599 903 2628 et
947 2590 1136 2641 reperitur
1170 2592 1211 2630 in
1256 2592 1341 2633 cod.
1386 2603 1517 2631 vetere

864 2648 1018 2699 Guyeto
1039 2645 1128 2687 viso.
1185 2650 1226 2688 B.
