<?xml version="1.0" encoding="UTF-8"?>
<!DOCTYPE html PUBLIC "-//W3C//DTD XHTML 1.0 Transitional//EN"
    "http://www.w3.org/TR/xhtml1/DTD/xhtml1-transitional.dtd">
<html xmlns="http://www.w3.org/1999/xhtml" xml:lang="en" lang="en">
 <head>
  <title>
</title>
<meta http-equiv="Content-Type" content="text/html;charset=utf-8" />
  <meta name='ocr-system' content='tesseract 3.04.00' />
  <meta name='ocr-capabilities' content='ocr_page ocr_carea ocr_par ocr_line ocrx_word'/>
</head>
<body>
  <div class='ocr_page' id='page_1' title='image "./comoediaesexexre01tereuoft_0479.png"; bbox 0 0 1815 3168; ppageno 0'>
   <div class='ocr_carea' id='block_1_1' title="bbox 496 50 974 124">
    <p class='ocr_par' dir='ltr' id='par_1_1' title="bbox 496 50 974 124">
     <span class='ocr_line' id='line_1_1' title="bbox 496 50 974 124; baseline -0.002 0"><span class='ocrx_word' id='word_1_1' title='bbox 496 50 498 53; x_wconf 56' lang='grc'><strong>’</strong></span> <span class='ocrx_word' id='word_1_2' title='bbox 564 75 974 124; x_wconf 61' lang='lat' dir='ltr'>EVNVCHvs</span> 
     </span>
    </p>
   </div>
   <div class='ocr_carea' id='block_1_2' title="bbox 1362 84 1452 141">
    <p class='ocr_par' dir='ltr' id='par_1_2' title="bbox 1362 84 1452 141">
     <span class='ocr_line' id='line_1_2' title="bbox 1362 84 1452 141; baseline 0 0"><span class='ocrx_word' id='word_1_3' title='bbox 1362 84 1452 141; x_wconf 81' lang='lat'>383</span> 
     </span>
    </p>
   </div>
   <div class='ocr_carea' id='block_1_3' title="bbox 167 199 1453 559">
    <p class='ocr_par' dir='ltr' id='par_1_3' title="bbox 167 199 1453 559">
     <span class='ocr_line' id='line_1_3' title="bbox 204 199 1168 254; baseline -0.003 -1"><span class='ocrx_word' id='word_1_4' title='bbox 204 225 206 227; x_wconf 61' lang='grc'><strong><em>’</em></strong></span> <span class='ocrx_word' id='word_1_5' title='bbox 227 210 294 254; x_wconf 89' lang='lat' dir='ltr'>Ita</span> <span class='ocrx_word' id='word_1_6' title='bbox 316 220 386 251; x_wconf 87' lang='lat' dir='ltr'>me</span> <span class='ocrx_word' id='word_1_7' title='bbox 410 203 536 251; x_wconf 89' lang='lat' dir='ltr'>video</span> <span class='ocrx_word' id='word_1_8' title='bbox 561 202 612 250; x_wconf 82' lang='lat' dir='ltr'>ab</span> <span class='ocrx_word' id='word_1_9' title='bbox 636 218 683 248; x_wconf 86' lang='lat' dir='ltr'>ea</span> <span class='ocrx_word' id='word_1_10' title='bbox 707 199 839 248; x_wconf 86' lang='lat' dir='ltr'>astute</span> <span class='ocrx_word' id='word_1_11' title='bbox 860 200 1168 252; x_wconf 56' lang='lat' dir='ltr'>labefae‘tarier.</span> 
     </span>
     <span class='ocr_line' id='line_1_4' title="bbox 231 276 1377 342; baseline -0.001 -14"><span class='ocrx_word' id='word_1_12' title='bbox 231 285 324 328; x_wconf 87' lang='lat' dir='ltr'>Iam</span> <span class='ocrx_word' id='word_1_13' title='bbox 347 291 440 328; x_wconf 90' lang='lat' dir='ltr'>tum</span> <span class='ocrx_word' id='word_1_14' title='bbox 462 295 562 325; x_wconf 88' lang='lat' dir='ltr'>cum</span> <span class='ocrx_word' id='word_1_15' title='bbox 585 279 779 342; x_wconf 86' lang='lat' dir='ltr'>primum</span> <span class='ocrx_word' id='word_1_16' title='bbox 800 276 912 323; x_wconf 82' lang='lat' dir='ltr'>iuffit</span> <span class='ocrx_word' id='word_1_17' title='bbox 938 295 1010 324; x_wconf 89' lang='lat' dir='ltr'>me</span> <span class='ocrx_word' id='word_1_18' title='bbox 1034 280 1087 325; x_wconf 85' lang='lat' dir='ltr'>ad</span> <span class='ocrx_word' id='word_1_19' title='bbox 1106 281 1145 326; x_wconf 85' lang='lat' dir='ltr'>se</span> <span class='ocrx_word' id='word_1_20' title='bbox 1164 280 1377 329; x_wconf 74' lang='lat' dir='ltr'>arcesiier:</span> 
     </span>
     <span class='ocr_line' id='line_1_5' title="bbox 167 353 1453 420; baseline -0.001 -17"><span class='ocrx_word' id='word_1_21' title='bbox 167 371 193 420; x_wconf 88' lang='lat'>5</span> <span class='ocrx_word' id='word_1_22' title='bbox 230 360 374 416; x_wconf 88' lang='lat' dir='ltr'>Roget</span> <span class='ocrx_word' id='word_1_23' title='bbox 395 357 504 418; x_wconf 84' lang='lat' dir='ltr'>quis,</span> <span class='ocrx_word' id='word_1_24' title='bbox 531 354 637 416; x_wconf 85' lang='lat' dir='ltr'>quid</span> <span class='ocrx_word' id='word_1_25' title='bbox 659 353 738 399; x_wconf 86' lang='lat' dir='ltr'>tibi</span> <span class='ocrx_word' id='word_1_26' title='bbox 758 370 857 399; x_wconf 89' lang='lat' dir='ltr'>cum</span> <span class='ocrx_word' id='word_1_27' title='bbox 880 353 981 400; x_wconf 86' lang='lat' dir='ltr'>illa?</span> <span class='ocrx_word' id='word_1_28' title='bbox 1017 372 1073 400; x_wconf 88' lang='lat' dir='ltr'>ne</span> <span class='ocrx_word' id='word_1_29' title='bbox 1094 372 1249 401; x_wconf 80' lang='lat' dir='ltr'>noram</span> <span class='ocrx_word' id='word_1_30' title='bbox 1263 358 1453 419; x_wconf 72' lang='lat' dir='ltr'>quidem.</span> 
     </span>
     <span class='ocr_line' id='line_1_6' title="bbox 232 428 1306 496; baseline -0.001 -17"><span class='ocrx_word' id='word_1_31' title='bbox 232 431 320 480; x_wconf 90' lang='lat' dir='ltr'>Vbi</span> <span class='ocrx_word' id='word_1_32' title='bbox 343 433 459 482; x_wconf 87' lang='lat' dir='ltr'>veni,</span> <span class='ocrx_word' id='word_1_33' title='bbox 482 428 658 481; x_wconf 84' lang='lat' dir='ltr'>causam,</span> <span class='ocrx_word' id='word_1_34' title='bbox 684 440 729 475; x_wconf 88' lang='lat' dir='ltr'>vt</span> <span class='ocrx_word' id='word_1_35' title='bbox 749 428 809 475; x_wconf 87' lang='lat' dir='ltr'>ibi</span> <span class='ocrx_word' id='word_1_36' title='bbox 833 446 1069 482; x_wconf 86' lang='lat' dir='ltr'>manerem,</span> <span class='ocrx_word' id='word_1_37' title='bbox 1089 434 1306 496; x_wconf 84' lang='lat' dir='ltr'>repperit:</span> 
     </span>
     <span class='ocr_line' id='line_1_7' title="bbox 230 502 1178 559; baseline 0 -6"><span class='ocrx_word' id='word_1_38' title='bbox 230 509 319 559; x_wconf 86' lang='lat' dir='ltr'>Ait,</span> <span class='ocrx_word' id='word_1_39' title='bbox 340 523 435 552; x_wconf 86' lang='lat' dir='ltr'>rem</span> <span class='ocrx_word' id='word_1_40' title='bbox 457 505 647 558; x_wconf 82' lang='lat' dir='ltr'>diuinam</span> <span class='ocrx_word' id='word_1_41' title='bbox 669 502 823 555; x_wconf 82' lang='lat' dir='ltr'>feciffe,</span> <span class='ocrx_word' id='word_1_42' title='bbox 847 515 890 550; x_wconf 85' lang='lat' dir='ltr'>et</span> <span class='ocrx_word' id='word_1_43' title='bbox 913 522 1007 550; x_wconf 87' lang='lat' dir='ltr'>rem</span> <span class='ocrx_word' id='word_1_44' title='bbox 1028 505 1178 553; x_wconf 82' lang='lat' dir='ltr'>seriam</span> 
     </span>
    </p>
   </div>
   <div class='ocr_carea' id='block_1_4' title="bbox 229 582 713 642">
    <p class='ocr_par' dir='ltr' id='par_1_4' title="bbox 229 582 713 642">
     <span class='ocr_line' id='line_1_8' title="bbox 229 582 713 642; baseline -0.006 -14"><span class='ocrx_word' id='word_1_45' title='bbox 229 582 354 629; x_wconf 84' lang='lat' dir='ltr'>Velle</span> <span class='ocrx_word' id='word_1_46' title='bbox 375 597 503 642; x_wconf 84' lang='lat' dir='ltr'>agere</span> <span class='ocrx_word' id='word_1_47' title='bbox 525 596 713 634; x_wconf 32' lang='lat' dir='ltr'>mecum..</span> 
     </span>
    </p>
   </div>
   <div class='ocr_carea' id='block_1_5' title="bbox 785 582 1325 647">
    <p class='ocr_par' dir='ltr' id='par_1_5' title="bbox 785 582 1325 647">
     <span class='ocr_line' id='line_1_9' title="bbox 785 582 1325 647; baseline 0.011 -23"><span class='ocrx_word' id='word_1_48' title='bbox 785 583 879 625; x_wconf 84' lang='lat' dir='ltr'>Iam</span> <span class='ocrx_word' id='word_1_49' title='bbox 897 591 991 626; x_wconf 87' lang='lat' dir='ltr'>tum</span> <span class='ocrx_word' id='word_1_50' title='bbox 1021 592 1110 627; x_wconf 80' lang='lat' dir='ltr'>erat</span> <span class='ocrx_word' id='word_1_51' title='bbox 1131 582 1325 647; x_wconf 88' lang='lat' dir='ltr'>suspicio,</span> 
     </span>
    </p>
   </div>
   <div class='ocr_carea' id='block_1_6' title="bbox 229 654 1311 721">
    <p class='ocr_par' dir='ltr' id='par_1_6' title="bbox 229 654 1311 721">
     <span class='ocr_line' id='line_1_10' title="bbox 229 654 1311 721; baseline 0.001 -17"><span class='ocrx_word' id='word_1_52' title='bbox 229 657 349 705; x_wconf 93' lang='lat' dir='ltr'>Dolo</span> <span class='ocrx_word' id='word_1_53' title='bbox 370 657 484 704; x_wconf 83' lang='lat' dir='ltr'>malo</span> <span class='ocrx_word' id='word_1_54' title='bbox 507 657 611 703; x_wconf 83' lang='lat' dir='ltr'>haec</span> <span class='ocrx_word' id='word_1_55' title='bbox 632 654 725 702; x_wconf 84' lang='lat' dir='ltr'>fieri</span> <span class='ocrx_word' id='word_1_56' title='bbox 749 657 910 702; x_wconf 83' lang='lat' dir='ltr'>onmia.</span> <span class='ocrx_word' id='word_1_57' title='bbox 947 656 1034 721; x_wconf 84' lang='lat' dir='ltr'>ipsa</span> <span class='ocrx_word' id='word_1_58' title='bbox 1056 659 1311 706; x_wconf 86' lang='lat' dir='ltr'>accumbere</span> 
     </span>
    </p>
   </div>
   <div class='ocr_carea' id='block_1_7' title="bbox 97 833 765 2625">
    <p class='ocr_par' dir='ltr' id='par_1_7' title="bbox 97 833 760 1831">
     <span class='ocr_line' id='line_1_11' title="bbox 102 833 755 887; baseline -0.005 -10"><span class='ocrx_word' id='word_1_59' title='bbox 102 847 144 878; x_wconf 87' lang='lat' dir='ltr'>et</span> <span class='ocrx_word' id='word_1_60' title='bbox 169 836 292 876; x_wconf 87' lang='lat' dir='ltr'>statim</span> <span class='ocrx_word' id='word_1_61' title='bbox 318 833 559 887; x_wconf 83' lang='lat' dir='ltr'>consequens</span> <span class='ocrx_word' id='word_1_62' title='bbox 586 836 657 874; x_wconf 88' lang='lat' dir='ltr'>erit</span> <span class='ocrx_word' id='word_1_63' title='bbox 685 847 755 887; x_wconf 84' lang='lat' dir='ltr'>per</span> 
     </span>
     <span class='ocr_line' id='line_1_12' title="bbox 101 890 755 942; baseline -0.003 -10"><span class='ocrx_word' id='word_1_64' title='bbox 101 892 274 933; x_wconf 64' lang='grc' dir='ltr'><em>ἀσύνδετον</em></span> <span class='ocrx_word' id='word_1_65' title='bbox 304 903 383 931; x_wconf 81' lang='lat' dir='ltr'>tota</span> <span class='ocrx_word' id='word_1_66' title='bbox 404 890 618 941; x_wconf 84' lang='lat' dir='ltr'>sententia,</span> <span class='ocrx_word' id='word_1_67' title='bbox 653 891 755 942; x_wconf 76' lang='lat' dir='ltr'>quast</span> 
     </span>
     <span class='ocr_line' id='line_1_13' title="bbox 101 945 756 999; baseline -0.006 -9"><span class='ocrx_word' id='word_1_68' title='bbox 101 951 249 999; x_wconf 84' lang='lat' dir='ltr'>dixerit,</span> <span class='ocrx_word' id='word_1_69' title='bbox 272 962 353 987; x_wconf 85' lang='lat' dir='ltr'>non</span> <span class='ocrx_word' id='word_1_70' title='bbox 366 948 420 988; x_wconf 85' lang='lat' dir='ltr'>est</span> <span class='ocrx_word' id='word_1_71' title='bbox 429 949 587 987; x_wconf 86' lang='lat' dir='ltr'>mirum:</span> <span class='ocrx_word' id='word_1_72' title='bbox 619 959 657 987; x_wconf 90' lang='lat' dir='ltr'>et</span> <span class='ocrx_word' id='word_1_73' title='bbox 674 945 756 986; x_wconf 87' lang='lat' dir='ltr'>sub-</span> 
     </span>
     <span class='ocr_line' id='line_1_14' title="bbox 100 1004 756 1057; baseline -0.005 -11"><span class='ocrx_word' id='word_1_74' title='bbox 100 1006 346 1046; x_wconf 57' lang='lat' dir='ltr'>distinctione</span> <span class='ocrx_word' id='word_1_75' title='bbox 366 1004 589 1057; x_wconf 83' lang='lat' dir='ltr'>interpofita</span> <span class='ocrx_word' id='word_1_76' title='bbox 599 1018 689 1043; x_wconf 85' lang='lat' dir='ltr'>mox</span> <span class='ocrx_word' id='word_1_77' title='bbox 699 1005 756 1043; x_wconf 87' lang='lat' dir='ltr'>in-</span> 
     </span>
     <span class='ocr_line' id='line_1_15' title="bbox 100 1059 756 1110; baseline -0.008 -7"><span class='ocrx_word' id='word_1_78' title='bbox 100 1063 251 1110; x_wconf 86' lang='lat' dir='ltr'>tulerit,</span> <span class='ocrx_word' id='word_1_79' title='bbox 279 1059 385 1101; x_wconf 80' lang='lat' dir='ltr'>dabit</span> <span class='ocrx_word' id='word_1_80' title='bbox 410 1060 495 1101; x_wconf 74' lang='lat' dir='ltr'>haec</span> <span class='ocrx_word' id='word_1_81' title='bbox 527 1060 637 1101; x_wconf 72' lang='lat' dir='ltr'><em>Thais</em></span> <span class='ocrx_word' id='word_1_82' title='bbox 665 1059 756 1100; x_wconf 84' lang='lat' dir='ltr'>mihi</span> 
     </span>
     <span class='ocr_line' id='line_1_16' title="bbox 100 1116 755 1174; baseline -0.006 -14"><span class='ocrx_word' id='word_1_83' title='bbox 100 1132 267 1174; x_wconf 81' lang='lat' dir='ltr'>magnum</span> <span class='ocrx_word' id='word_1_84' title='bbox 285 1117 428 1157; x_wconf 78' lang='lat' dir='ltr'>malum.</span> <span class='ocrx_word' id='word_1_85' title='bbox 487 1116 586 1158; x_wconf 87' lang='lat' dir='ltr'>Nam</span> <span class='ocrx_word' id='word_1_86' title='bbox 605 1119 671 1164; x_wconf 88' lang='lat' dir='ltr'>Ni,</span> <span class='ocrx_word' id='word_1_87' title='bbox 701 1131 755 1156; x_wconf 88' lang='lat' dir='ltr'>ne</span> 
     </span>
     <span class='ocr_line' id='line_1_17' title="bbox 97 1174 753 1229; baseline -0.006 -13"><span class='ocrx_word' id='word_1_88' title='bbox 97 1174 301 1229; x_wconf 82' lang='lat' dir='ltr'>fignificat:</span> <span class='ocrx_word' id='word_1_89' title='bbox 333 1186 372 1213; x_wconf 90' lang='lat' dir='ltr'>et</span> <span class='ocrx_word' id='word_1_90' title='bbox 392 1174 463 1222; x_wconf 83' lang='lat' dir='ltr'>Ne,</span> <span class='ocrx_word' id='word_1_91' title='bbox 480 1188 571 1213; x_wconf 89' lang='lat' dir='ltr'>non.</span> <span class='ocrx_word' id='word_1_92' title='bbox 605 1175 653 1213; x_wconf 89' lang='lat' dir='ltr'>Ni</span> <span class='ocrx_word' id='word_1_93' title='bbox 681 1186 753 1225; x_wconf 86' lang='lat' dir='ltr'>pro</span> 
     </span>
     <span class='ocr_line' id='line_1_18' title="bbox 101 1231 754 1283; baseline -0.005 -12"><span class='ocrx_word' id='word_1_94' title='bbox 101 1245 174 1271; x_wconf 87' lang='lat' dir='ltr'>ne:</span> <span class='ocrx_word' id='word_1_95' title='bbox 202 1231 315 1283; x_wconf 83' lang='lat' dir='ltr'>Virg.</span> <span class='ocrx_word' id='word_1_96' title='bbox 334 1231 454 1280; x_wconf 83' lang='lat' dir='ltr'>(Aen.</span> <span class='ocrx_word' id='word_1_97' title='bbox 473 1243 540 1278; x_wconf 82' lang='lat'>111,</span> <span class='ocrx_word' id='word_1_98' title='bbox 559 1232 669 1281; x_wconf 80' lang='lat'><strong>685.)</strong></span> <span class='ocrx_word' id='word_1_99' title='bbox 699 1252 754 1260; x_wconf 92' lang='lat'>—-</span> 
     </span>
     <span class='ocr_line' id='line_1_19' title="bbox 101 1285 756 1337; baseline -0.003 -12"><span class='ocrx_word' id='word_1_100' title='bbox 101 1311 157 1318; x_wconf 93' lang='lat'>—</span> <span class='ocrx_word' id='word_1_101' title='bbox 193 1286 280 1325; x_wconf 85' lang='lat' dir='ltr'>laeti</span> <span class='ocrx_word' id='word_1_102' title='bbox 306 1285 513 1336; x_wconf 64' lang='lat' dir='ltr'>diskrimine</span> <span class='ocrx_word' id='word_1_103' title='bbox 543 1296 665 1337; x_wconf 79' lang='lat' dir='ltr'>paruo</span> <span class='ocrx_word' id='word_1_104' title='bbox 699 1285 756 1323; x_wconf 86' lang='lat' dir='ltr'>Ni</span> 
     </span>
     <span class='ocr_line' id='line_1_20' title="bbox 99 1340 758 1392; baseline -0.009 -9"><span class='ocrx_word' id='word_1_105' title='bbox 99 1353 259 1383; x_wconf 80' lang='lat' dir='ltr'><em>teneant.</em></span> <span class='ocrx_word' id='word_1_106' title='bbox 317 1341 380 1380; x_wconf 85' lang='lat' dir='ltr'>Ne</span> <span class='ocrx_word' id='word_1_107' title='bbox 404 1354 473 1392; x_wconf 88' lang='lat' dir='ltr'>pro</span> <span class='ocrx_word' id='word_1_108' title='bbox 508 1354 611 1379; x_wconf 87' lang='lat' dir='ltr'>non:</span> <span class='ocrx_word' id='word_1_109' title='bbox 649 1340 758 1380; x_wconf 87' lang='lat' dir='ltr'>Plau-</span> 
     </span>
     <span class='ocr_line' id='line_1_21' title="bbox 103 1395 757 1450; baseline -0.006 -12"><span class='ocrx_word' id='word_1_110' title='bbox 103 1411 163 1438; x_wconf 89' lang='lat' dir='ltr'>tus</span> <span class='ocrx_word' id='word_1_111' title='bbox 185 1395 316 1450; x_wconf 85' lang='lat' dir='ltr'>(Epid.</span> <span class='ocrx_word' id='word_1_112' title='bbox 341 1409 399 1446; x_wconf 83' lang='lat' dir='ltr'>lv,</span> <span class='ocrx_word' id='word_1_113' title='bbox 420 1411 457 1445; x_wconf 85' lang='lat'>2,</span> <span class='ocrx_word' id='word_1_114' title='bbox 486 1400 565 1447; x_wconf 86' lang='lat'><strong>16.)</strong></span> <span class='ocrx_word' id='word_1_115' title='bbox 597 1396 659 1434; x_wconf 89' lang='lat' dir='ltr'>Ne</span> <span class='ocrx_word' id='word_1_116' title='bbox 677 1396 757 1434; x_wconf 82' lang='lat' dir='ltr'>vult</span> 
     </span>
     <span class='ocr_line' id='line_1_22' title="bbox 101 1453 758 1506; baseline -0.006 -12"><span class='ocrx_word' id='word_1_117' title='bbox 101 1455 246 1506; x_wconf 84' lang='lat' dir='ltr'>inquit,</span> <span class='ocrx_word' id='word_1_118' title='bbox 282 1466 350 1504; x_wconf 88' lang='lat' dir='ltr'>pro</span> <span class='ocrx_word' id='word_1_119' title='bbox 381 1466 463 1491; x_wconf 86' lang='lat' dir='ltr'>non</span> <span class='ocrx_word' id='word_1_120' title='bbox 488 1453 577 1491; x_wconf 86' lang='lat' dir='ltr'>vult.</span> <span class='ocrx_word' id='word_1_121' title='bbox 631 1453 758 1491; x_wconf 84' lang='lat' dir='ltr'>Nimi-</span> 
     </span>
     <span class='ocr_line' id='line_1_23' title="bbox 102 1507 758 1551; baseline -0.006 -1"><span class='ocrx_word' id='word_1_122' title='bbox 102 1525 186 1551; x_wconf 85' lang='lat' dir='ltr'>rum</span> <span class='ocrx_word' id='word_1_123' title='bbox 214 1507 317 1549; x_wconf 75' lang='lat' dir='ltr'>dabit</span> <span class='ocrx_word' id='word_1_124' title='bbox 342 1508 427 1547; x_wconf 80' lang='lat' dir='ltr'>haec</span> <span class='ocrx_word' id='word_1_125' title='bbox 445 1508 557 1548; x_wconf 86' lang='lat' dir='ltr'><em>Thais</em></span> <span class='ocrx_word' id='word_1_126' title='bbox 577 1509 668 1548; x_wconf 77' lang='lat' dir='ltr'>mihi</span> <span class='ocrx_word' id='word_1_127' title='bbox 687 1521 758 1546; x_wconf 85' lang='lat' dir='ltr'>ma-</span> 
     </span>
     <span class='ocr_line' id='line_1_24' title="bbox 101 1564 760 1622; baseline -0.006 -16"><span class='ocrx_word' id='word_1_128' title='bbox 101 1579 217 1622; x_wconf 87' lang='lat' dir='ltr'>gnum</span> <span class='ocrx_word' id='word_1_129' title='bbox 237 1565 387 1618; x_wconf 78' lang='lat' dir='ltr'><em>malum]</em></span> <span class='ocrx_word' id='word_1_130' title='bbox 418 1565 488 1603; x_wconf 90' lang='lat' dir='ltr'>His</span> <span class='ocrx_word' id='word_1_131' title='bbox 507 1564 631 1604; x_wconf 86' lang='lat' dir='ltr'>verbis</span> <span class='ocrx_word' id='word_1_132' title='bbox 649 1564 760 1603; x_wconf 85' lang='lat' dir='ltr'>intel-</span> 
     </span>
     <span class='ocr_line' id='line_1_25' title="bbox 102 1617 759 1676; baseline -0.006 -15"><span class='ocrx_word' id='word_1_133' title='bbox 102 1624 247 1676; x_wconf 81' lang='lat' dir='ltr'>ligitur,</span> <span class='ocrx_word' id='word_1_134' title='bbox 273 1618 310 1659; x_wconf 86' lang='lat' dir='ltr'>se</span> <span class='ocrx_word' id='word_1_135' title='bbox 331 1617 470 1660; x_wconf 87' lang='lat' dir='ltr'>sentire</span> <span class='ocrx_word' id='word_1_136' title='bbox 487 1619 759 1672; x_wconf 83' lang='lat' dir='ltr'>paulatimlabi</span> 
     </span>
     <span class='ocr_line' id='line_1_26' title="bbox 103 1677 758 1727; baseline -0.008 -9"><span class='ocrx_word' id='word_1_137' title='bbox 103 1680 147 1718; x_wconf 88' lang='lat' dir='ltr'>in</span> <span class='ocrx_word' id='word_1_138' title='bbox 175 1689 344 1716; x_wconf 80' lang='lat' dir='ltr'>amorem</span> <span class='ocrx_word' id='word_1_139' title='bbox 370 1677 598 1723; x_wconf 85' lang='lat' dir='ltr'>meretricis,</span> <span class='ocrx_word' id='word_1_140' title='bbox 629 1689 758 1727; x_wconf 86' lang='lat' dir='ltr'>quam-</span> 
     </span>
     <span class='ocr_line' id='line_1_27' title="bbox 104 1732 759 1778; baseline -0.005 -5"><span class='ocrx_word' id='word_1_141' title='bbox 104 1736 163 1774; x_wconf 89' lang='lat' dir='ltr'>uis</span> <span class='ocrx_word' id='word_1_142' title='bbox 182 1734 356 1778; x_wconf 86' lang='lat' dir='ltr'>inuitum,</span> <span class='ocrx_word' id='word_1_143' title='bbox 388 1743 426 1772; x_wconf 85' lang='lat' dir='ltr'>et</span> <span class='ocrx_word' id='word_1_144' title='bbox 445 1732 568 1771; x_wconf 82' lang='lat' dir='ltr'>adhuc</span> <span class='ocrx_word' id='word_1_145' title='bbox 589 1733 759 1771; x_wconf 85' lang='lat' dir='ltr'>retinen-</span> 
     </span>
     <span class='ocr_line' id='line_1_28' title="bbox 104 1792 490 1831; baseline -0.01 0"><span class='ocrx_word' id='word_1_146' title='bbox 104 1801 183 1831; x_wconf 88' lang='lat' dir='ltr'>tem</span> <span class='ocrx_word' id='word_1_147' title='bbox 205 1799 388 1827; x_wconf 79' lang='lat' dir='ltr'>mentem.</span> <span class='ocrx_word' id='word_1_148' title='bbox 442 1792 490 1829; x_wconf 92' lang='lat' dir='ltr'>D.</span> 
     </span>
    </p>

    <p class='ocr_par' dir='ltr' id='par_1_8' title="bbox 101 1843 759 2006">
     <span class='ocr_line' id='line_1_29' title="bbox 158 1843 759 1899; baseline -0.002 -15"><span class='ocrx_word' id='word_1_149' title='bbox 158 1843 280 1884; x_wconf 85' lang='lat' dir='ltr'><em>Dabit</em></span> <span class='ocrx_word' id='word_1_150' title='bbox 304 1844 389 1882; x_wconf 80' lang='lat' dir='ltr'>haec</span> <span class='ocrx_word' id='word_1_151' title='bbox 413 1845 454 1884; x_wconf 94' lang='lat' dir='ltr'>T.</span> <span class='ocrx_word' id='word_1_152' title='bbox 480 1843 571 1884; x_wconf 76' lang='lat' dir='ltr'>mihi</span> <span class='ocrx_word' id='word_1_153' title='bbox 587 1857 759 1899; x_wconf 83' lang='lat' dir='ltr'>magnum</span> 
     </span>
     <span class='ocr_line' id='line_1_30' title="bbox 102 1900 757 1954; baseline -0.008 -12"><span class='ocrx_word' id='word_1_154' title='bbox 102 1901 254 1954; x_wconf 82' lang='lat' dir='ltr'>malum]</span> <span class='ocrx_word' id='word_1_155' title='bbox 292 1900 483 1940; x_wconf 88' lang='lat' dir='ltr'>Menand.</span> <span class='ocrx_word' id='word_1_156' title='bbox 519 1900 620 1940; x_wconf 67' lang='grc' dir='ltr'>κακὼ</span> <span class='ocrx_word' id='word_1_157' title='bbox 646 1907 680 1937; x_wconf 77' lang='grc' dir='ltr'>τί</span> <span class='ocrx_word' id='word_1_158' title='bbox 706 1917 757 1946; x_wconf 81' lang='grc' dir='ltr'>μοι</span> 
     </span>
     <span class='ocr_line' id='line_1_31' title="bbox 101 1954 419 2006; baseline -0.003 -10"><span class='ocrx_word' id='word_1_159' title='bbox 101 1965 190 2006; x_wconf 75' lang='grc' dir='ltr'><em>μέγα</em></span> <span class='ocrx_word' id='word_1_160' title='bbox 216 1954 323 1995; x_wconf 72' lang='grc' dir='ltr'><em>δώσει.</em></span> <span class='ocrx_word' id='word_1_161' title='bbox 380 1959 419 1997; x_wconf 88' lang='lat' dir='ltr'>L.</span> 
     </span>
    </p>

    <p class='ocr_par' dir='ltr' id='par_1_9' title="bbox 108 2011 761 2345">
     <span class='ocr_line' id='line_1_32' title="bbox 161 2011 761 2066; baseline -0.002 -15"><span class='ocrx_word' id='word_1_162' title='bbox 161 2026 183 2066; x_wconf 89' lang='lat'><em>3</em></span> <span class='ocrx_word' id='word_1_163' title='bbox 216 2013 405 2065; x_wconf 91' lang='lat' dir='ltr'>Quinque</span> <span class='ocrx_word' id='word_1_164' title='bbox 428 2012 552 2066; x_wconf 86' lang='lat' dir='ltr'>modis</span> <span class='ocrx_word' id='word_1_165' title='bbox 573 2013 667 2051; x_wconf 88' lang='lat' dir='ltr'>ordo</span> <span class='ocrx_word' id='word_1_166' title='bbox 696 2011 761 2050; x_wconf 89' lang='lat' dir='ltr'>ho-</span> 
     </span>
     <span class='ocr_line' id='line_1_33' title="bbox 108 2069 760 2110; baseline -0.005 -1"><span class='ocrx_word' id='word_1_167' title='bbox 108 2083 194 2109; x_wconf 89' lang='lat' dir='ltr'>rum</span> <span class='ocrx_word' id='word_1_168' title='bbox 212 2069 415 2109; x_wconf 83' lang='lat' dir='ltr'>verborum</span> <span class='ocrx_word' id='word_1_169' title='bbox 442 2070 487 2110; x_wconf 89' lang='lat' dir='ltr'>in</span> <span class='ocrx_word' id='word_1_170' title='bbox 510 2069 621 2108; x_wconf 85' lang='lat' dir='ltr'><strong>codd.</strong></span> <span class='ocrx_word' id='word_1_171' title='bbox 644 2070 760 2108; x_wconf 76' lang='lat' dir='ltr'>varia-</span> 
     </span>
     <span class='ocr_line' id='line_1_34' title="bbox 110 2123 761 2174; baseline -0.003 -10"><span class='ocrx_word' id='word_1_172' title='bbox 110 2136 194 2174; x_wconf 76' lang='lat' dir='ltr'>tur-3</span> <span class='ocrx_word' id='word_1_173' title='bbox 221 2123 286 2164; x_wconf 93' lang='lat' dir='ltr'>sed</span> <span class='ocrx_word' id='word_1_174' title='bbox 313 2123 436 2164; x_wconf 85' lang='lat' dir='ltr'>sensui</span> <span class='ocrx_word' id='word_1_175' title='bbox 466 2127 615 2164; x_wconf 88' lang='lat' dir='ltr'>aurium</span> <span class='ocrx_word' id='word_1_176' title='bbox 644 2125 761 2163; x_wconf 72' lang='lat' dir='ltr'>maxi-</span> 
     </span>
     <span class='ocr_line' id='line_1_35' title="bbox 111 2177 760 2234; baseline -0.003 -14"><span class='ocrx_word' id='word_1_177' title='bbox 111 2195 176 2221; x_wconf 88' lang='lat' dir='ltr'>me</span> <span class='ocrx_word' id='word_1_178' title='bbox 204 2177 406 2230; x_wconf 83' lang='lat' dir='ltr'>c‘onuenit,</span> <span class='ocrx_word' id='word_1_179' title='bbox 438 2192 476 2220; x_wconf 85' lang='lat' dir='ltr'>et</span> <span class='ocrx_word' id='word_1_180' title='bbox 503 2182 667 2234; x_wconf 88' lang='lat' dir='ltr'>plurium</span> <span class='ocrx_word' id='word_1_181' title='bbox 699 2194 760 2218; x_wconf 89' lang='lat' dir='ltr'>au-</span> 
     </span>
     <span class='ocr_line' id='line_1_36' title="bbox 111 2236 761 2290; baseline -0.002 -14"><span class='ocrx_word' id='word_1_182' title='bbox 111 2238 280 2276; x_wconf 67' lang='lat' dir='ltr'>&amp;oritate</span> <span class='ocrx_word' id='word_1_183' title='bbox 298 2237 570 2290; x_wconf 84' lang='lat' dir='ltr'>comprobatur</span> <span class='ocrx_word' id='word_1_184' title='bbox 586 2236 668 2276; x_wconf 88' lang='lat' dir='ltr'>hic:</span> <span class='ocrx_word' id='word_1_185' title='bbox 698 2237 761 2275; x_wconf 85' lang='lat' dir='ltr'>Ita</span> 
     </span>
     <span class='ocr_line' id='line_1_37' title="bbox 113 2291 760 2345; baseline -0.002 -13"><span class='ocrx_word' id='word_1_186' title='bbox 113 2306 168 2332; x_wconf 80' lang='lat' dir='ltr'>me</span> <span class='ocrx_word' id='word_1_187' title='bbox 184 2291 232 2332; x_wconf 88' lang='lat' dir='ltr'>ab</span> <span class='ocrx_word' id='word_1_188' title='bbox 255 2306 294 2331; x_wconf 87' lang='lat' dir='ltr'>ea</span> <span class='ocrx_word' id='word_1_189' title='bbox 311 2293 423 2345; x_wconf 85' lang='lat' dir='ltr'>astute</span> <span class='ocrx_word' id='word_1_190' title='bbox 443 2294 549 2334; x_wconf 85' lang='lat' dir='ltr'>video</span> <span class='ocrx_word' id='word_1_191' title='bbox 570 2292 684 2345; x_wconf 67' lang='lat' dir='ltr'>labes:</span> <span class='ocrx_word' id='word_1_192' title='bbox 722 2296 760 2332; x_wconf 90' lang='lat' dir='ltr'>B.</span> 
     </span>
    </p>

    <p class='ocr_par' dir='ltr' id='par_1_10' title="bbox 111 2349 763 2512">
     <span class='ocr_line' id='line_1_38' title="bbox 170 2349 762 2403; baseline 0 -17"><span class='ocrx_word' id='word_1_193' title='bbox 170 2361 193 2402; x_wconf 87' lang='lat'><em>5</em></span> <span class='ocrx_word' id='word_1_194' title='bbox 226 2349 343 2402; x_wconf 79' lang='lat' dir='ltr'>Roget</span> <span class='ocrx_word' id='word_1_195' title='bbox 361 2353 459 2403; x_wconf 88' lang='lat' dir='ltr'>quis,</span> <span class='ocrx_word' id='word_1_196' title='bbox 487 2350 576 2403; x_wconf 82' lang='lat' dir='ltr'>quid</span> <span class='ocrx_word' id='word_1_197' title='bbox 599 2349 667 2389; x_wconf 75' lang='lat' dir='ltr'>tibi</span> <span class='ocrx_word' id='word_1_198' title='bbox 684 2363 762 2388; x_wconf 86' lang='lat' dir='ltr'>cum</span> 
     </span>
     <span class='ocr_line' id='line_1_39' title="bbox 114 2401 763 2458; baseline 0.002 -16"><span class='ocrx_word' id='word_1_199' title='bbox 114 2401 230 2458; x_wconf 70' lang='lat' dir='ltr'>illa2]</span> <span class='ocrx_word' id='word_1_200' title='bbox 260 2405 362 2444; x_wconf 83' lang='lat' dir='ltr'>Prius</span> <span class='ocrx_word' id='word_1_201' title='bbox 387 2407 534 2457; x_wconf 86' lang='lat' dir='ltr'>intulit,</span> <span class='ocrx_word' id='word_1_202' title='bbox 563 2419 677 2458; x_wconf 80' lang='lat' dir='ltr'>quam</span> <span class='ocrx_word' id='word_1_203' title='bbox 705 2406 763 2443; x_wconf 88' lang='lat' dir='ltr'>in-</span> 
     </span>
     <span class='ocr_line' id='line_1_40' title="bbox 111 2461 422 2512; baseline 0.006 -12"><span class='ocrx_word' id='word_1_204' title='bbox 111 2461 332 2512; x_wconf 83' lang='lat' dir='ltr'>terrogauit.</span> <span class='ocrx_word' id='word_1_205' title='bbox 386 2464 422 2502; x_wconf 94' lang='lat' dir='ltr'>D</span> 
     </span>
    </p>

    <p class='ocr_par' dir='ltr' id='par_1_11' title="bbox 112 2516 765 2625">
     <span class='ocr_line' id='line_1_41' title="bbox 173 2516 765 2572; baseline 0.003 -18"><span class='ocrx_word' id='word_1_206' title='bbox 173 2516 294 2570; x_wconf 82' lang='lat' dir='ltr'><strong><em>Roget</em></strong></span> <span class='ocrx_word' id='word_1_207' title='bbox 311 2517 409 2572; x_wconf 86' lang='lat' dir='ltr'>quis]</span> <span class='ocrx_word' id='word_1_208' title='bbox 437 2519 475 2559; x_wconf 92' lang='lat' dir='ltr'>Si</span> <span class='ocrx_word' id='word_1_209' title='bbox 492 2519 577 2569; x_wconf 92' lang='lat' dir='ltr'>quis</span> <span class='ocrx_word' id='word_1_210' title='bbox 605 2518 765 2557; x_wconf 86' lang='lat' dir='ltr'>interro·</span> 
     </span>
     <span class='ocr_line' id='line_1_42' title="bbox 112 2571 762 2625; baseline 0.011 -16"><span class='ocrx_word' id='word_1_211' title='bbox 112 2582 189 2625; x_wconf 76' lang='lat' dir='ltr'>get,</span> <span class='ocrx_word' id='word_1_212' title='bbox 217 2571 310 2624; x_wconf 84' lang='lat' dir='ltr'>quid</span> <span class='ocrx_word' id='word_1_213' title='bbox 326 2573 424 2616; x_wconf 87' lang='lat' dir='ltr'>mihi</span> <span class='ocrx_word' id='word_1_214' title='bbox 442 2587 529 2618; x_wconf 87' lang='lat' dir='ltr'>cum</span> <span class='ocrx_word' id='word_1_215' title='bbox 556 2576 762 2616; x_wconf 74' lang='lat' dir='ltr'>meretrice</span> 
     </span>
    </p>
   </div>
   <div class='ocr_carea' id='block_1_8' title="bbox 1396 752 1455 785">
    <p class='ocr_par' dir='ltr' id='par_1_12' title="bbox 1396 752 1455 785">
     <span class='ocr_line' id='line_1_43' title="bbox 1396 752 1455 785; baseline 0.017 -1"><span class='ocrx_word' id='word_1_216' title='bbox 1396 752 1455 785; x_wconf 90' lang='lat'>10</span> 
     </span>
    </p>
   </div>
   <div class='ocr_carea' id='block_1_9' title="bbox 798 833 1488 2670">
    <p class='ocr_par' dir='ltr' id='par_1_13' title="bbox 804 833 1458 933">
     <span class='ocr_line' id='line_1_44' title="bbox 804 833 1458 892; baseline 0.005 -18"><span class='ocrx_word' id='word_1_217' title='bbox 804 834 847 874; x_wconf 85' lang='lat' dir='ltr'>fit</span> <span class='ocrx_word' id='word_1_218' title='bbox 864 851 871 873; x_wconf 75' lang='grc' dir='ltr'><em>τ</em></span> <span class='ocrx_word' id='word_1_219' title='bbox 902 833 1159 888; x_wconf 84' lang='lat' dir='ltr'>respondebo,</span> <span class='ocrx_word' id='word_1_220' title='bbox 1179 850 1222 877; x_wconf 87' lang='lat' dir='ltr'>ne</span> <span class='ocrx_word' id='word_1_221' title='bbox 1239 850 1367 877; x_wconf 84' lang='lat' dir='ltr'>noram</span> <span class='ocrx_word' id='word_1_222' title='bbox 1379 839 1458 892; x_wconf 80' lang='lat' dir='ltr'>qui·</span> 
     </span>
     <span class='ocr_line' id='line_1_45' title="bbox 804 894 992 933; baseline -0.005 -1"><span class='ocrx_word' id='word_1_223' title='bbox 804 894 894 932; x_wconf 88' lang='lat' dir='ltr'>dem.</span> <span class='ocrx_word' id='word_1_224' title='bbox 949 895 992 933; x_wconf 91' lang='lat' dir='ltr'>E.</span> 
     </span>
    </p>

    <p class='ocr_par' dir='ltr' id='par_1_14' title="bbox 805 946 1458 1059">
     <span class='ocr_line' id='line_1_46' title="bbox 860 946 1458 1007; baseline 0.008 -19"><span class='ocrx_word' id='word_1_225' title='bbox 860 949 978 1003; x_wconf 84' lang='lat' dir='ltr'>Roget</span> <span class='ocrx_word' id='word_1_226' title='bbox 997 948 1100 1003; x_wconf 86' lang='lat' dir='ltr'><em>quis]</em></span> <span class='ocrx_word' id='word_1_227' title='bbox 1128 946 1199 990; x_wconf 87' lang='lat' dir='ltr'>Ms.</span> <span class='ocrx_word' id='word_1_228' title='bbox 1216 952 1258 990; x_wconf 88' lang='lat' dir='ltr'>R.</span> <span class='ocrx_word' id='word_1_229' title='bbox 1296 951 1337 991; x_wconf 86' lang='lat' dir='ltr'>Si</span> <span class='ocrx_word' id='word_1_230' title='bbox 1354 965 1458 1007; x_wconf 76' lang='lat' dir='ltr'>roget</span> 
     </span>
     <span class='ocr_line' id='line_1_47' title="bbox 805 1007 993 1059; baseline -0.005 -14"><span class='ocrx_word' id='word_1_231' title='bbox 805 1007 896 1059; x_wconf 80' lang='lat' dir='ltr'>quis.</span> <span class='ocrx_word' id='word_1_232' title='bbox 953 1009 993 1046; x_wconf 92' lang='lat' dir='ltr'>L.</span> 
     </span>
    </p>

    <p class='ocr_par' dir='ltr' id='par_1_15' title="bbox 803 1061 1462 1228">
     <span class='ocr_line' id='line_1_48' title="bbox 860 1061 1459 1114; baseline 0.007 -14"><span class='ocrx_word' id='word_1_233' title='bbox 860 1064 1008 1101; x_wconf 88' lang='lat' dir='ltr'>Omnes</span> <span class='ocrx_word' id='word_1_234' title='bbox 1027 1061 1137 1104; x_wconf 89' lang='lat' dir='ltr'><strong>codd.</strong></span> <span class='ocrx_word' id='word_1_235' title='bbox 1161 1073 1313 1112; x_wconf 86' lang='lat' dir='ltr'>praeter</span> <span class='ocrx_word' id='word_1_236' title='bbox 1327 1077 1459 1114; x_wconf 86' lang='lat' dir='ltr'>vnum,</span> 
     </span>
     <span class='ocr_line' id='line_1_49' title="bbox 803 1117 1461 1162; baseline 0 -4"><span class='ocrx_word' id='word_1_237' title='bbox 803 1120 906 1158; x_wconf 58' lang='lat' dir='ltr'>recte</span> <span class='ocrx_word' id='word_1_238' title='bbox 932 1117 1077 1157; x_wconf 89' lang='lat' dir='ltr'>habent</span> <span class='ocrx_word' id='word_1_239' title='bbox 1095 1131 1185 1157; x_wconf 35' lang='lat' dir='ltr'>fcum</span> <span class='ocrx_word' id='word_1_240' title='bbox 1211 1132 1260 1159; x_wconf 83' lang='lat' dir='ltr'>ea.</span> <span class='ocrx_word' id='word_1_241' title='bbox 1318 1120 1381 1160; x_wconf 85' lang='lat' dir='ltr'>Est</span> <span class='ocrx_word' id='word_1_242' title='bbox 1397 1125 1461 1162; x_wconf 55' lang='lat' dir='ltr'>A·</span> 
     </span>
     <span class='ocr_line' id='line_1_50' title="bbox 803 1172 1462 1228; baseline 0.003 -13"><span class='ocrx_word' id='word_1_243' title='bbox 803 1172 1159 1227; x_wconf 71' lang='lat' dir='ltr'>napaestus,absque</span> <span class='ocrx_word' id='word_1_244' title='bbox 1168 1172 1379 1228; x_wconf 89' lang='lat' dir='ltr'>synaloeph</span> <span class='ocrx_word' id='word_1_245' title='bbox 1385 1178 1462 1217; x_wconf 85' lang='lat' dir='ltr'><strong>a.13.</strong></span> 
     </span>
    </p>

    <p class='ocr_par' dir='ltr' id='par_1_16' title="bbox 804 1229 1464 1395">
     <span class='ocr_line' id='line_1_51' title="bbox 857 1229 1463 1285; baseline 0.003 -15"><span class='ocrx_word' id='word_1_246' title='bbox 857 1235 882 1275; x_wconf 93' lang='lat'><strong>6</strong></span> <span class='ocrx_word' id='word_1_247' title='bbox 921 1231 972 1270; x_wconf 84' lang='lat' dir='ltr'>Vt</span> <span class='ocrx_word' id='word_1_248' title='bbox 1005 1229 1280 1285; x_wconf 77' lang='lat' dir='ltr'>ibi-manerem]</span> <span class='ocrx_word' id='word_1_249' title='bbox 1325 1233 1463 1272; x_wconf 83' lang='lat' dir='ltr'>Mane-</span> 
     </span>
     <span class='ocr_line' id='line_1_52' title="bbox 804 1286 1464 1336; baseline 0.002 -9"><span class='ocrx_word' id='word_1_250' title='bbox 804 1302 878 1328; x_wconf 85' lang='lat' dir='ltr'>rem</span> <span class='ocrx_word' id='word_1_251' title='bbox 896 1286 1026 1335; x_wconf 85' lang='lat' dir='ltr'>modo,</span> <span class='ocrx_word' id='word_1_252' title='bbox 1053 1300 1135 1325; x_wconf 88' lang='lat' dir='ltr'>non</span> <span class='ocrx_word' id='word_1_253' title='bbox 1157 1287 1377 1336; x_wconf 85' lang='lat' dir='ltr'>dormirem,</span> <span class='ocrx_word' id='word_1_254' title='bbox 1398 1286 1464 1329; x_wconf 85' lang='lat' dir='ltr'>sed</span> 
     </span>
     <span class='ocr_line' id='line_1_53' title="bbox 806 1341 1371 1395; baseline 0.002 -13"><span class='ocrx_word' id='word_1_255' title='bbox 806 1354 1049 1382; x_wconf 88' lang='lat' dir='ltr'>remanerem</span> <span class='ocrx_word' id='word_1_256' title='bbox 1067 1341 1267 1395; x_wconf 81' lang='lat' dir='ltr'>fignificat.</span> <span class='ocrx_word' id='word_1_257' title='bbox 1321 1346 1371 1383; x_wconf 94' lang='lat' dir='ltr'>D.</span> 
     </span>
    </p>

    <p class='ocr_par' dir='ltr' id='par_1_17' title="bbox 805 1397 1466 1718">
     <span class='ocr_line' id='line_1_54' title="bbox 859 1397 1464 1454; baseline 0.003 -19"><span class='ocrx_word' id='word_1_258' title='bbox 859 1411 885 1450; x_wconf 88' lang='lat'>7</span> <span class='ocrx_word' id='word_1_259' title='bbox 914 1397 967 1436; x_wconf 86' lang='lat' dir='ltr'>Et</span> <span class='ocrx_word' id='word_1_260' title='bbox 991 1411 1066 1436; x_wconf 86' lang='lat' dir='ltr'>rem</span> <span class='ocrx_word' id='word_1_261' title='bbox 1083 1399 1223 1447; x_wconf 59' lang='lat' dir='ltr'>seriam</span> <span class='ocrx_word' id='word_1_262' title='bbox 1248 1397 1335 1437; x_wconf 82' lang='lat' dir='ltr'>velle</span> <span class='ocrx_word' id='word_1_263' title='bbox 1355 1412 1464 1454; x_wconf 63' lang='lat' dir='ltr'>(agere</span> 
     </span>
     <span class='ocr_line' id='line_1_55' title="bbox 806 1452 1466 1507; baseline -0.002 -13"><span class='ocrx_word' id='word_1_264' title='bbox 806 1454 962 1507; x_wconf 85' lang='lat' dir='ltr'>mecum]</span> <span class='ocrx_word' id='word_1_265' title='bbox 985 1454 1153 1502; x_wconf 82' lang='lat' dir='ltr'>Scilicet,</span> <span class='ocrx_word' id='word_1_266' title='bbox 1177 1467 1278 1505; x_wconf 83' lang='lat' dir='ltr'>quae</span> <span class='ocrx_word' id='word_1_267' title='bbox 1290 1467 1371 1493; x_wconf 88' lang='lat' dir='ltr'>non</span> <span class='ocrx_word' id='word_1_268' title='bbox 1383 1452 1466 1506; x_wconf 92' lang='lat' dir='ltr'>pos-</span> 
     </span>
     <span class='ocr_line' id='line_1_56' title="bbox 805 1509 1465 1563; baseline -0.002 -13"><span class='ocrx_word' id='word_1_269' title='bbox 805 1509 860 1550; x_wconf 85' lang='lat' dir='ltr'>set</span> <span class='ocrx_word' id='word_1_270' title='bbox 897 1516 1002 1549; x_wconf 77' lang='lat' dir='ltr'>nun‘c</span> <span class='ocrx_word' id='word_1_271' title='bbox 1036 1511 1117 1563; x_wconf 82' lang='lat' dir='ltr'>agi,</span> <span class='ocrx_word' id='word_1_272' title='bbox 1152 1522 1238 1549; x_wconf 87' lang='lat' dir='ltr'>cum</span> <span class='ocrx_word' id='word_1_273' title='bbox 1274 1522 1465 1562; x_wconf 85' lang='lat' dir='ltr'>operetur.</span> 
     </span>
     <span class='ocr_line' id='line_1_57' title="bbox 807 1563 1466 1619; baseline -0.003 -12"><span class='ocrx_word' id='word_1_274' title='bbox 807 1571 872 1607; x_wconf 87' lang='lat' dir='ltr'>An</span> <span class='ocrx_word' id='word_1_275' title='bbox 891 1579 973 1604; x_wconf 88' lang='lat' dir='ltr'>rem</span> <span class='ocrx_word' id='word_1_276' title='bbox 991 1563 1126 1605; x_wconf 88' lang='lat' dir='ltr'>seriam</span> <span class='ocrx_word' id='word_1_277' title='bbox 1137 1566 1259 1617; x_wconf 83' lang='lat' dir='ltr'>magis</span> <span class='ocrx_word' id='word_1_278' title='bbox 1271 1566 1466 1619; x_wconf 79' lang='lat' dir='ltr'>agendam</span> 
     </span>
     <span class='ocr_line' id='line_1_58' title="bbox 807 1620 1465 1672; baseline -0.003 -10"><span class='ocrx_word' id='word_1_279' title='bbox 807 1634 900 1662; x_wconf 83' lang='lat' dir='ltr'>tunc</span> <span class='ocrx_word' id='word_1_280' title='bbox 929 1620 1107 1672; x_wconf 76' lang='lat' dir='ltr'>putabat,</span> <span class='ocrx_word' id='word_1_281' title='bbox 1140 1634 1227 1660; x_wconf 88' lang='lat' dir='ltr'>cum</span> <span class='ocrx_word' id='word_1_282' title='bbox 1254 1634 1337 1661; x_wconf 86' lang='lat' dir='ltr'>rem</span> <span class='ocrx_word' id='word_1_283' title='bbox 1366 1622 1465 1660; x_wconf 79' lang='lat' dir='ltr'>diui-</span> 
     </span>
     <span class='ocr_line' id='line_1_59' title="bbox 807 1675 1192 1718; baseline -0.005 0"><span class='ocrx_word' id='word_1_284' title='bbox 807 1692 897 1718; x_wconf 82' lang='lat' dir='ltr'>nam</span> <span class='ocrx_word' id='word_1_285' title='bbox 914 1675 1088 1717; x_wconf 83' lang='lat' dir='ltr'>fecifl&#39;et?</span> <span class='ocrx_word' id='word_1_286' title='bbox 1143 1678 1192 1717; x_wconf 92' lang='lat' dir='ltr'>D.</span> 
     </span>
    </p>

    <p class='ocr_par' dir='ltr' id='par_1_18' title="bbox 808 1732 1464 1830">
     <span class='ocr_line' id='line_1_60' title="bbox 865 1732 1464 1787; baseline -0.002 -14"><span class='ocrx_word' id='word_1_287' title='bbox 865 1736 950 1773; x_wconf 85' lang='lat' dir='ltr'>Rem</span> <span class='ocrx_word' id='word_1_288' title='bbox 961 1734 1127 1772; x_wconf 82' lang='lat' dir='ltr'>diuinam</span> <span class='ocrx_word' id='word_1_289' title='bbox 1135 1732 1279 1787; x_wconf 77' lang='lat' dir='ltr'><em>fictffi]</em></span> <span class='ocrx_word' id='word_1_290' title='bbox 1297 1735 1384 1773; x_wconf 92' lang='lat' dir='ltr'>Hoc</span> <span class='ocrx_word' id='word_1_291' title='bbox 1397 1732 1464 1783; x_wconf 86' lang='lat' dir='ltr'>est,</span> 
     </span>
     <span class='ocr_line' id='line_1_61' title="bbox 808 1786 1283 1830; baseline -0.002 -1"><span class='ocrx_word' id='word_1_292' title='bbox 808 1788 1028 1829; x_wconf 84' lang='lat' dir='ltr'>sacrificium</span> <span class='ocrx_word' id='word_1_293' title='bbox 1045 1786 1185 1830; x_wconf 78' lang='lat' dir='ltr'>fecifl’e.</span> <span class='ocrx_word' id='word_1_294' title='bbox 1241 1792 1283 1828; x_wconf 91' lang='grc' dir='ltr'>Ε.</span> 
     </span>
    </p>

    <p class='ocr_par' dir='ltr' id='par_1_19' title="bbox 798 1843 1465 1955">
     <span class='ocr_line' id='line_1_62' title="bbox 863 1843 1465 1900; baseline 0.003 -16"><span class='ocrx_word' id='word_1_295' title='bbox 863 1846 952 1885; x_wconf 90' lang='lat' dir='ltr'>Rem</span> <span class='ocrx_word' id='word_1_296' title='bbox 970 1845 1132 1885; x_wconf 72' lang='lat' dir='ltr'>dluiuam</span> <span class='ocrx_word' id='word_1_297' title='bbox 1148 1844 1292 1900; x_wconf 77' lang='lat' dir='ltr'>ficiffi’]</span> <span class='ocrx_word' id='word_1_298' title='bbox 1325 1843 1397 1885; x_wconf 88' lang='lat' dir='ltr'>Ms.</span> <span class='ocrx_word' id='word_1_299' title='bbox 1422 1849 1465 1886; x_wconf 89' lang='lat' dir='ltr'>R.</span> 
     </span>
     <span class='ocr_line' id='line_1_63' title="bbox 798 1901 1419 1955; baseline -0.002 -14"><span class='ocrx_word' id='word_1_300' title='bbox 798 1902 922 1955; x_wconf 73' lang='lat' dir='ltr'>ficzffe</span> <span class='ocrx_word' id='word_1_301' title='bbox 938 1901 993 1952; x_wconf 78' lang='lat' dir='ltr'>fi‘.</span> <span class='ocrx_word' id='word_1_302' title='bbox 1050 1903 1096 1940; x_wconf 89' lang='lat' dir='ltr'>L.</span> <span class='ocrx_word' id='word_1_303' title='bbox 1398 1901 1419 1923; x_wconf 59' lang='grc' dir='ltr'><em>Ψ</em></span> 
     </span>
    </p>

    <p class='ocr_par' dir='ltr' id='par_1_20' title="bbox 801 1955 1488 2405">
     <span class='ocr_line' id='line_1_64' title="bbox 867 1955 1467 2012; baseline 0 -14"><span class='ocrx_word' id='word_1_304' title='bbox 867 1967 888 2008; x_wconf 83' lang='lat'>8</span> <span class='ocrx_word' id='word_1_305' title='bbox 920 1959 1010 1998; x_wconf 88' lang='lat' dir='ltr'>Rem</span> <span class='ocrx_word' id='word_1_306' title='bbox 1022 1955 1389 2012; x_wconf 79' lang='lat' dir='ltr'>seriamvelleagere]</span> <span class='ocrx_word' id='word_1_307' title='bbox 1420 1960 1467 1998; x_wconf 92' lang='lat' dir='ltr'>Et</span> 
     </span>
     <span class='ocr_line' id='line_1_65' title="bbox 809 2011 1470 2066; baseline -0.002 -13"><span class='ocrx_word' id='word_1_308' title='bbox 809 2028 898 2053; x_wconf 89' lang='lat' dir='ltr'>cum</span> <span class='ocrx_word' id='word_1_309' title='bbox 932 2028 1015 2053; x_wconf 86' lang='lat' dir='ltr'>rem</span> <span class='ocrx_word' id='word_1_310' title='bbox 1045 2011 1293 2053; x_wconf 80' lang='lat' dir='ltr'>necessariam</span> <span class='ocrx_word' id='word_1_311' title='bbox 1320 2024 1358 2052; x_wconf 88' lang='lat' dir='ltr'>et</span> <span class='ocrx_word' id='word_1_312' title='bbox 1387 2027 1470 2066; x_wconf 83' lang='lat' dir='ltr'>gra-</span> 
     </span>
     <span class='ocr_line' id='line_1_66' title="bbox 809 2069 1488 2122; baseline 0.001 -13"><span class='ocrx_word' id='word_1_313' title='bbox 809 2084 899 2109; x_wconf 88' lang='lat' dir='ltr'>uem</span> <span class='ocrx_word' id='word_1_314' title='bbox 917 2083 1073 2110; x_wconf 89' lang='lat' dir='ltr'>mecum</span> <span class='ocrx_word' id='word_1_315' title='bbox 1091 2071 1199 2120; x_wconf 90' lang='lat' dir='ltr'>loqui</span> <span class='ocrx_word' id='word_1_316' title='bbox 1209 2069 1388 2122; x_wconf 83' lang='lat' dir='ltr'>fingeret,</span> <span class='ocrx_word' id='word_1_317' title='bbox 1402 2069 1467 2108; x_wconf 87' lang='lat' dir='ltr'>vbi</span> <span class='ocrx_word' id='word_1_318' title='bbox 1481 2108 1488 2111; x_wconf 21' lang='grc' dir='ltr'><em>Δ</em></span> 
     </span>
     <span class='ocr_line' id='line_1_67' title="bbox 809 2124 1468 2178; baseline -0.003 -12"><span class='ocrx_word' id='word_1_319' title='bbox 809 2128 930 2166; x_wconf 83' lang='lat' dir='ltr'>oratio</span> <span class='ocrx_word' id='word_1_320' title='bbox 957 2124 1103 2174; x_wconf 79' lang='lat' dir='ltr'>deficit,</span> <span class='ocrx_word' id='word_1_321' title='bbox 1141 2136 1198 2173; x_wconf 87' lang='lat' dir='ltr'>et,</span> <span class='ocrx_word' id='word_1_322' title='bbox 1231 2126 1335 2176; x_wconf 88' lang='lat' dir='ltr'>quod</span> <span class='ocrx_word' id='word_1_323' title='bbox 1365 2136 1468 2178; x_wconf 87' lang='lat' dir='ltr'>agat,</span> 
     </span>
     <span class='ocr_line' id='line_1_68' title="bbox 809 2178 1468 2235; baseline -0.003 -14"><span class='ocrx_word' id='word_1_324' title='bbox 809 2197 891 2222; x_wconf 92' lang='lat' dir='ltr'>non</span> <span class='ocrx_word' id='word_1_325' title='bbox 909 2181 1078 2229; x_wconf 81' lang='lat' dir='ltr'>haberet,</span> <span class='ocrx_word' id='word_1_326' title='bbox 1112 2180 1182 2220; x_wconf 86' lang='lat' dir='ltr'>huc</span> <span class='ocrx_word' id='word_1_327' title='bbox 1205 2182 1333 2235; x_wconf 70' lang='lat' dir='ltr'>euqfi&#39;t]</span> <span class='ocrx_word' id='word_1_328' title='bbox 1363 2178 1468 2220; x_wconf 81' lang='lat' dir='ltr'>eous-</span> 
     </span>
     <span class='ocr_line' id='line_1_69' title="bbox 813 2235 1474 2290; baseline -0.003 -13"><span class='ocrx_word' id='word_1_329' title='bbox 813 2251 891 2290; x_wconf 89' lang='lat' dir='ltr'>que</span> <span class='ocrx_word' id='word_1_330' title='bbox 922 2235 1146 2277; x_wconf 83' lang='lat' dir='ltr'>conscendit</span> <span class='ocrx_word' id='word_1_331' title='bbox 1169 2247 1210 2276; x_wconf 88' lang='lat' dir='ltr'>et</span> <span class='ocrx_word' id='word_1_332' title='bbox 1241 2238 1372 2276; x_wconf 86' lang='lat' dir='ltr'>exiuit.</span> <span class='ocrx_word' id='word_1_333' title='bbox 1412 2236 1474 2278; x_wconf 81' lang='lat' dir='ltr'>Vt&#39;</span> 
     </span>
     <span class='ocr_line' id='line_1_70' title="bbox 811 2293 1469 2348; baseline -0.006 -13"><span class='ocrx_word' id='word_1_334' title='bbox 811 2298 926 2347; x_wconf 87' lang='lat' dir='ltr'>(Aen.</span> <span class='ocrx_word' id='word_1_335' title='bbox 946 2306 992 2341; x_wconf 82' lang='lat'>11,</span> <span class='ocrx_word' id='word_1_336' title='bbox 1013 2294 1152 2348; x_wconf 81' lang='lat'><strong>458.)‚</strong></span> <span class='ocrx_word' id='word_1_337' title='bbox 1185 2293 1469 2343; x_wconf 77' lang='lat' dir='ltr'>Euadoficmmi</span> 
     </span>
     <span class='ocr_line' id='line_1_71' title="bbox 801 2350 1383 2405; baseline -0.002 -16"><span class='ocrx_word' id='word_1_338' title='bbox 801 2350 961 2405; x_wconf 79' lang='lat' dir='ltr'>fhstigia</span> <span class='ocrx_word' id='word_1_339' title='bbox 983 2350 1158 2388; x_wconf 85' lang='lat' dir='ltr'>culminis.</span> <span class='ocrx_word' id='word_1_340' title='bbox 1212 2353 1254 2390; x_wconf 92' lang='lat' dir='ltr'>E.</span> <span class='ocrx_word' id='word_1_341' title='bbox 1381 2398 1383 2405; x_wconf 40' lang='grc' dir='ltr'>Ι</span> 
     </span>
    </p>

    <p class='ocr_par' dir='ltr' id='par_1_21' title="bbox 813 2404 1471 2516">
     <span class='ocr_line' id='line_1_72' title="bbox 868 2404 1471 2457; baseline -0.003 -11"><span class='ocrx_word' id='word_1_342' title='bbox 868 2404 1005 2447; x_wconf 87' lang='lat' dir='ltr'>Versus</span> <span class='ocrx_word' id='word_1_343' title='bbox 1037 2405 1200 2457; x_wconf 83' lang='lat' dir='ltr'>postulat</span> <span class='ocrx_word' id='word_1_344' title='bbox 1236 2405 1340 2444; x_wconf 84' lang='lat' dir='ltr'>hunc</span> <span class='ocrx_word' id='word_1_345' title='bbox 1372 2405 1471 2445; x_wconf 87' lang='lat' dir='ltr'>ordi-</span> 
     </span>
     <span class='ocr_line' id='line_1_73' title="bbox 813 2461 1425 2516; baseline 0 -15"><span class='ocrx_word' id='word_1_346' title='bbox 813 2475 918 2512; x_wconf 89' lang='lat' dir='ltr'>nem,</span> <span class='ocrx_word' id='word_1_347' title='bbox 939 2462 1015 2500; x_wconf 82' lang='lat' dir='ltr'>Iam</span> <span class='ocrx_word' id='word_1_348' title='bbox 1034 2476 1116 2501; x_wconf 79' lang='lat' dir='ltr'>erut</span> <span class='ocrx_word' id='word_1_349' title='bbox 1139 2461 1329 2516; x_wconf 75' lang='lat' dir='ltr'>zumfitsp.</span> <span class='ocrx_word' id='word_1_350' title='bbox 1387 2464 1425 2501; x_wconf 93' lang='grc' dir='ltr'>Β.</span> 
     </span>
    </p>

    <p class='ocr_par' dir='ltr' id='par_1_22' title="bbox 809 2516 1470 2631">
     <span class='ocr_line' id='line_1_74' title="bbox 868 2516 1469 2571; baseline -0.005 -13"><span class='ocrx_word' id='word_1_351' title='bbox 868 2531 894 2571; x_wconf 89' lang='grc'>9</span> <span class='ocrx_word' id='word_1_352' title='bbox 932 2518 1031 2558; x_wconf 86' lang='lat' dir='ltr'>Dolo</span> <span class='ocrx_word' id='word_1_353' title='bbox 1060 2519 1155 2557; x_wconf 76' lang='lat' dir='ltr'>malo</span> <span class='ocrx_word' id='word_1_354' title='bbox 1191 2518 1276 2558; x_wconf 78' lang='lat' dir='ltr'>haec</span> <span class='ocrx_word' id='word_1_355' title='bbox 1309 2516 1397 2569; x_wconf 79' lang='lat' dir='ltr'>fieri</span> <span class='ocrx_word' id='word_1_356' title='bbox 1435 2532 1469 2555; x_wconf 91' lang='lat' dir='ltr'>o-</span> 
     </span>
     <span class='ocr_line' id='line_1_75' title="bbox 809 2574 1470 2631; baseline -0.009 -13"><span class='ocrx_word' id='word_1_357' title='bbox 809 2575 932 2631; x_wconf 78' lang='lat' dir='ltr'>mnia]</span> <span class='ocrx_word' id='word_1_358' title='bbox 969 2575 1091 2619; x_wconf 81' lang='lat' dir='ltr'><em>Dolus</em></span> <span class='ocrx_word' id='word_1_359' title='bbox 1125 2589 1146 2614; x_wconf 81' lang='lat' dir='ltr'>a</span> <span class='ocrx_word' id='word_1_360' title='bbox 1182 2574 1377 2616; x_wconf 83' lang='lat' dir='ltr'>laedendo</span> <span class='ocrx_word' id='word_1_361' title='bbox 1411 2574 1470 2612; x_wconf 86' lang='lat' dir='ltr'>di-</span> 
     </span>
    </p>

    <p class='ocr_par' dir='ltr' id='par_1_23' title="bbox 1378 2631 1466 2670">
     <span class='ocr_line' id='line_1_76' title="bbox 1378 2631 1466 2670; baseline -0.011 0"><span class='ocrx_word' id='word_1_362' title='bbox 1378 2631 1466 2670; x_wconf 45' lang='lat' dir='ltr'>ctus.</span> 
     </span>
    </p>
   </div>
  </div>
 </body>
</html>
