1815 3168
235 86 334 134 700

617 67 778 112 ACT.
812 68 870 110 V.
913 64 1106 111 SCEN.
1139 67 1206 111 111.

303 216 329 261 ς
369 195 519 247 Volui,
543 196 651 256 quin
675 204 723 240 tu
743 195 789 240 in
815 210 862 239 ea
883 210 930 240 re
952 193 1204 240 mihifueris
1227 192 1500 247 aduorsatrix,
1524 197 1601 242 So-

455 269 629 334 ¹strata?

369 352 432 394 At
450 345 479 393 fi
505 348 689 407 rogitem
713 348 811 398 iam,
836 343 941 408 quid
955 342 1144 407 estquod
1157 360 1348 408 peccem,
1368 355 1442 391 aut
1454 362 1602 409 quam·

472 422 626 469 obrem
656 423 740 468 hoc
761 421 926 472 faciam,
956 420 1136 466 nescias:

369 502 423 547 In
447 515 531 562 qua
556 515 602 544 re
626 514 742 544 nunc
763 508 852 543 tam
871 493 1140 542 confidenter
1164 493 1306 548 restas,
1328 492 1482 542 stulta?
1506 494 1602 544 So.

472 592 555 636 ego
579 573 750 619 nescio?

369 646 476 698 CH.
514 655 658 696 Immo
680 649 769 702 scis,
790 649 937 713 potius
959 663 1088 711 quam
1104 646 1282 710 quidem
1300 647 1448 694 redeat
1467 647 1520 694 ad
1539 649 1605 695 in-

473 737 647 786 tegrum
670 725 775 770 haec
798 723 947 770 eadem
971 725 1124 770 oratio.

370 798 462 848 So,
502 804 601 853 Oh,
637 803 811 864 iniquos
846 816 916 852 es,

470 875 677 942 postules.

949 801 1026 862 qui
1060 814 1131 844 me
1167 808 1307 845 tacere
1333 798 1386 845 de
1415 814 1464 846 re
1487 808 1605 844 tanta

280 972 338 1005 10
373 950 483 999 CH.
530 956 639 998 Non
673 948 871 1014 postulo:
921 952 1008 995 iam
1038 948 1240 1012 loquere:
1280 950 1421 997 nihilo
1457 951 1604 996 minus

472 1044 556 1088 ego
580 1027 665 1072 hoc
689 1025 841 1072 faciam
862 1036 1026 1071 tamen.

372 1101 464 1152 So,
497 1103 675 1149 Facies?
712 1099 822 1148 CH.
856 1116 1027 1147 verum.
1062 1095 1159 1148 So,
1194 1116 1287 1145 non
1323 1098 1444 1146 vides
1476 1116 1610 1163 quan-

472 1189 569 1224 tum
589 1177 691 1223 mali
709 1193 759 1222 ex
779 1193 827 1222 ea
848 1193 896 1222 re
921 1171 1112 1226 excites?

373 1253 610 1304 Subditum
641 1252 681 1299 se
713 1252 959 1316 suspicatur.
996 1246 1103 1297 CH.
1140 1249 1388 1301 subditum!
1423 1245 1508 1296 ain’
1527 1250 1611 1296 tu?

473 1327 568 1376 So.
604 1339 720 1375 certe
740 1330 934 1392 inquam,
958 1328 1019 1372 mi
1042 1328 1124 1374 vir.

298 1515 324 1556 6
354 1509 465 1567 ond
487 1509 646 1563 peccem]
676 1509 796 1547 Notat
821 1520 904 1546 mu-

240 1571 379 1610 lierum
398 1566 698 1618 imprudentiam
719 1575 756 1603 et
782 1565 904 1614 impe-

240 1627 382 1675 ritiam,
403 1636 513 1675 quae¹
526 1633 562 1661 vt
572 1622 780 1674 plurimum
791 1622 903 1672 igno·

242 1691 329 1722 rant
380 1693 480 1732 quae
522 1692 641 1730 praua
688 1686 754 1715 aut
804 1676 905 1715 recia

242 1738 345 1778 sunt.
399 1738 445 1776 C.

302 1797 355 1833 At
366 1791 408 1844 fi
420 1791 596 1846 rogitem]
629 1791 758 1840 Quam
776 1787 908 1826 stultus

245 1849 384 1901 (stulta
409 1850 466 1893 Z.)
497 1847 539 1885 fis
559 1844 742 1898 perspice.
797 1844 907 1894 Quid

244 1906 382 1947 faciam
403 1904 520 1950 vides,
540 1916 607 1941 cur
625 1901 763 1941 faciam
776 1897 905 1949 nescis,

246 1963 350 2003 vnde
367 1960 479 1998 stulte
498 1957 642 1999 refistis.
699 1960 741 1996 E.

301 2022 408 2070 Lege
420 2018 453 2054 A
459 2029 475 2054 t
478 2014 520 2067 st
521 2018 596 2053 iam
607 2014 776 2068 rbgitem.
796 2016 908 2052 Prae·

246 2086 353 2114 terea
384 2073 477 2111 tolle
505 2071 662 2122 plenam
699 2068 907 2107 distinetio-

248 2145 340 2171 nem
362 2128 444 2181 post
466 2127 647 2179 Nescius:
673 2136 714 2163 et
734 2125 817 2163 noli
830 2122 907 2175 seq.

245 2185 394 2226 versum
443 2197 514 2236 per
559 2181 907 2234 interrogationem

248 2242 402 2283 efferre.
457 2239 618 2280 Deinde
646 2250 715 2290 pro
743 2237 826 2276 Hoc
859 2248 908 2275 ex

247 2298 383 2339 nostris
418 2308 572 2347 repone
594 2295 662 2340 Id,
692 2293 731 2340 h.
750 2306 786 2333 e.
807 2292 909 2332 mihi

248 2358 290 2395 in
309 2354 378 2393 hac
399 2365 441 2391 re
457 2349 679 2391 aduerseris.
738 2352 779 2392 Β.

305 2423 333 2463 7
378 2411 469 2449 Tam
508 2402 746 2458 confidenter]
793 2405 910 2446 Reae

252 2466 489 2518 confidenter.
547 2466 647 2503 Nam
689 2459 912 2512 confidentia

250 2523 402 2575 saepius
421 2522 461 2559 in
480 2520 640 2559 malam:
675 2518 828 2559 Fiducia
851 2531 913 2558 ve-

252 2595 295 2620 ro
323 2582 362 2617 in
381 2577 526 2615 bonam
547 2586 693 2627 partem
717 2575 913 2626 accipitur.

252 2636 373 2686 Alibi,
391 2635 423 2674 Ο
435 2635 619 2689 ingentem
632 2629 886 2683 confidentiam
895 2632 914 2670 !

1501 1397 1611 1448 Cn.
1662 1381 1665 1383 .

955 1505 1111 1560 Nefiio]
1142 1506 1203 1547 Sic
1223 1506 1333 1560 lege,
1361 1516 1400 1546 vt
1418 1506 1614 1560 intelligas

953 1563 1200 1602 contrarium.
1259 1565 1305 1604 C.

1007 1619 1243 1670 Confidenter
1260 1617 1388 1672 restas]
1419 1619 1536 1658 Plaut.
1550 1617 1616 1658 Et-

954 1678 1028 1715 iam
1040 1689 1131 1713 nunc
1150 1674 1268 1726 rastas,
1287 1675 1486 1727 carnifex?
1517 1678 1559 1715 L.

1011 1738 1032 1779 8
1074 1733 1174 1770 Haec
1215 1732 1340 1770 eadem
1381 1733 1523 1785 oratio]
1567 1734 1614 1771 In

956 1790 1050 1840 Reg.
1072 1788 1239 1839 exempl.
1258 1787 1299 1826 τδ
1320 1787 1405 1826 haec
1426 1787 1540 1826 deest,
1570 1790 1613 1827 L.

1013 1844 1114 1882 Haec
1138 1845 1179 1882 in
1200 1843 1309 1882 nullo
1328 1857 1378 1882 ex
1398 1842 1532 1882 nostris
1546 1843 1614 1883 est.

957 1903 1132 1951 Repone,
1148 1900 1261 1938 Immo
1269 1899 1348 1949 sitis
1355 1902 1493 1951 potius.
1504 1912 1615 1952 quam
1633 1912 1636 1917 ·

955 1956 1097 2008 quidem
1118 1957 1213 1995 redit
1235 1957 1284 1994 ad
1299 1959 1481 2008 integrum
1492 1955 1616 1994 eadem

957 2014 1095 2050 oratio.
1149 2012 1252 2052 Scias
1271 2026 1321 2050 an
1341 2009 1504 2060 nescias,
1533 2026 1617 2063 per·

958 2068 1053 2106 inde
1081 2067 1142 2107 est.
1198 2067 1260 2107 Ad
1288 2069 1487 2120 integrum
1516 2067 1617 2106 redit

958 2124 1098 2163 eadem
1119 2125 1240 2162 oratio
1253 2137 1263 2169 3
1285 2123 1362 2162 fiue
1378 2122 1472 2163 scire
1489 2135 1528 2164 te
1539 2122 1615 2162 hoc

958 2179 1097 2226 dicam,
1129 2179 1209 2219 siue
1232 2177 1391 2218 nescire.
1418 2222 1421 2223 ⁷
1450 2182 1536 2219 Vua
1555 2192 1617 2218 ea·

956 2236 1130 2287 demque
1160 2237 1282 2275 oratio
1318 2236 1372 2275 est
1400 2236 1443 2275 in
1470 2249 1512 2275 re
1540 2246 1615 2284 tua,

955 2293 1052 2334 Scire
1070 2301 1111 2331 et
1132 2292 1294 2342 Nefiire.
1349 2296 1391 2333 13.

1009 2360 1037 2401 9
1067 2348 1127 2386 De
1157 2364 1196 2387 re
1223 2348 1349 2402 tanta]
1391 2348 1546 2389 Scilicet
1572 2349 1615 2387 in

959 2405 1134 2458 periculo
1153 2403 1231 2444 filii.
1289 2406 1337 2445 C.

1017 2460 1112 2501 Illud
1139 2461 1186 2500 oh
1213 2460 1467 2513 praecedenti
1493 2458 1617 2500 versui

961 2530 1128 2571 appone.
1184 2521 1226 2558 B.

1023 2586 1072 2616 12
1111 2571 1305 2614 Subditum
1337 2572 1410 2629 fi’]
1461 2574 1504 2614 Id
1551 2572 1615 2623 est,

1527 2629 1620 2685 sap-
