1815 3168
296 134 299 137 ,
335 80 432 142 656

717 76 980 145 ACT.1V.
1023 75 1216 121 SCEN.
1252 77 1327 123 Ιν.

472 201 573 253 CL.
613 205 720 251 Satis
743 203 841 250 scite
860 205 1081 268 promittit
1103 201 1198 250 tibi.
1231 199 1325 253 ΞΥ.
1365 205 1485 268 atqui
1516 213 1566 252 tu
1597 203 1711 253 hanc

571 282 703 326 iocari
736 279 874 327 credis
889 282 911 325 ’Β

423 375 426 378 ·
474 358 622 404 Faciet
641 353 717 402 nisi
743 372 891 402 cauco.
927 352 1076 401 ΒΑΕ.
1117 352 1370 402 dormiunt:
1411 371 1495 416 ego
1517 354 1710 420 polistos

573 430 880 479 commonebo.

473 511 578 555 Mea
602 508 804 570 Phrygia,
828 503 993 558 audisti,
1016 503 1151 552 modo
1172 502 1395 558 istehomo
1416 522 1548 570 quam
1565 506 1713 554 villam

574 582 886 629 demonstrauit

305 687 309 692 ·
376 675 442 712 ἰο
478 659 690 707 Charini?
728 657 826 707 ΡΗ.
870 656 1033 703 audiui.
1065 654 1187 703 ΒΑΕ.
1214 673 1477 720 proxumam
1498 654 1580 704 effe
1604 657 1710 705 huic

573 733 714 782 fundo
737 733 790 780 ad
812 732 1035 780 dextram?
1075 731 1174 781 PH.
1212 733 1411 780 memini.

337 911 434 940 nem
455 908 576 936 vanus
597 906 636 933 et
655 894 839 938 mendax,
859 906 907 931 ex
919 905 1013 945 quo'

337 955 386 996 ab
414 954 481 993 illo
508 951 744 991 verberetur.
803 950 918 997 Mihi]
950 952 997 988 In

336 1024 466 1051 meam
488 1009 688 1047 vltiouem.
750 1005 999 1058 virg-(Aen.

336 1080 365 1116 1,
391 1067 506 1119 136.)
547 1062 634 1115 Post
664 1061 760 1100 mihi
789 1075 863 1100 non
883 1059 999 1111 fi'mili

331 1133 453 1178 poena
477 1117 657 1171 commiffiz
683 1117 802 1157 luetis.
860 1117 1001 1156 Poenas

329 1179 482 1233 pendet]
503 1173 712 1218 Persoluet.
756 1174 865 1228 Virg.
878 1175 998 1226 (Aen.

337 1249 408 1283 vr,
438 1235 527 1285 20.)
573 1245 653 1271 tum
676 1231 838 1284 pendere
863 1241 1002 1283 poenas

339 1290 560 1342 Cecropidae
575 1285 668 1341 iuffi.
728 1286 772 1327 C.

393 1348 513 1401 Terga
529 1343 679 1398 poenas]
718 1344 850 1397 Tergo,
874 1341 913 1382 id
934 1341 999 1392 est,

336 1401 462 1444 dorso.
519 1400 721 1452 Siquidem
749 1410 895 1455 tergum
925 1409 1000 1439 ter-

333 1463 377 1517 gi
416 1456 590 1498 dorsum:
632 1458 777 1511 Tergus
802 1469 894 1495 vero
924 1468 1000 1496 ‘ter-

332 1519 452 1574 goris,
477 1515 622 1553 corium
640 1513 789 1552 dicitur.
844 1515 887 1552 E.

390 1585 419 1626 7
451 1573 552 1612 Satis
565 1570 680 1621 stite]
712 1572 798 1609 Hoc
816 1580 903 1607 cum
925 1565 1000 1607 risu

335 1627 696 1683 pronunciandum.
758 1624 875 1679 Scite]
913 1625 1000 1665 Pul-

335 1686 432 1726 chre.
469 1688 535 1724 ‘In
554 1682 726 1729 Andria,
754 1683 875 1722 Scitus
889 1694 996 1734 puer.

333 1739 553 1787 Promittit]
584 1739 760 1787 Scilicet,
790 1751 1009 1778 venturams

333 1800 446 1840 Hanc
468 1797 582 1835 credis
593 1796 639 1849 Y]
670 1795 789 1841 Hanc,
801 1795 896 1833 etad
909 1807 1000 1833 con-

333 1865 500 1895 temtum
522 1863 562 1891 et
576 1851 623 1890 ad
639 1851 771 1889 odium
784 1851 891 1889 dixit.
922 1854 1000 1890 Ha-

330 1912 429 1951 bent
440 1910 546 1949 enim
559 1907 624 1946 ista
635 1907 1000 1959 pronominaquan-

331 1968 423 2007 dam
448 1963 656 2017 emphasin.
716 1963 764 2004 C.
978 1988 982 1992 -

386 2024 487 2063 Satis
507 2021 606 2072 scite
622 2019 831 2071 promittit]
862 2017 905 2057 Id
927 2017 994 2066 est,

331 2079 445 2120 valde
480 2079 684 2131 eleganter
716 2072 894 2127 promifl'a
927 2074 998 2114 tibi

331 2136 463 2182 dabit3
502 2148 571 2186 per
597 2132 749 2184 vtrique
776 2144 845 2182 per
884 2160 892 2170 .
933 2161 942 2170 .
982 2161 993 2171 .

329 2184 428 2246 (Pe‘r
446 2191 561 2240 risitm
582 2189 622 2228 id
635 2189 906 2241 pronunciari,
929 2200 999 2241 per

319 2248 368 2301 fi·
397 2250 458 2300 Z.)
489 2246 736 2298 intelligitur,
776 2247 837 2290 ‚E.
896 2285 903 2291 ,

370 2312 408 2354 ·8
441 2300 666 2348 Dormiunt]
700 2299 816 2341 Otiosi
842 2299 931 2339 sunt
958 2309 998 2339 et

332 2362 597 2413 negligentes.
655 2356 729 2397 Pol
747 2355 831 2408 zstos
842 2370 998 2399 commo-

331 2416 440 2468 mbo]
473 2420 581 2456 Bene
603 2413 698 2468 istos,
716 2412 817 2464 quasi
831 2410 997 2465 odiosos,

330 2477 379 2515 In
410 2471 620 2520 Eunucho,
657 2471 748 2510 Cum
770 2469 892 2519 milite
916 2469 1006 2524 ssa.⁴

266 2547 270 2549 ·
330 2531 443 2581 Virg.
469 2531 592 2577 (Aen.
612 2540 677 2571 IX,
705 2528 794 2580 94.)
821 2538 885 2565 aut
903 2527 998 2578 quid

272 2617 275 2620 ,
325 2588 426 2642 petis
453 2583 561 2638 ssis?
587 2583 833 2625 Haec-,enim
850 2594 994 2635 prono-
1043 2593 1261 2624 memorem
1305 2585 1580 2634 meretricem,

1538 811 1715 855 «Bac.

1048 894 1157 933 mina
1185 889 1401 944 spernentis
1428 889 1536 942 sunt,
1566 893 1714 934 odium-

1051 963 1128 1000 que
1147 949 1407 988 monstrantis.
1467 952 1514 991 C.

1105 1005 1333 1044 Dormiunt:
1354 1006 1509 1098 eg}pol]
1538 1006 1633 1046 Vult
1647 1020 1713 1047 ex-

1051 1060 1168 1100 citare
1196 1073 1281 1107 eOS,
1316 1062 1382 1111 qui
1420 1061 1475 1100 ibi
1503 1065 1712 1114 pecuniam

1051 1113 1318 1167 promiserunt,
1338 1129 1412 1154 nec
1423 1117 1633 1158 dederunt:
1655 1119 1711 1159 vti

1050 1172 1174 1226 fingat
1199 1170 1238 1211 se
1269 1183 1471 1212 euocatam
1497 1172 1575 1214 effe
1594 1190 1615 1214 a
1636 1189 1712 1215 ne-

1051 1227 1126 1268 scio
1157 1242 1254 1280 quo,
1296 1237 1336 1267 et
1370 1230 1472 1269 velle
1499 1229 1710 1273 discedere.

1050 1289 1206 1336 Itaque,
1249 1283 1522 1326 consentiente
1553 1288 1706 1338 ancilla,

1051 1340 1167 1395 fingit
1185 1338 1439 1387 mendacium.
1497 1346 1540 1384 E.

1105 1411 1131 1451 9
1171 1398 1263 1450 Mea
1303 1397 1484 1453 Phrygia]
1527 1401 1614 1440 Hoc
1655 1399 1710 1441 est

1051 1455 1252 1506 proprium
1267 1456 1500 1503 meretricis,
1530 1457 1627 1495 vltro
1648 1470 1713 1496 ex-

1052 1511 1211 1550 cludere
1234 1522 1441 1561 amantem,
1465 1522 1505 1551 et
1523 1513 1639 1553 alium
1656 1527 1715 1553 re-

1052 1568 1205 1620 cipere,
1219 1567 1281 1605 vel
1299 1564 1338 1607 se
1356 1568 1404 1607 ad
1423 1569 1542 1608 alium
1561 1569 1713 1610 confer-

1052 1638 1106 1664 re.
1162 1621 1351 1676 Phrygia]
1382 1628 1539 1664 Nomen
1556 1628 1715 1680 aregio·

1050 1693 1114 1729 ne,
1134 1679 1235 1719 ficuti
1253 1680 1332 1731 Les
1327 1679 1399 1727 hia,
1410 1682 1564 1732 Andria,
1574 1685 1711 1724 Samia.

1049 1736 1173 1791 Qum
1191 1735 1334 1791 villam]
1368 1736 1474 1785 Villa,
1503 1738 1640 1779 domus
1664 1741 1709 1781 in

1049 1794 1171 1846 agris,
1200 1806 1276 1844 quo
1302 1793 1429 1833 rustici
1455 1807 1517 1835 res
1546 1795 1708 1846 vehunt,

1050 1852 1088 1889 et
1110 1848 1296 1897 euehunt.
1351 1851 1460 1903 Virg.
1479 1852 1711 1905 (Ecl.1,83.)

1047 1905 1196 1944 Etiam
1214 1904 1363 1959 fiunma
1388 1906 1522 1959 procul
1536 1907 1711 1949 villarum

1050 1962 1204 2009 culmina
1221 1961 1390 2013 fumant.
1447 1966 1586 2003 Vterer
1616 1967 1710 2005 Var-

1048 2019 1153 2056 ronis
1179 2017 1401 2058 testimonio
1429 2031 1478 2058 ex
1502 2022 1628 2072 primo
1657 2022 1710 2062 de

1048 2077 1104 2115 Re
1134 2073 1282 2115 Rustica
1301 2076 1356 2126 (1,
1387 2088 1424 2116 2.
1460 2077 1605 2116 Villicus
1620 2079 1709 2133 agri

1050 2130 1190 2170 colendi
1216 2131 1320 2183 cazfiz
1354 2133 1571 2186 constitutus
1595 2148 1707 2188 atque

1047 2186 1249 2240 appellatus
1265 2202 1287 2227 a
1305 2190 1402 2238 villa,
1423 2191 1524 2241 quod
1542 2189 1587 2228 ab
1607 2205 1647 2229 eo
1667 2194 1709 2232 in

1048 2252 1127 2282 eam
1150 2244 1593 2296 conuehumur‘fruefus,
1623 2260 1658 2287 et
1673 2261 1708 2286 e-

1047 2299 1242 2348 uehuntur,
1265 2315 1344 2340 cum
1362 2305 1532 2354 veneunt)
1548 2304 1596 2342 ad
1607 2305 1707 2344 Fun-

1049 2355 1216 2400 daniam,
1236 2357 1304 2396 n'ifi
1325 2369 1461 2398 notum
1480 2357 1583 2398 effet-
1615 2361 1661 2402 C.

1104 2414 1218 2454 Reee
1238 2416 1440 2453 Faerniani
1469 2426 1509 2455 et
1525 2414 1641 2456 nostri
1662 2415 1707 2456 li-

1046 2466 1118 2516 bri,
1137 2470 1304 2521 audistin.
1363 2475 1403 2510 B.

1094 2537 1154 2567 ,Ιο
1202 2528 1261 2565 Ad
1308 2526 1498 2581 dextram]
1549 2526 1706 2568 Inducit

1625 2597 1704 2623 nec

1608 2640 1706 2680 obli-
