1815 3168
672 206 962 257 ANDRIA.
1019 208 1023 216 ²

1431 228 1495 276 39

196 334 202 339 ⁵
257 341 597 400 Nonnunquam
619 336 983 384 conlacrumabat.
1007 336 1171 402 placuit
1192 348 1286 384 tum
1304 339 1349 387 id
1361 341 1486 389 mihi.

255 415 323 460 Sic
345 412 610 472 cogitabam;
650 415 752 465 Hic,
772 429 934 477 paruae
957 413 1279 459 consuetudinis

257 489 401 540 Causa,
426 499 615 534 mortem
636 487 767 533 huius
780 499 867 534 tam
891 488 975 534 fert
996 488 1282 535 familiariter:

158 571 219 626 85
255 564 391 617 Quid,
414 561 441 607 si
462 563 549 628 ipse
571 561 773 610 amasset?

812 563 917 626 quid
939 563 1010 608 hic
1035 563 1141 608 mihi
1157 563 1282 611 faciet
1302 566 1446 629 patri?

253 641 376 685 Haec
401 655 484 699 ego
507 638 715 703 putabam
737 634 819 684 effe
843 639 990 684 omnia
1009 637 1192 685 humani
1209 641 1375 700 ingeni,

171 863 223 906 82
273 857 549 910 Nonnunquam
585 857 770 896 conlacru-

112 911 253 963 malpat]
283 914 359 952 lllis
382 914 489 952 enim
515 914 637 965 magis
662 911 769 952 causa

112 970 236 1009 flendi
255 967 388 1017 fuerat²
420 970 509 1020 qui,
540 983 654 1020 quam
672 982 769 1008 ama-

113 1024 217 1074 bant,
238 1023 449 1065 amiserant.
468 1024 529 1063 hic
542 1037 672 1063 amore
682 1038 768 1076 pro-

111 1093 197 1135 pter
219 1078 322 1120 suam
334 1082 553 1134 Glycerium
573 1082 767 1119 conlacru-

111 1137 249 1185 mabat‚
275 1138 337 1188 qui
359 1139 494 1176 alienis
515 1138 691 1190 lacrymis
712 1134 766 1176 su-

111 1207 150 1232 as
174 1193 450 1233 commodabat.
507 1198 558 1235 D.

163 1250 438 1302 Nonnunquam
451 1248 763 1303 conlacrumabat]

110 1306 189 1343 Has
225 1306 408 1357 lacrymas
443 1305 632 1345 fundebat
659 1308 765 1344 Pam—

110 1359 237 1412 philus
267 1372 424 1412 propter
455 1374 541 1399 eam
574 1359 766 1399 familiari-

112 1427 249 1463 tatem,
283 1430 396 1466 quam
421 1416 588 1455 habebat
608 1429 654 1455 ex
675 1429 766 1453 con-

111 1473 308 1510 iunctione
337 1474 418 1511 cius
445 1472 634 1518 mulieris,
666 1483 765 1522 quae

111 1527 291 1579 Chry-fidi
313 1528 495 1565 carissima
514 1526 648 1566 fuerat.
686 1525 763 1566 Sed

111 1584 294 1634 quoniam
323 1582 474 1635 Chrysis
504 1593 673 1625 mortua,
702 1580 767 1621 sal-

110 1651 159 1677 ua
185 1651 311 1676 autem
340 1640 403 1676 illa
427 1651 544 1689 quam
563 1637 762 1690 diligebat,

105 1694 196 1733 ideo
238 1706 523 1744 nonnunquam
567 1694 763 1732 conlacru-

103 1749 243 1796 mabar,
274 1749 311 1797 id
333 1749 397 1797 est,
422 1762 508 1787 cum
527 1749 691 1787 aliorum
714 1748 763 1786 la-

105 1806 244 1844 crumis
300 1802 379 1844 suas
428 1817 586 1857 quoque
634 1801 762 1843 misce-

104 1861 180 1900 bat.
238 1864 282 1901 E.
715 1857 719 1859 i

160 1925 210 1969 83
242 1916 303 1955 Sic
323 1914 545 1971 cogitabam]
584 1919 643 1956 Ae
660 1913 686 1954 fi
706 1913 761 1954 di-

104 1984 226 2022 ceret,
257 1971 329 2012 hoc
351 1970 579 2024 cogitabam.
612 1969 760 2011 sensum

102 2039 253 2068 tantum
285 2028 528 2082 cogitationis
548 2027 677 2067 dicere
694 2026 760 2065 de-

102 2084 205 2124 buit:
234 2083 298 2124 sed
318 2084 469 2136 quiasz'c
489 2082 693 2137 cogitabam
708 2082 761 2122 di-

102 2142 178 2190 xit,
220 2139 342 2193 ipsum
370 2139 517 2194 gestum
553 2140 758 2195 cogitantis

105 2198 278 2248 exponit,
301 2196 487 2235 etdicitur
506 2203 648 2241 μίμησις.
687 2198 759 2235 Hic

100 2265 243 2306 paruae
253 2251 521 2303 conficetua'inis
533 2251 654 2302 causta]
674 2255 760 2292 Hoc

103 2308 174 2356 est,
207 2310 380 2347 conuiuii
410 2318 577 2349 rantum:
608 2319 648 2347 et
667 2309 759 2359 quia

104 2364 254 2404 dixerat
272 2378 381 2416 puer,
405 2364 478 2403 hoc
497 2363 618 2404 solum
638 2361 759 2416 egiffe

104 2421 357 2473 Pamphilum,
386 2419 482 2459 nihil
506 2420 630 2469 aliud,
658 2422 758 2471 &sym-

107 2474 223 2516 bolam
245 2477 356 2526 dedit,
387 2479 566 2516 coenauit.
622 2478 670 2517 D.

163 2540 215 2585 84
255 2533 343 2572 Tam
370 2533 452 2586 fbrt
484 2531 755 2584 finniliariter]

107 2587 150 2627 ld
170 2589 234 2635 est,
255 2590 433 2641 grauiter.
462 2592 559 2629 Nam
573 2602 673 2640 quae
691 2602 761 2632 no<

106 2642 165 2682 bis
188 2641 274 2683 sunt
288 2643 497 2692 familiaria,
521 2643 650 2698 grauia
672 2641 758 2683 sunt

106 2700 237 2740 animo
283 2700 422 2741 nostro.
489 2702 757 2756 Familiartter]

789 717 825 760 C
865 730 901 776 4
1335 718 1480 761 >Man-

819 855 920 908 quafi
946 854 1165 896 familiaris:
1204 871 1254 896 an
1277 859 1401 909 potius
1423 855 1476 897 fa·

817 913 1027 952 miliat-iter.
1083 916 1131 953 D.

871 971 995 1009 Huius
1020 982 1174 1008 mortem
1202 982 1277 1008 tam
1299 969 1390 1019 ftrt
1405 969 1474 1021 fiz-

817 1026 1032 1077 miliar-tter]
1072 1028 1158 1064 Hoc
1188 1025 1263 1077 est,
1298 1025 1347 1064 fic
1367 1025 1475 1066 dolet

818 1092 855 1120 vt
876 1080 1083 1120 familiaris.
1141 1085 1182 1122 L.

871 1144 922 1188 85
952 1138 1058 1191 Qid
1087 1137 1145 1176 hic
1166 1136 1256 1176 mihi
1269 1135 1392 1188 fhciet
1411 1149 1476 1189 pa-

816 1195 917 1243 tri?]
950 1193 1062 1241 Mihi,
1083 1196 1178 1233 circa
1195 1206 1270 1232 me.
1312 1197 1360 1233 Et
1377 1192 1477 1244 post-

817 1263 931 1300 quam
950 1250 1040 1288 mihi
1058 1249 1172 1296 dixit,
1202 1249 1356 1301 pondus
1376 1251 1475 1288 intu-

815 1306 859 1344 lit
904 1306 1095 1352 nominis,
1143 1305 1312 1344 dicendo
1346 1307 1469 1358 patri.

813 1361 921 1414 ‚Qtl'd
939 1362 998 1400 hic
1016 1361 1121 1410 mihi]
1153 1361 1256 1399 Vide
1274 1375 1389 1413 quam
1409 1374 1473 1401 ve-

816 1416 927 1455 nuste
947 1419 1144 1468 repetierit
1163 1416 1234 1455 hic.
1296 1420 1343 1456 D.

866 1473 977 1529 Qid
1004 1473 1061 1510 hic
1088 1472 1178 1510 mihi
1196 1472 1322 1523 fizciet
1347 1473 1472 1525 patri]

813 1529 951 1569 Cicero
986 1528 1053 1567 lib.
1083 1541 1136 1567 ix.
1179 1527 1295 1579 Epist.
1324 1542 1398 1568 v11.
1424 1527 1472 1567 ad

813 1584 945 1624 Famil.
1008 1587 1049 1624 L.

866 1643 985 1692 Lego,
1007 1639 1097 1691 quid
1111 1638 1202 1678 mihi
1224 1639 1293 1679 hic.
1351 1642 1395 1679 13.

870 1696 921 1741 86
951 1695 1053 1733 Haec
1073 1709 1139 1750 ego
1153 1693 1350 1747 putabam]
1391 1695 1471 1733 Pu-

811 1762 895 1788 tare
924 1749 979 1788 est
1005 1751 1105 1798 eius,
1144 1751 1210 1801 qui
1229 1749 1471 1800 simplicitate

811 1806 975 1857 pectoris
985 1805 1187 1847 aberrauit.
1210 1806 1364 1854 Cicero,
1377 1809 1470 1861 (pro

810 1862 934 1914 Ligar.
969 1863 1050 1913 10.)
1109 1862 1203 1901 Non
1215 1865 1382 1915 putauit,
1413 1863 1470 1902 la·

808 1916 895 1970 psus
921 1915 977 1968 est.
1035 1918 1138 1956 Haec
1175 1933 1241 1973 ego
1267 1917 1469 1971 putabam}

810 1975 915 2015 Cum
952 1972 1075 2012 adhuc
1106 1973 1205 2014 n‘ihil
1229 1975 1468 2027 peccationis

810 2029 1038 2077 ostenderit,
1069 2040 1199 2070 tamen
1218 2031 1328 2069 dolor
1346 2031 1387 2069 in
1414 2029 1470 2070 su·

811 2096 893 2124 tura
921 2087 1155 2138 prorumpit:
1189 2098 1244 2135 vt,
1279 2091 1399 2136 (Aen.
1420 2086 1469 2135 Π,

811 2143 923 2195 344.)
939 2138 1105 2196 Etgenei‘
1115 2142 1468 2190 auxiliumPriamo,

812 2197 1093 2252 Phrygibusque
1102 2198 1268 2250 ferebat.
1298 2199 1469 2239 Humani

809 2257 954 2309 ingeni]
985 2253 1347 2309 CircaChrylidem.
1381 2258 1433 2295 D.

865 2312 966 2350 Haec
988 2322 1052 2363 ego
1069 2310 1241 2362 putabam
1266 2311 1327 2363 effe
1347 2313 1468 2349 omnia

809 2365 961 2405 humani
979 2368 1136 2421 ingenii]
1167 2367 1267 2407 Cum
1287 2367 1466 2406 nondum

808 2434 1080 2476 argumentum
1110 2423 1265 2475 aliquod
1296 2423 1469 2462 officium

807 2479 932 2517 malae
971 2477 1188 2518 ostenderat
1230 2474 1467 2530 disciplinae,

807 2542 936 2574 tamen
965 2533 1076 2572 dolor
1101 2536 1175 2574 iam
1193 2534 1317 2574 futura
1337 2548 1467 2586 proru-

807 2591 883 2643 pit,
914 2603 999 2628 cum
1020 2588 1112 2629 efl'et
1133 2591 1352 2643 admonitus
1378 2588 1467 2629 falsa

805 2643 926 2694 fuiss'e‚
947 2659 1046 2697 quae
1064 2658 1157 2686 ante
1175 2646 1362 2687 credebat
1386 2648 1467 2699 pie·

809 2703 892 2742 tatis
909 2702 1062 2742 indicia.
1116 2706 1160 2744 E.
