1815 3168
315 163 415 216 '214

711 153 867 199 ACT.
904 154 957 197 V.
1006 152 1198 198 SCEN.
1234 151 1290 196 ΙΙ.

451 279 483 330 S
496 295 530 329 1.
568 280 699 329 Vnde
725 277 978 343 egreditur?
1012 277 1060 325 D
1075 291 1107 323 A
1122 290 1170 327 v.
1206 294 1306 324 meo
1326 269 1539 340 praefidi'o
1560 286 1690 340 atque

551 357 747 422 hospitis.
786 354 861 403 Sl.
899 355 1005 418 quid
1026 353 1135 400 illud
1157 354 1259 400 mali
1282 350 1373 399 est?

449 431 599 482 DAv.
635 435 733 492 Ego
762 429 1109 478 commodiorem
1140 429 1393 480 hominem,
1436 426 1692 482 aduentum,

551 520 742 570 tempus,
768 523 859 553 non
881 505 983 557 vidi,

1034 502 1066 550 S
1080 518 1112 550 1.
1142 504 1291 557 scelus,

456 588 709 640 Quemnam
730 582 801 628 hic
822 581 998 628 laudat?
1038 577 1085 626 D
1100 592 1196 625 AV.
1239 581 1398 628 Omnis
1431 595 1501 627 res
1526 577 1587 626 est
1608 580 1695 626 iam

552 662 601 707 in
624 657 749 706 vado.
786 654 864 704 Sl.
899 653 1010 704 cesso
1031 656 1228 720 alloqui?

322 861 534 916 dignantis.
601 860 735 900 Animo
778 861 853 898 iam
889 870 986 897 nunc

321 917 473 972 otiosb]
531 913 730 956 Exsultans
786 913 988 967 egreditur

321 977 465 1018 Danu&
494 973 685 1011 nuncians
705 983 828 1021 prona
848 967 925 1008 efl'e
943 981 984 1006 o-

322 1031 431 1070 mnia
451 1029 499 1069 ad
519 1026 772 1067 securitatem.
801 1028 849 1066 Et
859 1024 988 1072 otiosb,

321 1085 478 1126 securo:
525 1085 616 1135 quia
652 1081 880 1135 negotium,
922 1078 989 1118 sol-

323 1140 485 1181 licitudo
530 1138 594 1179 est.
672 1137 849 1191 Impero]
917 1149 988 1188 pro

323 1199 425 1237 volo.
453 1210 504 1235 an
535 1206 574 1234 vt
602 1194 727 1233 statim
762 1191 826 1232 fiat
856 1194 990 1244 (Forte

324 1255 404 1307 leg.
436 1264 579 1292 NvNc
614 1262 730 1291 IAM.
791 1254 841 1288 Vt
857 1247 991 1301 statim

319 1309 395 1363 fiat
416 1322 444 1348 t.
468 1310 492 1348 i.
512 1322 546 1361 q.
564 1309 588 1346 i.
616 1308 701 1358 Z),
733 1315 920 1356 tanquam
950 1304 992 1342 il-

327 1365 397 1407 lud
430 1363 535 1416 quod
576 1361 815 1415 imperatur?
850 1364 898 1401 Et
926 1362 992 1399 im-

322 1436 434 1477 pero,
464 1417 633 1471 superbe
664 1418 771 1457 dixit.
800 1414 994 1456 summum

329 1475 440 1519 euim
473 1475 666 1515 indicium
705 1471 912 1514 securitatis
940 1471 995 1513 est

329 1531 523 1586 stiperbia.
580 1533 632 1571 D.

342 1606 348 1611 ·
386 1590 523 1630 Animo
551 1601 648 1628 nunc
676 1585 768 1640 iam]
796 1585 931 1625 Dauus
957 1596 996 1622 e-

330 1645 519 1699 grediens
563 1644 615 1683 de
650 1642 769 1682 domo
805 1640 994 1695 Glycerii,

331 1700 479 1755 gaudet
508 1699 613 1752 quod
639 1700 738 1739 laeta
764 1697 835 1737 {int
863 1697 997 1735 omnia

329 1757 397 1798 suo
423 1756 633 1810 praesidio,
670 1766 712 1796 et
731 1755 816 1804 eius
838 1750 999 1804 hospitis

331 1814 526 1860 Crfflinis,
564 1812 634 1864 qui
663 1811 845 1850 aduenit:
887 1810 995 1848 cuius

332 1869 483 1921 indicio
502 1866 565 1907 scit
586 1868 697 1907 illam·
711 1867 838 1909 ciuem
859 1863 937 1904 esse
946 1867 999 1904 A-

298 1975 300 1977 ,
332 1922 593 1965 thenionsem.
635 1921 902 1963 Verumhaec
914 1923 1001 1960 Sce-

332 1996 386 2022 na
410 1978 680 2020 tantummodo
709 1979 805 2018 iram
824 1977 1002 2016 continet

333 2037 484 2080 domini
504 2035 709 2081 commoti3
742 2031 845 2085 quod
854 2034 999 2080 Dauus,

333 2095 387 2134 de
404 2093 522 2132 domo
540 2091 714 2144 Glycerii
734 2090 885 2135 exiens,
908 2101 999 2127 con-

333 2152 447 2190 tinuo
496 2149 538 2187 in
578 2146 780 2199 pistrinum
822 2145 998 2184 mittitur.

332 2210 421 2249 Hoc
443 2205 553 2244 enim
575 2205 613 2242 ei
634 2201 804 2242 futurum
816 2212 1002 2253 antepro-

333 2261 507 2309 miserat,
544 2273 632 2299 cum
660 2259 780 2307 dixit,
817 2261 857 2296 t'n
878 2256 999 2308 pistri-

333 2332 432 2367 num,
457 2317 577 2365 Daue,
603 2329 639 2354 te
657 2314 787 2355 dedam
803 2314 1004 2355 adnecem5

320 2373 519 2425 stfinfiro
540 2373 739 2425 quicquam
761 2373 802 2410 in
821 2369 915 2421 htfie
935 2382 999 2409 me·

333 2434 426 2486 ptiis
447 2428 626 2480 fizllaciae
647 2429 788 2466 conari.
846 2429 891 2467 E.
966 2436 969 2438 ·

392 2500 417 2528 2
450 2486 554 2525 Vnde
586 2483 792 2541 egreditur]
822 2482 898 2523 Hic
916 2494 1000 2521 non

336 2543 575 2596 interrogat:
624 2538 690 2579 sed
726 2552 813 2578 cum
841 2537 1001 2577 admira-

337 2600 459 2647 tione,
485 2598 548 2637 vel
566 2596 690 2649 magis
712 2607 797 2634 curn
819 2593 999 2649 indigna-

339 2657 449 2699 ·ione
471 2653 577 2697 dicit.
633 2653 721 2695 Meo
732 2649 918 2707 praefidio
941 2664 1000 2692 at-

1493 747 1519 794 5
1562 734 1696 777 DAv.

1034 869 1102 911 que
1122 855 1294 910 hospitis]
1319 854 1363 895 Id
1384 853 1449 899 est,
1468 855 1700 894 Animoiam

1035 926 1142 953 nunc
1168 909 1290 952 otioso
1320 908 1399 951 effe
1428 911 1589 962 impero.
1632 913 1700 950 At·

1036 982 1105 1023 que
1152 968 1337 1022 hospitis]
1386 964 1525 1006 scilicet
1575 967 1702 1008 Crito-

1036 1026 1109 1065 nis.
1166 1027 1216 1064 D.

1093 1091 1116 1131 3
1154 1082 1232 1134 Ego
1269 1078 1546 1118 'commodiorem
1587 1077 1701 1117 homi·

1037 1135 1137 1189 nem]
1193 1135 1266 1175 Hic
1307 1136 1440 1174 Dauus
1479 1133 1701 1183 admiratur,

1039 1190 1144 1243 quod
1170 1191 1212 1230 in
1238 1186 1320 1242 ipso
1356 1190 1514 1228 articulo
1543 1191 1704 1239 periculi

1039 1246 1309 1300 superuenerit
1328 1245 1449 1286 Crito.
1514 1245 1593 1300 Ego
1612 1259 1705 1283 com-

1037 1305 1238 1344 modiorem
1260 1302 1463 1349 hominem,
1492 1302 1704 1350 aduentum,

1043 1372 1185 1413 tempus
1214 1372 1290 1398 non
1316 1357 1418 1411 vidi]
1447 1356 1577 1402 Potest
1596 1359 1707 1402 enim

1044 1426 1084 1456 et
1105 1413 1332 1455 commodus
1352 1411 1430 1454 effe
1448 1414 1542 1464 quis,
1561 1425 1600 1452 et
1619 1415 1709 1452 alie·

1042 1486 1096 1512 no
1114 1484 1294 1522 tempore
1306 1468 1558 1520 superuenire
1568 1470 1704 1521 potest,

1041 1539 1092 1569 etv
1114 1526 1362 1567 commodum
1388 1527 1431 1565 in
1458 1524 1620 1564 homine
1637 1526 1704 1567 est.

1043 1584 1109 1625 sed
1140 1594 1181 1624 et
1209 1593 1449 1635 opportunus
1477 1583 1622 1621 malum
1657 1594 1711 1622 et-

1043 1643 1120 1680 iam
1158 1640 1370 1679 aduentum
1395 1637 1539 1677 habere
1574 1638 1708 1690 potest.

1044 1701 1145 1738 Nam
1163 1703 1272 1745 (ante
1292 1694 1368 1734 hoc
1389 1692 1551 1733 verbum
1567 1696 1710 1747 legitur

1046 1754 1089 1793 in
1116 1764 1279 1804 Vtroque
1309 1750 1393 1790 cod.
1411 1749 1531 1803 potest
1550 1764 1585 1790 et
1607 1765 1710 1791 com·

1046 1809 1207 1850 modum
1227 1806 1288 1859 effe
1317 1811 1355 1846 in
1380 1806 1535 1855 homine,
1557 1808 1630 1857 [ἑά
1650 1819 1709 1859 op·

1041 1878 1250 1919 portunum
1278 1862 1412 1902 malum
1444 1875 1479 1901 et
1511 1864 1709 1902 aduentum

1048 1920 1182 1960 hahere
1192 1918 1327 1972 potest)
1340 1918 1573 1967 commodum,
1587 1920 1628 1958 in
1642 1920 1710 1958 ho·

1047 1978 1158 2016 mine
1186 1975 1260 2015 est:
1301 1975 1501 2020 aduentus,
1538 1976 1580 2013 in
1608 1973 1708 2014 fatto

1050 2033 1150 2073 eius:
1180 2043 1319 2084 tempus
1347 2031 1388 2069 in
1418 2033 1710 2082 opportunitate

1048 2088 1150 2128 faffi.
1191 2087 1487 2127 commodiorem
1513 2087 1708 2138 hominem,

1048 2145 1254 2192 aduentum,
1273 2143 1429 2197 tempus]
1459 2141 1630 2187 σύλληψις,
1659 2148 1709 2186 D,

1104 2200 1313 2240 Aduenrum
1340 2200 1501 2254 tempus]
1538 2203 1632 2249 Pro,
1660 2200 1711 2240 ad

1051 2267 1205 2308 tempus
1233 2266 1416 2305 ventum,
1463 2256 1503 2294 id
1533 2255 1596 2304 est,
1647 2270 1711 2297 ve-

1051 2310 1159 2354 niffe.
1186 2323 1228 2352 et
1253 2311 1404 2366 {iugula
1431 2309 1518 2354 sunt
1537 2325 1711 2363 pronun-

1053 2367 1199 2410 cianda.
1256 2370 1301 2409 E.

1100 2425 1312 2465 Aduentum
1346 2424 1506 2478 tempus]
1555 2421 1628 2464 Ms.
1664 2425 1708 2465 R.

1049 2481 1245 2521 aduentum
1261 2481 1310 2520 ad
1327 2492 1475 2532 tempus.
1529 2483 1570 2520 L.

1103 2550 1132 2591 4
1163 2536 1302 2585 Scelus,
1333 2549 1522 2589 quemnam
1549 2536 1608 2575 hic
1628 2535 1709 2575 lau·

1052 2591 1177 2647 dat‘3]
1206 2595 1298 2633 Non
1309 2592 1361 2633 est
1374 2592 1431 2631 hic
1442 2590 1685 2631 soloecismus
1697 2608 1709 2632 :

1048 2648 1096 2691 ad
1117 2646 1271 2691 sensum
1291 2650 1408 2700 enim,
1430 2661 1513 2688 non
1533 2648 1580 2688 ad
1593 2648 1709 2688 verba

1584 2702 1710 2757 respe-
