1815 3168
587 105 998 160 EVchHvs

1378 124 1474 172 405

235 245 303 290 Sic
333 258 414 307 per
447 240 668 288 flabellum
702 242 970 289 clanculum:
1019 239 1144 286 simul
1176 242 1256 287 alia
1288 243 1471 288 circum·

332 315 494 383 spesto,

135 411 158 456 5
173 413 196 457 5
232 391 364 442 Satin’
377 393 592 458 explorata
608 390 700 439 sint.
715 393 841 441 video
855 390 936 438 effe
952 412 960 437 ε
985 388 1201 456 pessulum
1216 389 1321 437 ostio
1337 391 1468 438 obdo.

234 470 355 535 AN.⁴
380 469 502 525 Quid
531 470 659 515 tum?
699 465 807 516 CH.
849 467 986 532 quid?
1025 467 1132 529 quid
1165 465 1291 512 tum?
1337 467 1468 513 fatue.

330 543 443 593 AN.
479 544 632 591 fateor.
670 539 779 590 CH.
821 560 873 588 an
897 559 979 602 ego
1004 541 1271 588 occasionem

232 621 348 668 Mihi
373 619 638 673 ostentatam,
673 629 850 669 tantam,
891 629 978 665 tam
999 617 1197 671 breuem,
1233 628 1322 664 tam
1348 628 1462 682 opta‘

331 708 433 750 tam,
461 707 549 743 tam
569 695 839 761 insperatam.

102 871 223 916 Miles.
245 885 282 914 2.
303 873 354 913 de
374 871 555 913 Photide.
612 871 675 910 Ad
699 884 753 910 me

97 930 271 982 conuetfiz
295 930 392 969 limis
414 943 449 968 et
474 924 753 978 mozstcatztibus

97 988 226 1037 oculis.

97 1044 257 1082 niumin
273 1055 370 1081 voce
399 1043 752 1082 STRABONEs:

97 1101 221 1142 Multi
241 1102 336 1139 enim
348 1100 412 1151 qui
422 1099 549 1137 limina
560 1100 756 1137 intrarunt

98 1158 256 1209 integris
284 1155 414 1203 oculis,
445 1153 643 1205 strabones
656 1151 755 1202 sunt

90 1213 216 1265 filc‘ti5
245 1210 352 1250 hahet
380 1210 555 1262 quiddam
583 1207 755 1248 ἑλκυςικδν

95 1266 342 1320 prouincialis
381 1265 596 1315 fbrmcfitla
644 1278 754 1302 vxor.

97 1327 146 1363 Et
165 1326 296 1361 Venus
329 1319 409 1372 ipsa
434 1321 554 1359 straba
583 1319 754 1371 fingitur,

102 1380 142 1416 in
166 1375 426 1416 dissertatione
444 1375 757 1414 HadrianietSe-

101 1433 218 1473 cundi
242 1429 480 1483 Philosophi,
509 1430 588 1470 iiue
608 1431 743 1482 Epiffle

102 1493 151 1529 ti:
210 1489 337 1542 Quare
361 1489 483 1526 Venus
510 1484 643 1538 straba
684 1485 758 1536 est?

102 1549 173 1599 Ep.
203 1545 304 1599 Qn'a
317 1556 459 1597 prauus
480 1542 527 1593 est
544 1555 658 1581 amor.
687 1544 728 1580 L.

158 1604 307 1642 Contra
335 1596 484 1638 versum
514 1609 552 1637 et
577 1596 758 1648 probatos

99 1657 218 1698 libros
246 1655 427 1696 nonnulli
456 1653 581 1693 edunt
600 1652 753 1705 aspecto,

99 1727 172 1768 pro
190 1711 326 1766 spado·
382 1713 422 1749 B.

159 1780 212 1823 54
238 1769 298 1809 Sic
319 1779 386 1820 per
402 1764 587 1817 flabellum
618 1764 758 1804 clancu-

101 1824 197 1878 lum]
227 1825 288 1864 Sic
307 1821 468 1860 δεικτικδν
487 1821 549 1868 est,
569 1831 608 1860 et
626 1818 756 1859 neces-

99 1879 194 1922 sario
221 1878 409 1918 additum;
463 1879 562 1921 Nam
587 1886 626 1915 et
655 1875 756 1916 limis

101 1949 141 1977 et
165 1949 235 1988 per
253 1933 459 1986 flabellum,
490 1932 572 1971 sine
596 1931 756 1972 demon-

100 1993 281 2033 stratione
298 2003 432 2042 parum
444 1988 679 2041 intelligitur.
708 1990 756 2028 D.

159 2060 210 2102 55
241 2043 515 2099 Peffsulumostio
538 2044 649 2097 abdo]
679 2043 758 2083 Sci-

102 2106 191 2145 licet
219 2115 258 2143 vt
291 2112 502 2150 amoueret‚
530 2109 757 2151 arceretque

105 2160 288 2200 auxilium
308 2158 477 2212 virginis.
532 2158 581 2197 D.

159 2215 332 2268 PesJulum
361 2213 449 2266 ostio
482 2211 598 2266 obde]
627 2210 672 2251 Id
692 2209 758 2260 est,

107 2271 271 2313 obduco.
322 2274 367 2312 E.

165 2330 215 2378 56
245 2327 354 2383 Quid
368 2339 446 2366 tum
454 2323 625 2378 fatue?]
652 2321 760 2372 Quid

109 2383 216 2423 enim
233 2394 391 2434 ·praeter
420 2383 556 2421 vitium
584 2377 760 2430 superest,

103 2438 175 2492 ,vbi
204 2448 347 2477 amator
374 2437 427 2476 est
447 2434 691 2481 adolescens,
722 2443 762 2472 et

111 2495 222 2548 virgo
268 2492 458 2532 dormiens
503 2503 541 2532 et
588 2487 763 2530 inclusa?

105 2551 230 2590 'Grate
271 2549 455 2601 explicata
490 2549 658 2587 narratio
696 2545 759 2595 est,

772 773 909 829 Cc3

1327 769 1465 813 Amit-

804 881 844 908 et
861 870 965 908 cuius
993 868 1034 907 in
1063 879 1236 909 extrema
1255 879 1365 921 parte
1390 882 1466 907 ma-

804 927 864 964 ior
896 926 1060 964 attentio
1092 924 1156 964 est.
1214 925 1364 978 Fateor]
1395 928 1468 965 Me

284 988 387 1027 Hinc
407 989 526 1026 Varro
555 984 658 1037 apud
679 987 754 1023 No·
803 983 975 1025 fatuum,
1020 982 1087 1033 qui
1117 980 1195 1019 hoc
1224 981 1465 1033 quaelierim,

806 1037 1044 1078 subauditur.
1099 1040 1147 1078 D.

860 1094 968 1147 Qud
992 1092 1107 1135 tum?
1133 1092 1270 1146 fiztue]
1307 1093 1465 1133 Seruius

805 1150 974 1190 Aeneid.
990 1149 1054 1189 lib.
1067 1163 1126 1190 lv.
1138 1145 1288 1188 advers.
1308 1152 1395 1191 166.
1425 1152 1466 1189 L.

860 1210 1003 1246 Natura
1033 1205 1275 1256 repetitionis
1304 1204 1467 1256 postulat

806 1262 908 1301 hunc
931 1262 1134 1302 ordinem:
1163 1261 1271 1315 ‚Quid
1281 1263 1393 1305 tum?
1416 1263 1463 1303 C.

806 1319 900 1371 quid
917 1325 1016 1358 tum?
1046 1318 1145 1369 quid,
1154 1319 1298 1370 fatue?
1353 1319 1395 1356 Β.

862 1385 915 1425 57
946 1376 1004 1411 An
1031 1386 1094 1427 ego
1127 1372 1346 1423 occafi'onem
1372 1370 1468 1411 mihi

808 1428 1035 1479 ostentatam,
1059 1441 1211 1476 tantam,
1222 1442 1296 1467 tam
1311 1428 1465 1474 breuem,

808 1499 887 1524 tam
915 1496 1099 1536 optatam,
1125 1497 1201 1523 tam
1227 1484 1465 1535 inspemtmn,

808 1540 1067 1593 amitterem?]
1106 1541 1212 1579 Vide
1237 1551 1382 1590 quanta
1414 1540 1469 1577 di-

807 1597 926 1634 xerit:
958 1609 1037 1634 non
1058 1597 1306 1642 voluntatem,
1328 1592 1389 1632 sed
1412 1608 1468 1632 oc-

809 1653 1002 1703 cafi'onem:
1037 1664 1120 1689 non
1149 1648 1466 1697 animaduerlam,

807 1707 871 1748 sed
890 1707 1130 1758 ostentatamx
1161 1720 1244 1745 non
1266 1706 1378 1754 hanc,
1401 1704 1466 1745 sed

805 1777 974 1805 tantam:
1018 1776 1101 1801 non
1133 1762 1354 1815 angustam,
1402 1760 1470 1800 sed

807 1819 978 1859 breuem:
1013 1831 1096 1857 non
1128 1819 1361 1870 appetitam,
1401 1816 1468 1857 sed

805 1886 990 1928 optatam:
1022 1888 1102 1914 non
1119 1875 1376 1924 repentinam,
1402 1871 1469 1912 sed

805 1931 1041 1986 insperatam.
1099 1933 1147 1970 Et
1180 1929 1287 1970 bene
1312 1930 1470 1982 inspera-

808 2003 908 2028 tam:
937 1985 1043 2026 aliud
1061 1986 1171 2024 enim
1191 1985 1259 2023 fibi
1281 1983 1466 2036 promise-

806 2056 881 2093 rat,
930 2053 969 2081 vt
1014 2040 1123 2092 supra
1157 2042 1342 2090 diximus,
1383 2055 1468 2082 non

807 2098 913 2152 quod
930 2100 1074 2150 pium-a
1084 2097 1306 2149 occafioque
1316 2095 1467 2150 persua-

806 2157 860 2197 {it
916 2158 965 2195 D.

863 2212 966 2252 Cum
993 2212 1142 2249 Faerno
1168 2208 1382 2262 legendum
1411 2208 1467 2248 est

809 2267 876 2307 Mi
899 2264 1080 2317 ostentam,
1101 2278 1244 2304 tantam
1263 2276 1337 2306 ete.
1365 2268 1466 2305 Nam

812 2322 983 2376 ostentam
1005 2317 1130 2360 versus
1148 2321 1281 2374 exigit,
1306 2331 1344 2361 et
1361 2320 1468 2360 idem

813 2379 977 2418 occurrit
995 2375 1146 2418 Phorm.
1168 2391 1205 2427 v,
1216 2391 1252 2431 4,
1270 2388 1308 2428 7.
1331 2388 1372 2416 et
1383 2379 1467 2419 Ser-

811 2436 895 2474 uius
924 2433 970 2473 ad
991 2435 1134 2486 Georg.
1157 2445 1183 2479 1,
1202 2441 1295 2487 248.
1319 2434 1389 2481 ait,
1419 2433 1468 2472 ab

813 2489 1007 2530 Ostendor
1043 2501 1192 2529 veteres
1225 2490 1471 2542 participium

811 2543 990 2586 formasse
1008 2545 1210 2594 Ostentus‚
1238 2559 1320 2585 non
1338 2544 1471 2585 Osten-

108 2603 229 2660 'quam
246 2605 439 2646 audientis
459 2604 647 2645 eui-iofitas
668 2601 767 2652 linit,
816 2600 886 2642 sus.
943 2605 989 2644 B.'
