1815 3168
347 166 441 212 330

727 154 883 201 ACT.
917 156 965 200 11.
1014 155 1210 207 SCEN.
1244 160 1316 205 111.

415 288 424 298 '
476 277 619 327 Fuisse
640 281 762 326 illum
777 281 974 335 alterum,
986 296 1141 347 praeut
1155 285 1285 332 huius
1300 286 1439 334 rabies
1454 290 1715 352 quaedabit.

388 373 445 404 10
478 351 582 403 CH.
622 362 681 403 Vt
705 357 828 402 illum
855 358 911 410 di,
940 358 1133 423 deaeque
1157 361 1321 409 senium
1331 364 1532 428 perdant,
1551 369 1627 429 qui
1641 384 1711 413 rne

572 432 706 480 hodie
733 444 976 481 remoratus
1001 430 1083 481 est:

333 683 490 726 amasse:
522 688 573 727 ita
595 690 701 729 enim
720 690 783 730 hic
809 688 992 731 insauiuit

332 742 374 780 in
395 749 535 782 amore.
594 749 639 786 E.

387 801 447 838 Ne
475 800 523 840 ad
549 800 712 850 hiatum,
742 805 806 855 qui
826 803 986 853 videtur,

329 854 558 904 tollendum,
579 871 665 897 cum
685 860 767 898 aliis
788 859 905 899 verba
919 862 989 912 fizt

313 910 411 960 fiio,
439 923 572 952 contra
592 913 720 962 libros,
754 915 986 967 intel-polan·

327 967 376 1005 da
396 979 601 1018 putemus;
632 968 708 1008 duo
738 970 920 1011 dimetros
951 984 988 1013 et

326 1035 443 1061 vnum
494 1025 713 1064 trimetrum
748 1026 867 1066 statuo
911 1029 985 1067 ita:

325 1078 402 1117 Hic
432 1093 519 1119 vero
556 1079 623 1129 est,
655 1085 720 1134 qui
741 1080 778 1130 β’
796 1087 983 1134 occeperit,

326 1135 477 1174 Ludunt
498 1139 691 1190 iocumque
711 1138 809 1177 dicas
825 1138 932 1191 fuisse
946 1140 986 1178 il-

321 1189 398 1228 lum
422 1191 596 1239 alterum,
628 1196 766 1234 Praezet
795 1194 903 1235 butus
922 1210 984 1235 ra-

321 1245 396 1285 bies
415 1261 509 1301 quae
525 1247 640 1288 dabit.
696 1253 767 1289 Pro
787 1251 893 1300 dicet,
921 1263 986 1292 aut

320 1304 428 1349 dices,
449 1305 555 1356 quod
577 1306 617 1344 in
642 1305 752 1345 codd.
781 1310 984 1360 reperitur,

318 1359 430 1413 leges
483 1361 644 1415 linguae
690 1362 885 1414 postulant
929 1366 985 1405 di,

321 1429 392 1455 cas.
450 1418 489 1456 B.

373 1485 398 1524 9
432 1472 576 1513 Praeut
607 1474 714 1513 huius
740 1474 860 1516 rabies
888 1489 982 1530 quae

316 1527 450 1583 dabit]
495 1530 591 1569 Prae
620 1532 748 1584 (lege,
791 1535 904 1581 Prae,
944 1548 980 1573 et

315 1586 833 1642 comparationemfigmficat.
859 1591 977 1629 Mox:

309 1651 402 1692 prae
421 1641 501 1690 illis,
522 1657 565 1682 vt
583 1643 646 1682 illa
669 1644 793 1698 sunt),
816 1658 864 1684 ex
877 1658 978 1684 com-

314 1699 517 1748 paratione
537 1699 735 1752 fignificat.
773 1706 878 1754 Ergo
889 1715 977 1754 pro-

1539 553 1706 616 Meque

1042 690 1304 741 lesceutulum‚
1336 693 1401 745 qui
1421 706 1490 745 pro
1512 695 1702 736 Eunucho

1041 749 1181 788 deduci
1205 751 1382 801 potuerit,
1417 762 1493 791 tam
1519 752 1703 803 expedite

1039 807 1235 859 virginem
1279 803 1432 845 viti'ass'e.
1507 808 1699 857 Quocirca

1038 862 1173 901 artifex
1185 860 1359 910 summus,
1375 862 1478 914 quod
1490 865 1601 902 aetati
1614 877 1697 902 nou

1038 917 1172 969 potest,
1204 929 1363 957 naturae
1381 919 1553 957 attribuit
1570 919 1699 960 Chae-

1036 986 1144 1013 reae:
1179 985 1217 1013 vt
1251 975 1409 1013 calidior
1436 976 1628 1028 ingenio,
1661 986 1698 1015 et

1036 1040 1130 1069 ante
1151 1044 1276 1068 anuos
1295 1042 1449 1079 amator,
1471 1045 1553 1070 non
1573 1031 1699 1070 libidi-

1036 1097 1129 1124 nem
1149 1087 1189 1123 in
1209 1083 1307 1132 sese,
1338 1084 1404 1125 sed
1427 1088 1619 1138 quandam
1642 1102 1698 1126 ra-

1034 1140 1140 1179 biem
1159 1140 1420 1195 defiguauerit
1436 1145 1479 1183 in
1494 1147 1695 1184 Venereos

1033 1197 1238 1249 appetitus
1296 1200 1346 1237 D.

1089 1255 1230 1293 Praeut
1268 1251 1373 1293 buius
1397 1252 1536 1298 rabies]
1581 1252 1691 1295 Prisc.

1033 1308 1100 1349 lib.
1122 1323 1203 1349 ΧΠ.
1260 1311 1302 1348 L.

1093 1377 1143 1407 10
1175 1366 1226 1405 Vt
1260 1362 1377 1417 illum]
1428 1369 1502 1406 Pro
1533 1365 1709 1405 vtinam.-

1033 1419 1092 1461 Di
1137 1422 1289 1475 deaeque
1310 1421 1460 1470 senium
1498 1421 1690 1477 perdant]

1030 1478 1117 1516 Plus
1136 1477 1231 1516 dixit
1240 1476 1398 1528 finium,
1425 1492 1538 1530 quam
1549 1478 1688 1528 senem.

1029 1534 1112 1581 Nec
1129 1535 1300 1579 mireris,
1329 1532 1412 1586 post
1429 1535 1594 1585 senium,
1624 1534 1690 1587 qui

1027 1589 1222 1631 additum:
1268 1590 1361 1628 ideo
1391 1592 1479 1641 quia
1521 1591 1689 1630 declina-

1027 1647 1178 1686 tionem
1210 1646 1257 1685 ad
1288 1647 1524 1686 intellec‘him
1544 1648 1685 1687 retulit.

1025 1714 1063 1742 vt
1082 1702 1186 1750 alibi,
1208 1704 1253 1741 In
1276 1703 1492 1742 Eunuchum
1502 1704 1685 1754 suam‚Et

313 1754 415 1803 prie:
447 1765 485 1793 et
516 1755 569 1794 est
587 1757 739 1809 integra
757 1759 911 1797 locutio.
935 1769 983 1809 etr?
1012 1759 1140 1810 finex,
1158 1757 1208 1798 ad
1227 1769 1390 1797 aetatem
1413 1758 1597 1799 refertur:
1626 1761 1686 1799 Se·

314 1809 408 1847 ordo
433 1809 496 1857 est,
515 1815 654 1851 Praeut
670 1814 734 1852 illa
754 1813 850 1861 sunt,
873 1827 972 1865 quae

310 1863 423 1903 huius
458 1865 582 1905 rabies
616 1868 732 1908 dabit.
787 1874 837 1910 Et
866 1870 971 1909 bene

310 1920 427 1969 dabit,
457 1922 559 1972 quafi
579 1924 628 1962 de
647 1936 689 1962 re
708 1925 889 1964 violenta.
919 1929 972 1965 Vt

309 1981 432 2022 (Aen.
460 1992 530 2026 ΧΠ,
551 1982 686 2031 453.)‚
720 2004 778 2011 —-
807 1980 910 2020 dabit
927 1983 970 2020 il-

309 2033 340 2071 le
375 2037 520 2073 ruinam
553 2035 771 2075 Arboribus.
827 2038 970 2076 Praeut

309 2089 418 2129 buius
442 2090 562 2129 rabies
581 2105 673 2143 quae
684 2090 805 2138 dabit]
835 2095 909 2133 Hic
921 2107 969 2133 ex

306 2156 420 2196 parte
456 2146 680 2186 charaffleris
716 2147 855 2188 inscius
887 2150 968 2201 qui-

303 2201 397 2241 dem
435 2203 489 2242 est
527 2202 717 2254 personae
752 2205 965 2254 Chaereae,

303 2271 423 2309 quem
452 2258 622 2299 motibus
650 2262 807 2300 coniicit
832 2259 965 2301 seruus

302 2315 566 2354 ardentiorem
602 2317 644 2355 in
674 2330 845 2357 amorem
882 2317 965 2357 fieri

299 2369 418 2422 posse,
437 2371 594 2411 simulac
614 2375 798 2425 coeperit.
849 2375 964 2413 Prae-

298 2439 341 2464 ιιι
371 2427 476 2466 buius
503 2425 622 2468 rabies
649 2443 738 2482 quae
767 2430 887 2477 dabit]
917 2434 965 2471 Et

297 2481 363 2521 hic
384 2483 604 2533 ostenditur,
634 2486 863 2536 iampridem
883 2500 964 2525 mo-

297 2549 379 2578 tum
411 2540 451 2578 in
476 2554 536 2579 res
564 2545 765 2581 venereas
794 2542 961 2585 Chaere-

295 2608 369 2635 am.
393 2600 442 2637 Et
461 2610 600 2649 magna
618 2602 761 2639 Poetae
779 2612 867 2638 cura
887 2599 952 2648 est,

1021 1818 1134 1862 nium,
1160 1814 1207 1854 ad
1220 1816 1449 1854 conuicium.
1481 1815 1529 1854 fic
1549 1816 1686 1868 Lucili-

1022 1885 1065 1910 us
1086 1872 1148 1919 ait,
1171 1874 1226 1910 At
1246 1871 1388 1922 quidem
1408 1885 1442 1909 te
1448 1872 1606 1921 senium,
1629 1885 1684 1911 at-

1020 1940 1090 1979 que
1115 1925 1247 1976 insulse
1262 1926 1431 1976 sophista
1460 1925 1609 1977 (Dousa
1628 1929 1681 1966 le-

1021 1984 1087 2035 git,
1106 1985 1158 2021 At
1181 1996 1216 2021 te
1235 1980 1292 2019 Di
1306 1982 1473 2034 finium,
1508 1981 1682 2023 subaudi·

1019 2051 1088 2077 ens
1123 2038 1290 2090 perdant.
1348 2037 1427 2078 Sed
1467 2037 1680 2080 Frauciscus

1018 2093 1138 2133 filius:
1173 2095 1225 2132 At
1247 2093 1304 2131 Di
1327 2107 1361 2132 te
1378 2096 1559 2146 perdant,
1576 2096 1679 2147 fini-

1019 2164 1079 2189 um
1098 2163 1207 2202 atque
1239 2149 1370 2200 infilffi’
1406 2152 1552 2203 Poeta).
1609 2153 1678 2192 Re-

1016 2219 1179 2245 morazus
1217 2206 1282 2260 est]
1330 2209 1364 2246 A
1391 2220 1544 2246 remora
1572 2207 1678 2260 pisci-

1016 2263 1243 2313 eulo,quiet
1267 2264 1399 2307 ἐχενηὲς
1419 2275 1586 2313 vocatur,
1618 2279 1676 2304 re·

1014 2321 1177 2358 moratio
1190 2328 1227 2356 et
1238 2331 1442 2358 remoratus
1454 2320 1603 2360 dicitur.
1624 2325 1673 2366 D,

1073 2376 1122 2413 Vt
1140 2375 1239 2413 illum
1261 2375 1301 2412 di
1326 2374 1495 2428 deaeque]
1525 2374 1601 2416 Hic
1617 2379 1674 2418 in-

1015 2431 1109 2482 cipit
1128 2429 1363 2480 conquestiO.
1418 2434 1459 2471 E.

1068 2487 1217 2526 Senium
1238 2486 1417 2541 perdant]
1462 2490 1510 2529 V.
1539 2489 1583 2531 C.
1615 2489 1672 2530 Set

1012 2556 1092 2582 nem
1112 2556 1231 2581 omnes
1250 2542 1418 2593 perdant.
1475 2547 1517 2584 L.

1061 2598 1188 2638 Senem
1208 2597 1353 2637 habeut
1373 2613 1507 2639 omnes
1534 2600 1665 2641 nostri.

289 2665 351 2693 ‹ne
373 2648 603 2694 incredibile
632 2655 827 2706 videatur,
864 2655 953 2696 ado-
1004 2653 1077 2696 Dii
1095 2655 1180 2695 deae
1214 2667 1334 2696 omnes
1367 2654 1449 2696 cod.
1479 2657 1609 2707 Acad„
1630 2670 1669 2697 et

1605 2715 1667 2768 qai
