1815 3168
675 135 835 184 ACT.
870 135 906 181 Ι.
946 126 1141 181 SCEN.
1169 135 1204 181 1.

396 260 468 313 81.
508 264 605 324 Ego
617 261 845 328 postquam
856 273 898 308 te
912 264 1021 314 cmi,
1053 278 1076 307 a
1096 260 1283 325 paruulo
1294 269 1339 309 vt
1360 260 1529 327 sem'per
1549 259 1630 312 tibi

399 339 535 403 Apud
569 356 638 384 me
666 337 773 385 iusta
810 349 853 384 et
887 337 1075 383 clemens
1095 337 1227 382 fuerit
1252 335 1449 392 seruitus,

310 433 368 466 ιο
405 416 518 465 Scis:
557 414 666 469 feci,
701 430 725 460 e
752 413 878 461 seruo
897 424 945 461 vt
977 406 1080 458 effes
1103 410 1429 477 libertus-mihi,

273 679 405 715 autem
432 671 745 718 taciturnitatem,
774 679 827 708 ne
845 679 935 720 pro-

275 733 341 770 dat
361 727 559 778 Pamphilo
587 725 797 772 secretum,
828 723 934 775 quod

275 788 315 827 ei
340 784 680 824 commendaturus
692 781 756 820 est.
785 780 934 829 Fidem,

277 842 324 883 ad
343 839 598 892 complenda:
620 837 933 884 taciturnitatem,

280 899 328 939 ad
354 895 517 936 celanda
549 894 744 933 mandata.
801 890 937 944 Exspe-

279 954 355 1007 ἅτ’]
389 951 574 1003 Exspec'lm
590 950 788 990 defideroz
807 960 844 988 vt
854 949 940 990 Vir-

283 1011 409 1066 gilius,
428 1009 548 1059 (Aen.
570 1019 616 1055 Π,
637 1007 750 1058 283.)
804 1002 939 1057 Exspe-

284 1070 378 1107 &ate
395 1066 508 1103 venis.
546 1061 653 1116 Qid
669 1061 789 1114 velis]1
806 1059 937 1109 Deest,

276 1123 388 1175 fiire.
415 1122 524 1173 (lege
536 1121 667 1167 dicere,
681 1115 857 1168 vel‚fi·ire
867 1118 938 1168 me)

287 1193 378 1217 nam
397 1176 423 1216 {i
446 1171 608 1223 dixisset,
636 1174 734 1227 quod
752 1175 853 1222 velis,
883 1173 941 1211 ni-

285 1235 341 1280 hil
367 1229 619 1272 defiderass'et.
672 1232 720 1269 D.

297 1331 300 1334 ,
346 1296 368 1338 8
399 1287 479 1342 Ego
493 1286 697 1340 postquam]
731 1286 945 1326 Commen-

289 1346 397 1387 datio
425 1341 618 1396 personae
642 1342 791 1392 potius‚
827 1352 945 1394 quarn

290 1401 413 1447 serui:
453 1411 507 1438 ne
544 1408 678 1437 contra
711 1395 834 1447 filium
865 1394 946 1432 leui

288 1457 401 1497 seruo
436 1453 586 1506 aliquid
614 1451 807 1491 committi
840 1449 948 1490 inde-

292 1526 384 1553 core
423 1510 614 1551 videatur.
667 1508 715 1547 Te
734 1509 803 1546 emi
820 1521 842 1546 a
861 1518 952 1559 par·

292 1568 401 1622 uuio]
445 1567 547 1608 Tale
566 1564 631 1614 est,
661 1565 868 1604 Paruulum
886 1575 951 1617 ego

295 1639 331 1666 te
349 1622 548 1679 Iugurtha.
578 1621 683 1673 apud
709 1618 858 1661 Sallust.
882 1621 948 1669 (Β.

295 1685 379 1735 lug.
391 1681 450 1731 x.)
490 1679 523 1718 A
531 1674 710 1730 paruula]
725 1678 829 1723 ‚Non
843 1674 951 1713 enim

299 1752 321 1778 a
340 1749 460 1790 paruo
473 1765 482 1782 ‚
510 1731 577 1773 sed
596 1747 619 1771 a
636 1732 813 1784 paruulo.
870 1733 922 1771 D.

345 1805 380 1844 ‚9
407 1789 504 1841 Iusta
530 1802 565 1829 et
581 1787 752 1841 clemens]
782 1790 839 1826 lta
857 1785 955 1824 dixit

298 1847 412 1901 iusta:
441 1856 483 1886 vt
499 1844 602 1894 alibi,
626 1844 719 1890 Non
742 1841 870 1893 neccffe
890 1841 954 1880 ha-

300 1904 365 1944 beo
394 1903 518 1942 omnia
532 1913 602 1954 pro
631 1913 707 1939 meo
728 1902 804 1937 iure
835 1910 952 1952 agere.

300 1959 409 2013 Quid
439 1958 548 1998 enim
567 1970 650 1995 non
674 1954 812 1993 iustum
833 1953 956 1993 domi-

302 2031 355 2058 no
373 2017 417 2055 in
446 2012 625 2054 seruum?
653 2010 769 2064 Iusta]
815 2013 862 2050 In
880 2022 958 2060 qua

301 2072 403 2115 nihil
438 2070 619 2121 iniquum
651 2066 833 2110 iubetur:
883 2064 959 2104 Cle-

300 2143 419 2174 mens,
456 2127 499 2165 in
528 2139 604 2177 qua
631 2124 749 2163 etiam
776 2121 827 2160 de
859 2120 956 2160 iusto

302 2185 470 2225 multum
497 2180 719 2221 remittitur.
772 2177 880 2230 Apud
903 2189 959 2215 me

305 2239 418 2293 iusta]
453 2237 501 2278 ld
511 2237 575 2286 est„
594 2235 805 2283 moderata,
817 2246 956 2284 aequa-

306 2297 363 2338 li5.
393 2294 456 2333 cui
484 2293 720 2332 contrarium
747 2291 799 2330 ait
816 2289 956 2342 Vir-gil.

307 2354 510 2403 (Ge01·g.1‚
534 2351 644 2402 164.)
673 2346 723 2385 Et
736 2349 862 2399 iniquo
865 2357 959 2398 pon.

309 2409 392 2456 dere
418 2405 543 2459 rastri.
597 2408 664 2452 Et,
695 2405 862 2455 (Geor-g.
883 2413 960 2449 111,

309 2464 424 2518 347.)
468 2460 608 2512 Iniusto
633 2458 707 2510 fi⁴b
727 2458 833 2508 fasce
860 2460 961 2515 viam

309 2521 394 2559 dnm
404 2520 534 2572 carpit.
561 2519 659 2556 Nam
671 2515 736 2567 qui
746 2513 885 2564 iustam,
898 2511 962 2550 de-

306 2576 430 2616 bitam
447 2585 553 2615 nune
576 2571 652 2612 dici
671 2579 833 2624 putant,
861 2566 964 2610 nihil

1454 535 1636 598 Propte-

984 665 1156 708 afferunt
1176 665 1223 707 ad
1246 664 1456 707 iuuandam
1483 663 1639 708 senten-

983 726 1088 764 tiam.
1144 724 1304 763 Clemens
1311 722 1441 774 fuerit
1451 723 1638 778 seruitus]

983 780 1219 823 Libertatem
1247 780 1528 831 imputaturus,
1566 781 1641 818 cle-

986 847 1158 876 mentem
1214 835 1347 874 intulit
1407 832 1641 875 seruitutem.

986 891 1176 945 Seruitus]
1215 892 1321 933 Mire
1328 890 1555 942 firttitutem
1567 904 1642 943 pro

988 948 1192 988 dominatu
1213 945 1349 998 posuit.
1395 948 1459 987 Sic
1476 945 1644 987 Sallusti·

988 1018 1053 1053 us,
1079 1004 1180 1044 Dein
1198 1002 1335 1056 simili
1349 1005 1501 1055 imperio
1509 1014 1644 1055 patres

981 1060 1134 1113 plebem.
1194 1056 1294 1111 (Ms.
1338 1058 1465 1099 Hulst.
1509 1060 1644 1099 Patres

987 1117 1050 1170 C.)
1108 1119 1155 1157 D.

1051 1185 1100 1214 10
1128 1171 1226 1225 Scis]
1256 1170 1332 1209 hoe
1354 1170 1419 1219 est,
1441 1185 1461 1209 a
1479 1171 1647 1222 paruulo

991 1227 1071 1268 scis.
1100 1227 1265 1280 Semper]
1296 1227 1647 1267 Continuatiouem

992 1282 1177 1336 fignificat
1192 1283 1353 1334 semper.
1410 1283 1492 1320 1⁴'eci
1505 1283 1646 1332 esbruo

993 1353 1035 1379 vt
1053 1338 1134 1390 effe's
1160 1337 1310 1377 libertus
1331 1337 1439 1391 mihi]
1482 1338 1674 1377 Dulcem-

996 1394 1215 1433 libertatem
1238 1392 1332 1432 fecit
1360 1393 1590 1445 operatione
1612 1402 1653 1432 et

999 1450 1226 1489 ti·a&ati011e
1257 1448 1484 1499 verborum,
1522 1448 1654 1489 dicen·

999 1507 1051 1545 do
1096 1519 1146 1544 ex
1189 1504 1297 1545 seruo
1329 1505 1523 1544 libeitum.
1568 1518 1653 1545 non

1000 1563 1107 1605 enim
1137 1571 1285 1600 tantam
1304 1560 1465 1601 haberet
1483 1561 1654 1615 gratiam,

997 1618 1025 1658 fi
1042 1614 1211 1666 dixiffet‚
1228 1617 1319 1669 feci,
1338 1616 1488 1657 libertus
1505 1630 1546 1656 vt
1564 1613 1657 1669 fffts,

1001 1687 1117 1725 quarn
1145 1673 1172 1712 fi
1203 1672 1322 1721 dicat,
1347 1671 1427 1724 fici
1446 1686 1463 1710 e
1478 1671 1592 1723 struo
1613 1684 1657 1712 vt

1001 1729 1080 1782 effim-
1114 1728 1279 1768 libertus.
1316 1741 1359 1766 ac
1377 1727 1404 1766 fi
1431 1729 1514 1779 quis
1540 1728 1654 1777 dicat,

992 1787 1075 1838 fici
1092 1797 1134 1823 vt
1157 1784 1385 1837 effes-limus:
1413 1797 1498 1822 non
1511 1784 1660 1824 tzintam

1004 1840 1165 1879 haberet
1191 1840 1374 1893 gratiam,
1406 1853 1523 1890 quam
1550 1838 1575 1878 fi
1604 1838 1661 1877 di-

1004 1907 1073 1945 cat,
1092 1896 1170 1947 fici
1191 1909 1235 1935 vt
1254 1895 1547 1950 exaegrosbnus
1567 1893 1660 1947 effes.

1001 1953 1159 1999 Etmihi,
1186 1950 1384 2004 emphasin
1404 1950 1541 1990 habet:
1555 1949 1662 2002 quod

1004 2008 1103 2048 mihi
1120 2008 1280 2049 libertus
1300 2006 1421 2047 faetus
1439 2006 1497 2056 fis,
1519 2019 1602 2045 non
1620 2005 1663 2045 fi-

1006 2065 1071 2104 lio.
1130 2068 1211 2104 Aut
1248 2063 1340 2102 ideo
1369 2062 1462 2103 mihi
1487 2061 1664 2102 additum

1008 2120 1082 2167 est,
1121 2121 1212 2171 quia
1250 2119 1411 2158 libertus
1442 2118 1490 2158 ad
1517 2117 1664 2170 aliquid

1007 2176 1156 2216 dicitur.
1194 2174 1348 2222 (Verba
1371 2174 1466 2214 inde
1489 2173 1536 2212 ab
1549 2175 1626 2213 Aut
1636 2175 1666 2213 i-

1007 2232 1073 2272 deo
1104 2246 1126 2270 a
1145 2229 1216 2273 Ms.
1245 2230 1366 2270 Hulst.
1396 2228 1540 2269 absunt.
1575 2230 1665 2270 Lin-

1008 2287 1145 2328 denbr.
1173 2297 1301 2327 tuetur
1328 2287 1378 2325 ad
1395 2286 1548 2338 aliquid.
1583 2288 1665 2326 Ma·

1009 2345 1100 2393 lim,
1129 2344 1182 2383 ad
1198 2342 1369 2396 aliquem.
1399 2339 1539 2382 Sensus
1555 2342 1666 2381 enim

1011 2398 1088 2440 effe
1108 2399 1269 2447 videtur,
1289 2397 1469 2437 libertum
1488 2396 1562 2435 dici
1575 2397 1666 2437 cur'n

1011 2456 1199 2496 relatione
1230 2454 1532 2493 ad.Patronum:
1566 2464 1604 2492 vt
1637 2451 1666 2492 fi

1011 2511 1125 2560 dicas,
1141 2512 1236 2551 Tiro
1255 2509 1414 2548 libertus
1427 2510 1675 2561 Ciceronis.)

1010 2570 1059 2609 Et
1077 2566 1184 2607 bene
1194 2566 1304 2617 mibi,
1323 2578 1406 2606 non
1417 2561 1501 2618 filio
1511 2574 1527 2605 .·’
1544 2564 1584 2605 id
1602 2563 1668 2614 est,

1613 2633 1670 2663 ne
