1815 3168
626 212 631 219 .
687 141 839 188 ACT.
873 139 946 187 111.
983 133 1186 182 SCEN.
1219 135 1280 183 V.

445 271 537 326 Qui
563 284 633 315 me
656 267 881 332 sequatur:
917 280 1097 330 quoquo
1120 278 1241 314 eam,
1270 258 1502 321 rogitando
1527 246 1686 310 osstun·

541 344 626 398 dat,
663 355 840 390 enecet:

447 420 576 477 Quid
611 419 812 480 gestiam,
847 425 920 462 aut
949 412 1054 478 quid
1075 412 1211 459 laetus
1238 409 1344 465 fim,
1375 426 1465 474 quo
1486 427 1686 476 pergam,

545 496 661 543 vnde
686 504 924 552 emergam,
948 490 1022 538 vbi
1046 487 1149 533 fiem

447 570 664 621 Vestitum
691 569 811 614 hunc
834 563 1001 618 nasius,
1025 562 1130 627 quid
1156 561 1267 609 mihi
1290 578 1520 626 quaeram,
1561 561 1686 609 sanus

548 644 639 695 fim,
666 659 778 688 anne
801 641 1041 688 insaniam?

447 721 563 776 AN.
600 718 761 770 Adibo,
784 728 912 780 atquc
935 716 986 764 ab
1007 731 1061 763 eo
1082 715 1264 778 gratiam
1285 711 1397 760 hanc
1413 713 1438 767 ,'
1466 729 1597 778 quam
1624 714 1686 762 vi-

549 794 632 843 deo
656 793 780 847 velle,
801 791 937 841 inibo.

375 1020 403 1062 6
431 1016 513 1071 Qu*
539 1022 593 1055 m'e
612 1012 814 1067 fiquatur]
839 1011 884 1052 Id
923 1022 983 1051 cu-

320 1077 380 1128 pit
405 1073 591 1127 gaudens,
614 1070 718 1122 qnod
728 1067 893 1108 tristibus
902 1081 983 1107 mo-

317 1131 455 1172 lestum
491 1127 556 1167 est.
614 1130 715 1167 Nam
745 1126 985 1170 contra-Me-

318 1186 512 1226 nedemus
524 1192 703 1237 grauatur
715 1193 871 1221 narrare
883 1191 985 1231 quae

319 1245 441 1281 dolet.
503 1238 715 1291 Obtundat]
759 1233 903 1277 odiose
928 1236 986 1274 in-

316 1298 392 1337 stet
408 1311 463 1336 rac
493 1305 654 1347 repetat,
681 1293 859 1332 molestus
880 1300 919 1330 et
941 1304 980 1329 0-

319 1352 448 1393 diosus
470 1352 523 1391 fit.
580 1349 729 1402 Enecet]
760 1344 981 1393 ἐυφωνότεςσν

318 1423 438 1462 quam
458 1410 585 1448 enicet.
639 1408 690 1446 D.
814 1444 816 1446 ,

376 1464 479 1505 Illud
505 1463 665 1518 Qoquo
700 1472 776 1498 eam
817 1471 867 1497 ex
896 1455 982 1496 cod.

317 1520 451 1562 Bemb.
473 1519 536 1566 est,
556 1529 595 1557 et
613 1514 850 1570 Eugraphio.
906 1517 943 1554 N
947 1525 984 1551 o-

318 1577 381 1616 stri
408 1576 537 1615 minus
562 1574 687 1622 re5ie‚
712 1571 873 1624 'Qique
893 1570 982 1608 iam.

319 1633 532 1673 Caeterum
561 1628 679 1668 verba
708 1629 878 1683 Qoquo
907 1638 985 1663 eam

320 1689 371 1727 nd
399 1685 674 1740 praecedentia
699 1681 785 1722 sunt
809 1680 985 1722 reseren-

290 1793 291 1797 ,
321 1745 382 1783 da.
431 1745 477 1784 ,Si
503 1742 610 1782 enim
631 1739 679 1779 ad
700 1737 902 1793 rogitando
927 1749 986 1776 re-

319 1800 409 1849 fers,
444 1799 609 1838 efficitur
629 1795 862 1848 tautologia3
896 1793 986 1844 quia

320 1855 497 1908 sequitur
519 1856 610 1905 Quo
633 1864 806 1904 pergam.
859 1851 900 1897 B.

374 1977 403 2020 7
431 1965 543 2021 Qid
554 1961 722 2018 gestiam]
749 1958 868 2001 Deest
881 1971 986 2011 quae-

319 2037 430 2063 rens.-
460 2033 501 2061 vt
528 2020 590 2067 fit,
616 2015 822 2072 rogitando
844 2013 982 2054 obtun-

290 2095 294 2099 ·
321 2079 387 2118 dat
414 2088 453 2117 et
483 2086 646 2122 enecet,
679 2083 871 2125 quaerens
890 2069 984 2121 quid

321 2135 495 2188 gestiam.
573 2129 732 2182 Gestire,
787 2126 841 2166 est
874 2136 982 2164 motu

320 2191 493 2242 corporis
525 2186 736 2227 monstrare
772 2181 866 2234 quid
901 2179 982 2220 sen-

320 2249 401 2285 tias.
461 2243 618 2286 Constat
641 2251 789 2285 autem,
822 2252 843 2277 a
872 2249 984 2287 pecu-

320 2302 434 2341 dibus
453 2301 500 2340 ad
520 2299 700 2338 homines
729 2292 809 2334 effe
828 2293 983 2333 transla-

322 2370 417 2397 tum.
483 2356 589 2411 Qtid
621 2352 788 2409 gestiam]
842 2347 983 2401 Gesta-2

320 2414 482 2466 proprie
514 2411 587 2458 est,
631 2406 780 2449 sensum
810 2406 981 2457 corporis

323 2470 432 2522 gestu
471 2469 676 2508 indicare:
725 2461 832 2515 quod
858 2461 982 2513 magis

323 2526 522 2564 brutorum
553 2522 607 2561 est
634 2519 873 2561 animalium.
899 2518 984 2557 Vir-

324 2582 451 2635 gilius,
482 2580 533 2619 Et
542 2578 668 2629 fludio
686 2573 865 2625 *incafficm
884 2573 986 2612 vide-

321 2653 363 2677 as
396 2633 710 2693 gqllirelauandi
741 2632 911 2686 (Georg.
953 2642 987 2681 1,

1625 881 1686 914 10

1032 1011 1159 1064 387.)⁴
1215 1011 1291 1051 Aut
1322 1009 1413 1064 quid
1441 1009 1556 1048 laetus
1588 1006 1689 1061 fim]

1029 1069 1192 1117 Propter
1212 1066 1316 1118 quid.
1372 1066 1472 1105 Vnde
1492 1064 1690 1118 emergam]

1032 1123 1193 1174 Proprie
1225 1121 1323 1160 dixit
1339 1123 1551 1176 Emer-gam,
1585 1130 1624 1159 vt
1642 1133 1692 1159 ex

1033 1178 1154 1219 lustris
1187 1188 1303 1229 atque
1340 1176 1550 1216 inhonestis
1582 1177 1693 1225 locis,

1035 1245 1167 1285 vtpote
1187 1234 1398 1273 meretricis
1418 1232 1550 1271 domo.
1581 1233 1693 1274 Cice-

1029 1302 1094 1338 1·0,
1122 1292 1176 1329 At
1202 1303 1245 1328 ne
1274 1301 1316 1326 tu
1344 1288 1486 1340 quidem
1514 1287 1691 1341 emersisti,

1030 1344 1206 1384 lutulente
1234 1344 1408 1395 Caesoni,
1448 1357 1496 1382 ex
1534 1342 1694 1394 mzftrri-

1031 1402 1102 1440 mis
1134 1411 1293 1438 naz-urae
1319 1411 1401 1439 tuae
1423 1398 1600 1452 sardibus
1630 1401 1695 1452 (in

1030 1453 1158 1497 Pison.
1184 1457 1279 1507 12).
1339 1458 1390 1495 D.

1090 1519 1113 1561 3
1149 1511 1325 1562 Vestitum
1343 1509 1438 1550 hunc
1457 1509 1596 1558 nac‘tus]
1626 1512 1695 1551 Be-

1034 1581 1088 1608 ne
1116 1567 1258 1607 Nac‘tus
1287 1567 1402 1606 dixit:
1440 1577 1480 1606 vt
1509 1566 1577 1617 qui
1608 1580 1694 1606 non

1033 1622 1221 1672 sumeret,
1252 1622 1322 1662 nisi
1347 1620 1508 1662 suafiffet
1523 1621 1618 1662 haec
1636 1635 1695 1662 oc-

1034 1678 1146 1719 casio.
1204 1682 1254 1720 D.

1087 1748 1114 1789 9
1144 1734 1287 1784 Adibo,
1317 1747 1427 1788 atque
1455 1733 1499 1774 ab
1518 1748 1557 1772 eo
1572 1736 1695 1789 grati·
1748 1749 1751 1751 “
1807 1717 1810 1749 3

1033 1805 1115 1840 am,
1147 1789 1241 1845 effa]
1272 1789 1414 1830 Sensus
1445 1801 1483 1830 et
1511 1791 1605 1829 ordo
1630 1790 1695 1829 hic

1034 1847 1098 1896 est,
1117 1847 1271 1894 Adibo,
1302 1857 1416 1897 atque
1443 1846 1489 1885 ab
1514 1859 1561 1884 eo
1581 1848 1695 1899 grati-

1031 1917 1096 1942 am
1126 1902 1227 1941 hanc
1254 1901 1378 1955 inibo.
1433 1902 1604 1941 Gratiam
1624 1905 1695 1943 im·-

1033 1972 1086 2005 re,
1107 1955 1161 1996 est
1180 1958 1270 1996 dare
1286 1955 1533 2006 beneficium,
1560 1972 1601 1997 ac
1622 1973 1694 2010 per

1033 2013 1105 2051 hoc
1124 2013 1279 2052 alicuius
1302 2014 1402 2051 inire
1432 2015 1614 2066 gratiam,
1649 2014 1692 2054 id

1034 2068 1109 2116 est,
1140 2069 1355 2107 amicitiam.
1410 2069 1486 2108 Sed
1515 2068 1609 2110 haec
1638 2070 1693 2109 est

1033 2124 1213 2172 elocutio,
1249 2123 1426 2163 Gratiam
1444 2124 1488 2164 ab
1510 2139 1549 2164 eo
1571 2127 1687 2175 inibo,

1032 2193 1131 2233 pro,
1177 2181 1260 2219 eius
1297 2182 1456 2233 gratiam
1497 2182 1692 2222 merebor.

1030 2241 1133 2279 Nam
1164 2234 1209 2275 ab
1240 2249 1304 2284 eo,
1348 2247 1450 2275 amat
1482 2240 1692 2278 Terentius

1032 2305 1104 2345 pro
1124 2294 1202 2333 ,eius
1221 2304 1391 2341 ponere:
1422 2303 1460 2331 vt
1478 2294 1518 2331 in
1531 2295 1689 2344 Andria,

1030 2349 1134 2389 Haec
1170 2351 1337 2400 primum
1369 2351 1691 2390 animaduertenda

1031 2403 1077 2444 ab
1110 2416 1149 2442 eo
1175 2406 1311 2443 iniuria
1339 2403 1407 2455 est,
1439 2405 1479 2443 id
1505 2406 1577 2454 est,
1607 2408 1691 2446 eius

1030 2460 1184 2499 iniuria.
1242 2459 1346 2499 Im're
1375 2471 1502 2499 autem
1526 2465 1692 2517 gratiam

1032 2516 1087 2556 est
1128 2516 1270 2555 mereri
1302 2517 1476 2568 gratiam.
1539 2519 1691 2559 Plautus

1033 2572 1128 2612 Iniet
1148 2584 1268 2611 tamen
1279 2572 1443 2622 solidam
1461 2586 1496 2611 et
1510 2576 1690 2628 grandem

1033 2630 1197 2687 gratiam
1215 2626 1348 2681 (Cure.
1367 2641 1438 2680 111,
1466 2631 1558 2685 35·)-
1587 2634 1636 2672 D.
