1815 3168
311 103 409 161 676

691 97 851 144 ACT.
880 98 954 144 lV.
986 94 1181 143 SCEN.
1208 98 1316 142 VIII.

358 242 416 290 15
455 229 561 279 Des,
585 226 660 289 qui
681 242 850 277 aurum,
874 241 921 270 ac
941 222 1125 277 vestem,
1156 235 1285 288 atque
1307 224 1400 278 alia,
1433 240 1542 289 quae
1566 242 1678 292 opus

547 302 657 354 sunt,
684 312 921 365 comparet.

450 373 615 428 ΜΕΝ.
655 376 706 423 Id
740 375 798 424 est
829 371 1053 440 profesto:
1089 374 1133 420 id
1155 376 1314 422 amicae
1347 374 1533 423 dabitur.
1571 373 1682 423 CH.

550 452 704 499 scilicet

453 531 690 579 Daturum.
730 524 887 574 ΜΕΝ.
934 525 1045 597 vah}
1081 522 1237 573 frustra
1270 525 1363 573 sum
1399 529 1534 589 igitur
1565 530 1682 589 gaui-

549 604 617 650 sus
643 601 792 653 miser!

453 680 644 736 Quiduis
667 690 812 725 tamen
834 679 917 724 iam
943 677 1070 730 malo,
1093 692 1225 740 quam
1247 675 1367 724 hunc
1395 679 1606 726 amittere.

453 756 575 811 Quid
596 772 714 802 nunc
735 752 991 801 renunc'iem
1012 753 1086 801 abs
1108 765 1150 799 te
1173 752 1438 817 responsum,
1463 753 1685 802 Chreme?

349 847 418 886 20
455 836 530 879 Ne
551 831 699 877 sentiat
718 847 789 876 me
809 826 984 882 semme,
1007 839 1134 892 atque
1161 845 1287 889 aegre
1309 829 1431 876 ferat.

447 904 554 955 CH.
601 909 772 966 Aegre!
808 907 997 951 nimium
1017 904 1106 958 illi,
1138 904 1426 959 Menedeme,
1461 904 1688 966 indulges!

552 978 703 1030 ΜΕΝ.
742 979 851 1026 fine:

450 1051 758 1122 Inceptum’st:
794 1053 955 1122 perfice
975 1053 1061 1103 hoc
1082 1053 1193 1103 mihi
1214 1065 1448 1120 perpetuo,
1480 1055 1685 1104 Chreme.

379 1261 430 1304 16
461 1256 507 1299 Id
520 1255 568 1310 est
583 1254 774 1311 profic'lo]
801 1255 933 1311 Fingit
944 1252 981 1296 se

320 1316 484 1357 eredere
501 1315 636 1364 amico,
658 1327 776 1367 quem
785 1312 904 1353 fidum
919 1327 980 1353 co-

320 1382 522 1429 gnouerat.
579 1372 625 1412 C.

372 1429 418 1468 Id
439 1429 577 1466 amicae
593 1424 765 1481 dabitur]
795 1425 869 1466 Vel
892 1438 980 1465 con-

320 1484 509 1526 firmantis
536 1483 863 1536 pronunciatione
887 1483 981 1521 acci-

321 1543 362 1594 pi
384 1540 530 1594 potest,
559 1540 621 1578 vel
651 1539 753 1591 quafi
775 1552 861 1578 cum
882 1538 982 1577 affir-

319 1598 495 1638 matione
513 1595 787 1650 interrogantis
808 1595 867 1648 [vt
887 1594 984 1633 iuste

321 1650 546 1695 conclusum
571 1652 644 1706 fin]
699 1654 797 1691 Nam
824 1652 983 1690 interro·

321 1712 427 1766 gatio
448 1708 643 1748 interdum
654 1708 700 1747 ad
717 1708 982 1761 negationem,

321 1766 518 1809 interdum
539 1764 586 1803 ad
606 1764 907 1803 affirmationem
928 1763 982 1802 di-

321 1824 474 1877 rigitur.
532 1823 575 1861 E.

375 1882 449 1919 Pro
468 1876 542 1915 vah
560 1876 651 1928 lege
662 1874 721 1922 ah,
737 1875 840 1927 quod
853 1887 891 1914 et
902 1889 981 1915 ver-

319 1932 379 1976 sus
397 1931 524 1986 poscit,
545 1943 582 1971 et
594 1932 744 1972 dolenti
756 1930 880 1985 magis
893 1944 982 1970 con-

321 1991 445 2032 uenit.
508 1989 664 2028 Deinde
694 1999 764 2039 pro
784 1989 980 2028 Daturum

321 2059 473 2100 repone
491 2044 632 2084 Datum
652 2046 720 2090 iri,
749 2045 802 2082 vti
822 2057 981 2095 praece-

322 2105 422 2144 dens
463 2101 614 2140 dabitur
642 2100 815 2151 postulat.
877 2101 980 2141 Scili-

312 2174 377 2200 -cet
397 2170 525 2198 autem
543 2170 629 2197 cum
644 2154 844 2197 Infinitiuo
856 2157 980 2212 iungi,

324 2222 474 2258 veteres
491 2213 662 2267 Magistri
686 2213 841 2253 docent.
879 2216 920 2254 B.

379 2340 432 2382 17
464 2323 647 2380 Gauifits]
682 2328 793 2367 Bene
822 2326 873 2366 de
899 2325 979 2365 filio

321 2384 469 2444 gaufits
496 2384 615 2430 dixit,
654 2384 744 2433 quia
777 2384 977 2438 gaudemus

320 2442 508 2497 propriis,
552 2439 789 2495 gratulamur
825 2440 975 2479 alienis.

318 2498 461 2551 Misbr]
493 2495 618 2547 Miser
636 2495 710 2542 est,
743 2496 804 2534 cui
822 2496 977 2535 animae

317 2554 469 2596 miseria
490 2552 553 2591 est.
606 2552 652 2592 C.

370 2610 524 2650 Scilicet*
547 2606 741 2661 daturum]
778 2607 884 2648 Licet
913 2607 971 2648 da-

1591 1137 1689 1183 Cn.

1028 1269 1167 1298 mnum
1184 1254 1379 1310 intelligat
1396 1251 1533 1305 senex,
1561 1265 1600 1296 et
1626 1255 1689 1298 de-

1030 1324 1164 1368 ceptus
1194 1312 1244 1352 de
1281 1312 1424 1367 gaudio
1448 1312 1507 1361 fit,
1555 1321 1688 1354 tamen

1030 1383 1183 1411 memor
1199 1369 1344 1409 doloris
1365 1368 1514 1422 pristini
1535 1381 1573 1408 et
1592 1370 1687 1410 cala·

1031 1427 1193 1470 mitaris,
1224 1426 1356 1465 omnia
1382 1426 1461 1464 vult
1489 1422 1686 1474 sustinere,

1032 1496 1149 1535 quam
1177 1481 1217 1522 id
1238 1482 1343 1534 quod
1363 1478 1488 1535 paffus
1510 1480 1582 1531 est,
1611 1496 1690 1522 rur-

1029 1539 1090 1580 sus
1111 1540 1202 1591 pati.
1259 1541 1301 1578 E.

1091 1603 1137 1645 18
1169 1593 1372 1648 Amittere]
1400 1596 1473 1634 Pro
1491 1595 1688 1646 dimittere,

1032 1665 1143 1693 more
1160 1653 1334 1703 antiquo.
1393 1651 1439 1690 C.

1090 1720 1139 1761 19
1169 1707 1276 1761 ‚Quid
1306 1706 1690 1761 nunorenunciem2]

1033 1763 1146 1816 Quid
1166 1777 1262 1817 ergo
1282 1765 1338 1803 vis
1361 1765 1592 1810 renunciem
1612 1762 1691 1803 filio

1031 1821 1097 1861 abs
1122 1832 1162 1861 te
1186 1818 1264 1860 effe
1287 1816 1530 1871 responsum,
1563 1833 1614 1858 ne
1632 1820 1693 1858 in-

1029 1878 1178 1930 telligat
1221 1889 1287 1915 me
1331 1875 1406 1914 hoc
1442 1873 1691 1922 intellexiste,

1031 1933 1133 1984 quod
1178 1945 1260 1972 non
1297 1944 1389 1971 vere
1431 1933 1584 1984 nuptias
1623 1944 1691 1983 pe-

1029 1990 1100 2029 tit?
1152 1992 1195 2029 Ε.

1083 2057 1133 2086 21
1175 2044 1344 2099 Aegrel]
1382 2044 1444 2084 sic
1479 2042 1690 2096 distingue,

1030 2112 1069 2141 vt
1087 2101 1279 2143 Chremes
1306 2100 1407 2139 hane
1437 2112 1572 2139 vocem
1602 2103 1690 2141 Me-

1030 2157 1190 2198 nedemi
1201 2154 1388 2196 subrideat
1400 2171 1407 2195 z
1421 2157 1570 2208 quippe
1581 2155 1691 2207 quod

1029 2213 1128 2253 filius
1154 2227 1237 2253 non
1257 2212 1301 2252 fit
1321 2213 1394 2253 vlla
1412 2213 1454 2251 in
1486 2225 1529 2251 re
1550 2212 1688 2252 timen-

1029 2271 1115 2310 dus.
1173 2269 1357 2324 Irzdulzges]
1389 2269 1545 2308 Nullum
1568 2269 1690 2321 magis

1029 2326 1229 2379 proprium
1248 2325 1408 2365 verbum
1428 2325 1611 2363 inuenire
1621 2338 1691 2376 po-

1028 2380 1155 2422 ruiffet
1182 2382 1233 2421 de
1252 2392 1378 2433 patre,
1407 2382 1475 2433 qui
1499 2381 1631 2420 omnia
1648 2379 1688 2420 fi-

1028 2440 1080 2478 lio
1102 2439 1298 2491 permittit.
1354 2440 1400 2479 C.

1082 2507 1136 2537 22
1166 2494 1373 2548 Inceptum]
1405 2496 1501 2534 Nam
1518 2492 1621 2544 quod
1633 2488 1687 2532 se·

1025 2553 1102 2591 mel
1120 2553 1298 2604 inceptum
1317 2550 1372 2603 est,
1394 2563 1476 2590 non
1488 2548 1611 2603 potest
1627 2547 1687 2590 fa-

1024 2609 1100 2648 cile
1122 2609 1255 2649 omitti.
1315 2608 1361 2649 C.
