1815 3168
261 157 350 205 152

634 142 794 190 ACT.
827 141 906 193 111.
942 142 1141 190 SCEN.
1172 143 1248 189 111.

300 278 365 337 35
400 274 428 318 S
440 283 473 318 ι.
519 274 702 337 Nempe
745 271 1079 318 incommoditas
1132 270 1321 336 denique
1351 272 1441 321 huc
1479 271 1625 321 omnis

493 347 628 394 redit:

395 424 442 471 Si
463 425 647 475 eueniat,
671 422 791 486 quod
814 424 873 470 Di
893 421 1171 487 prohibeant,
1193 421 1399 470 disceffio.

396 503 459 546 At
479 497 508 544 fi
531 500 787 559 corrigitur,
817 509 926 561 quot
944 498 1289 552 commoditates,
1309 498 1422 547 vide.

396 576 635 638 Principio,
658 576 798 620 amico
816 572 957 619 filium
976 571 1235 620 restitueris:

399 650 509 698 Tibi
534 666 747 710 generum
770 647 962 701 firmum,
984 661 1026 695 et
1047 647 1157 696 filiae
1177 650 1376 695 inuenies
1395 649 1554 696 virum.

294 723 510 787 '40³CH.
554 725 676 780 Quid
695 724 817 772 istic?
853 723 884 772 fi
917 727 975 772 ita
1007 724 1113 771 istuc
1135 726 1332 771 animum
1353 724 1523 772 induxti
1545 719 1628 771 esse

495 801 612 853 vtile,

379 866 524 924 'Nolo
543 876 622 923 tibi
645 875 782 923 vllum
805 875 1090 924 commodum
1112 878 1158 923 in
1179 891 1250 922 rne
1270 874 1488 922 claudier.'

392 948 474 999 ⁴81.
505 948 678 1000 'Merito
699 961 742 999 te
764 951 934 1019 semper
958 954 1133 1000 maximi
1152 952 1249 1005 feci,
1273 951 1489 999 Chreme:

321 1246 376 1298 3²6
405 1241 523 1298 Qo‘d
538 1245 580 1285 di
591 1243 837 1300 prehibeant]
863 1261 928 1289 παι-

267 1305 405 1348 ςένθεσις
431 1315 501 1352 per
533 1301 748 1346 ἐυῴημισμδν.
807 1304 858 1342 Ι).

311 1357 364 1395 ‘Si
391 1358 535 1395 eucnt'at
565 1354 738 1410 dfieffio]
788 1355 831 1396 ld
861 1356 927 1405 est,

267 1411 293 1452 fi
318 1411 383 1451 fiat
403 1411 626 1457 diuortium.
682 1414 793 1460 Nam,
817 1411 932 1465 Qod

263 1468 324 1508 Di
373 1467 601 1522 prohibeant
619 1497 629 1516 ,
692 1467 930 1520 parenthesis

267 1523 344 1564 est.v
391 1527 432 1564 E.

324 1592 378 1633 37
406 1581 461 1618 At
478 1577 522 1631 st
540 1578 784 1634 corrigatur]
820 1580 932 1620 Alter

268 1634 323 1679 ⁹:st
362 1632 604 1690 syllogismus
638 1649 710 1687 per
741 1636 932 1676 contraria

269 1690 446 1737 misarum,
467 1689 596 1743 etipse
608 1692 822 1744 negatiuus.
852 1694 904 1732 D.

320 1746 428 1802 Qot
445 1748 740 1802 commoditates]
768 1749 839 1788 l-lis
850 1762 933 1800 pai·-

269 1803 372 1844 tibus
423 1803 593 1843 Vtilitatis
641 1814 680 1844 et
710 1803 931 1844 ‘honestatis

269 1856 490 1909 compulsus
508 1858 708 1908 Chremes,
728 1860 792 1911 qui
813 1873 932 1913 nega-

268 1925 380 1954 uerat
403 1914 521 1954 filiam
536 1914 740 1967 Pamphilo
768 1915 932 1954 traditu-

269 1967 384 2017 rum,
418 1981 459 2010 et
487 1971 678 2010 amicitiae
712 1972 865 2010 ratione
892 1981 931 2010 et

267 2026 500 2067 'conditione
535 2027 702 2065 Vtilitatis
736 2024 930 2079 impulsus,

269 2083 464 2137 promittit
482 2081 616 2121 filiam.
670 2085 713 2123 E.

310 2157 314 2161 >
327 2140 389 2180 Sic
406 2138 651 2178 vetustiores:
684 2138 750 2177 alii
762 2139 933 2192 corriga-

269 2208 355 2244 tur,
391 2195 455 2235 vel
479 2197 703 2249 corrigetur.
760 2194 801 2234 Si
830 2196 934 2234 Con-

268 2251 463 2291 iunffluus
496 2252 642 2303 placet,
670 2259 775 2291 muta
820 2251 875 2289 Ατ
895 2247 941 2301 si

270 2308 314 2347 in
337 2306 418 2346 Sin.
477 2309 516 2347 Β.

328 2368 381 2417 38
413 2364 624 2414 Principio,
652 2364 768 2402 amico
790 2360 930 2418 filium]

270 2418 473 2472 Principio,
494 2419 718 2464 neeintulit,
742 2416 925 2459 secundo.

271 2475 495 2527 Raessimerix,
527 2487 562 2514 et
570 2471 675 2525 filiae
690 2477 854 2515 inuenies
872 2477 931 2514 vi·

271 2532 375 2586 fam]
414 2535 520 2583 Ergo
547 2529 744 2583 a'cyscno'nsbuv
772 2531 928 2584 duplex.

271 2582 402 2627 Αᾶηἳεο
417 2586 559 2641 filium]
595 2587 658 2628 Ab
679 2586 853 2638 honesto,
880 2590 931 2628 A·

269 2642 505 2698 micofitium
557 2642 614 2684 D.

1534 1085 1631 1132 Cn.

1033 1257 1088 1298 39
1117 1241 1354 1283 Vetustiores
1374 1238 1504 1289 uostr'i,
1538 1237 1634 1281 inue'·

976 1302 1071 1340 nias.
1104 1301 1238 1344 Reeie3
1266 1297 1315 1336 ob
1336 1297 1571 1337 antecedens
1582 1312 1636 1337 re·

969 1356 1150 1407 stitueris.
1215 1357 1256 1393 B.
1663 1379 1666 1382 -

1031 1425 1087 1466 40
1115 1408 1326 1465 Quidzstic]
1355 1408 1637 1458 Concedentis,

979 1477 1019 1506 et
1057 1467 1175 1507 veluti
1212 1466 1300 1505 vieti
1331 1465 1518 1504 verbum:
1557 1476 1637 1504 tan·

980 1537 1097 1575 quam
1125 1523 1152 1562 fi
1178 1521 1343 1570 diceret,
1373 1521 1486 1575 quid?
1514 1521 1638 1560 et'ab-

979 1579 1100 1619 undat
1119 1579 1219 1631 istuc.
1279 1578 1354 1618 Vel
1373 1579 1515 1630 potius,
1544 1577 1639 1630 quid

979 1634 1076 1688 istuc,
1097 1634 1284 1689 fignificat
1303 1633 1504 1672 hominem
1525 1634 1640 1672 delo-

981 1705 1026 1731 co
1052 1705 1095 1730 ac
1123 1693 1173 1730 de
1206 1688 1395 1729 sententia
1431 1690 1642 1730 decedere:

979 1759 1018 1787 vt
1036 1762 1060 1787 e
1077 1747 1284 1796 contrario,
1308 1745 1468 1798 perstare
1493 1759 1536 1785 ac
1555 1745 1638 1796 resi-

971 1804 1066 1856 stere
1085 1804 1235 1852 dicitur,
1257 1802 1487 1853 quiraliquid
1505 1812 1637 1856 negat.

981 1860 1023 1900 Si
1041 1860 1127 1912 {stuc
1147 1863 1306 1898 animum
1325 1858 1493 1911 induxtt]
1524 1859 1638 1910 Legi·

980 1926 1040 1954 tur
1077 1927 1118 1956 et
1145 1917 1309 1953 animum
1344 1912 1546 1964 induxisti?
1570 1912 1635 1952 sed

980 1971 1077 2010 illud
1113 1971 1275 2024 plenum
1311 1970 1392 2010 est:
1445 1969 1520 2009 hoc
1565 1984 1637 2022 per

980 2029 1208 2074 μεταπλαισμέ
1253 2025 1411 2071 συνκππιῖν
1457 2025 1636 2066 diminui·

981 2093 1050 2124 tur.
1106 2085 1156 2125 D.

1036 2156 1175 2196 Faerni
1205 2155 1292 2194 libri
1317 2154 1465 2207 antiqui
1494 2164 1534 2195 et
1568 2167 1636 2194 no-

982 2211 1044 2251 stri
1070 2225 1204 2252 omnes
1233 2213 1336 2251 recte
1362 2211 1509 2251 habent
1533 2210 1639 2267 Qid

983 2268 1087 2320 tstic?
1107 2281 1176 2320 pro
1194 2266 1300 2322 Qid
1315 2267 1427 2320 ssuc?
1481 2271 1523 2308 Β.

1028 2353 1080 2394 41
1111 2345 1184 2382 Pro
1204 2343 1244 2379 in
1261 2354 1315 2380 me
1335 2340 1496 2380 claudier
1510 2337 1638 2381 sensus

978 2397 1139 2450 postulat
1156 2397 1393 2437 intercludier
1416 2395 1461 2437 cf.
1480 2400 1576 2438 Eun.
1601 2408 1635 2447 Ι,

979 2466 1019 2502 2,
1042 2460 1105 2507 84.
1159 2456 1199 2494 B.

1032 2542 1086 2583 42
1106 2528 1522 2581 Sempermaximiftci]
1548 2529 1636 2568 Hoc

981 2584 1046 2634 est,
1078 2587 1286 2637 plurimum
1305 2585 1436 2637 dilexi,
1462 2595 1503 2624 et
1517 2583 1634 2624 maxi·

978 2654 1086 2684 mum
1104 2641 1231 2682 habui.
1282 2642 1333 2684 E.
