1815 3168
671 131 963 180 ANDRIA.

1399 155 1496 202 227

261 258 345 309 Vel
376 267 449 318 tn,
482 257 550 306 vel
571 257 689 321 quod
718 274 874 305 verum
905 256 987 311 est,
1021 258 1091 305 vel
1113 260 1232 323 quod
1263 261 1343 327 ipsi
1362 270 1496 331 cupio

361 334 584 394 Glycerio.

260 402 308 453 C
318 420 366 455 H.
403 408 623 454 Andrium
657 425 740 469 ego
763 411 989 456 Critonem
1021 409 1181 456 video?
1220 422 1335 459 certe
1356 415 1392 460 is
1417 415 1492 464 est.

358 479 404 528 C
419 497 461 527 R.
499 483 635 529 saluos
658 483 725 537 fis,
749 484 952 530 Chreme.

246 553 303 604 'C
315 571 361 605 H.
396 557 517 611 Quid
541 569 589 604 tu
614 559 805 605 Athenas
829 557 1050 606 insolens?
1087 555 1192 606 CR.
1230 565 1390 612 euenit.
1418 566 1491 616 sed

354 631 551 680 hicine'st
577 633 729 682 Simo?

761 748 794 794 P

118 883 308 927 Chremes
344 897 383 926 et
411 888 517 928 Simo
563 895 572 928 ζ
629 918 638 928 .
695 919 705 928 .

121 943 236 982 etiam
254 943 476 995 Pamphilus
492 954 532 983 et
548 944 658 987 Crito
670 957 778 998 egre-

119 998 241 1047 ditur,
308 1030 316 1038 .
379 1031 387 1040 .
445 1031 454 1039 .
508 1031 519 1041 .
577 1002 777 1053 Pamphilo

118 1066 159 1093 vt
189 1054 348 1103 ‚diceret
394 1054 671 1097 Atheniensem
729 1058 779 1096 ci-

118 1123 211 1151 uem
267 1141 274 1149 .
331 1141 339 1150 .
402 1141 410 1149 .
466 1143 475 1152 .
535 1112 627 1152 dicit
647 1124 774 1153 autem

117 1165 258 1206 iustum
283 1164 359 1206 effe
378 1180 420 1205 ac
436 1180 644 1220 propterea
699 1199 707 1208 .
764 1199 773 1208 .

189 1252 197 1261 .
255 1222 339 1261 ride
362 1236 410 1261 eo
428 1224 533 1275 quod
555 1238 687 1266 verum
708 1223 772 1273 est,

116 1286 158 1316 et
197 1279 291 1328 quid
330 1291 501 1317 meretur
558 1311 566 1319 .
626 1311 635 1320 .
691 1310 703 1322 .
763 1310 773 1319 .

116 1333 194 1372 iarn
214 1334 436 1386 Glycerium
465 1334 584 1386 digna
610 1335 662 1373 fit.
720 1338 776 1374 Ita

115 1386 157 1428 se
161 1418 436 1431 .....
491 1391 582 1440 pelli
617 1400 656 1430 vt
683 1388 774 1428 istuc

116 1443 234 1484 faciat
277 1445 382 1483 vnde
447 1475 455 1483 .
520 1477 528 1485 .
586 1476 595 1485 .
654 1475 663 1485 .
717 1459 774 1484 ro-

115 1501 200 1554 gari
219 1502 348 1552 (Forte
360 1500 407 1540 fic
427 1502 532 1540 locus
555 1501 608 1540 est
628 1500 774 1539 restitu-

115 1555 260 1595 endus:
291 1561 412 1596 Senes
434 1557 552 1609 igitur
572 1556 651 1595 duo
674 1554 771 1604 sunt,

114 1612 303 1653 Chremes
325 1623 362 1651 et
384 1613 508 1660 Simo,
536 1625 691 1665 quorum
712 1614 774 1650 in-

111 1666 220 1718 terest
236 1669 374 1706 nodum
391 1667 508 1717 sblui.
564 1667 674 1706 Redit
696 1667 773 1705 iam

113 1722 335 1774 Pamphilus
347 1754 356 1772 ,
387 1734 426 1761 et
445 1723 555 1764 Crito
573 1722 773 1776 egreditur

111 1793 206 1826 vna,
246 1784 308 1832 qui
337 1792 462 1817 oratus
489 1778 536 1829 est
559 1778 770 1830 Pamphilo,

111 1844 153 1874 vt
177 1834 323 1875 diceret
339 1832 622 1874 Atheniensem
644 1836 773 1875 ciuem

111 1890 173 1944 ejfi
201 1890 423 1940 Glycerium,
479 1891 552 1930 Hic
582 1891 676 1929 dicit
706 1904 771 1929 au·

112 1957 190 1986 tem
209 1946 343 1986 iustum
364 1944 459 1995 effe,
489 1959 533 1985 ac
552 1958 765 1997 propterea,

110 2015 153 2042 vt
163 2002 295 2055 ficiat,
305 2004 348 2055 fi
364 2003 500 2042 moneri
521 2002 570 2041 de
589 2016 648 2048 ee,
666 2003 769 2054 quod

111 2071 246 2098 verum
255 2059 321 2111 fit,
335 2071 375 2098 et
392 2059 490 2112 quod
499 2071 683 2097 mereatur
692 2062 770 2099 eius

111 2116 243 2165 virtus,
265 2129 300 2154 et
317 2117 415 2169 quod
432 2115 566 2154 dudum
588 2116 666 2154 iam
677 2116 768 2168 Gly-

111 2171 256 2211 cerium
283 2171 401 2224 digna
420 2170 470 2210 fit.
526 2174 581 2211 Ita
612 2168 650 2209 se
691 2184 766 2210 vna

111 2226 246 2266 barum
263 2230 392 2280 quouis
411 2226 516 2277 caufit
533 2227 696 2279 impelli,
728 2238 766 2266 vt

111 2282 202 2322 istuc
219 2281 346 2326 faciat:
376 2283 480 2322 vnde
499 2295 589 2336 opus
612 2296 685 2323 non
702 2281 765 2336 ‘ff’

110 2337 157 2379 ab
181 2337 241 2377 illo
272 2340 397 2392 rogari
420 2341 488 2391 Z).
544 2342 586 2379 E.

166 2407 189 2447 3
220 2395 403 2434 Andrium
434 2409 523 2450 ego,
575 2396 764 2435 Critonem

111 2450 266 2503 video?]
299 2454 446 2490 Bonum
474 2451 628 2492 initium
656 2452 764 2504 agni-

111 2506 184 2544 turi
209 2504 337 2544 filiam.
395 2510 527 2558 ltaque
544 2507 764 2558 compendii

113 2558 239 2610 causa,
271 2575 351 2600 non
371 2561 515 2602 laborat
534 2564 585 2602 de
602 2563 765 2616 agnitio-

113 2629 166 2658 ne
183 2614 369 2672 personae
388 2619 565 2671 Critonis,
587 2630 625 2662 vt
643 2618 689 2661 ab
714 2632 764 2662 eo

843 763 870 795 2
1321 768 1348 814 ς
1389 754 1491 802 CH.

763 918 772 928 .
826 886 940 929 facile
962 886 1094 930 doceri
1113 890 1233 942 possit.
1289 891 1417 934 Saluus
1434 894 1493 947 st:

830 947 950 996 Crito]
995 950 1056 987 Ne
1088 947 1238 986 laboret
1264 949 1313 988 ad
1341 949 1490 1002 persua·

828 1001 1023 1041 dendum:
1054 1004 1151 1041 miro
1171 1007 1404 1054 compendio
1420 1011 1490 1046 Po-

827 1068 926 1107 etae,
948 1058 1023 1097 iam
1043 1060 1153 1101 Crito
1172 1070 1283 1099 notus
1304 1062 1490 1104 estChre-

825 1115 892 1154 mi.
947 1116 997 1152 D.

877 1172 988 1222 Lege
1009 1171 1042 1209 is
1063 1182 1158 1209 certe
1178 1170 1235 1222 est.
1292 1174 1331 1212 B.
1547 1214 1551 1217 ,

873 1239 900 1278 4
929 1225 1034 1279 Qid
1051 1239 1091 1266 tu
1100 1226 1265 1267 Athenas
1277 1228 1496 1285 infilen531·

825 1278 1015 1333 Insolens,
1061 1279 1251 1328 insolitus,
1301 1283 1487 1326 insuetus.

827 1337 965 1376 Cicero
987 1338 1076 1388 (pro
1095 1340 1223 1378 Deiot.
1246 1341 1318 1385 2.)‚
1350 1343 1489 1381 Moue-

825 1405 872 1429 or
900 1393 1011 1431 etiam
1036 1392 1108 1432 loci
1140 1394 1345 1443 insolentia.
1404 1399 1487 1437 Sal-

824 1446 954 1486 lustius
981 1449 1042 1499 (in
1068 1450 1346 1503 Fragmentis)‚
1385 1453 1488 1503 Info-

824 1504 900 1543 lens
930 1517 1022 1542 vera
1054 1506 1265 1555 accipiendi.
1321 1506 1487 1558 Insblens

825 1569 865 1596 et
892 1571 1074 1610 arrogans
1103 1560 1343 1613 intelligitur.
1401 1566 1486 1615 Qui

824 1624 975 1664 praeter
1009 1614 1139 1667 legem
1168 1617 1248 1668 agit
1272 1618 1485 1661 humanam

824 1680 862 1707 et
883 1670 1113 1717 naturalem,
1146 1671 1300 1721 insblens
1328 1674 1484 1715 dieitur.

823 1725 964 1765 Cicero
1000 1728 1089 1777 (pro
1118 1728 1303 1769 Marcello
1333 1733 1395 1782 33,
1437 1732 1484 1770 In

821 1782 1000 1829 victoria,
1038 1794 1131 1833 quae
1160 1797 1297 1822 natura
1325 1785 1483 1836 insolens

822 1851 857 1876 et
879 1835 1041 1890 superba
1059 1836 1116 1887 est.
1173 1838 1328 1894 Euenit]
1356 1842 1484 1882 Pudet

819 1892 928 1934 fateri
958 1905 1118 1945 propter
1138 1892 1394 1936 hereditatem
1414 1910 1482 1938 ve-

819 1945 925 1988 niffe.
958 1954 961 1959 '
988 1952 1037 1989 Et
1057 1950 1145 1989 vide
1165 1948 1286 2002 ipsum
1308 1951 1393 1999 effe,
1413 1954 1481 2005 qui

821 2004 959 2044 dixerit
978 2002 1103 2057 supra,
1135 2007 1327 2048 Clamitent
1347 2024 1401 2048 me
1407 2010 1480 2060 sy-

820 2061 1055 2113 cophantam‚
1098 2062 1337 2103 hereditatem
1356 2065 1478 2117 pefi-

817 2119 894 2169 qui.
950 2120 1000 2157 D.
1405 2135 1408 2138 ·

873 2170 1040 2212 Athenas
1059 2173 1226 2228 inscilens]
1258 2174 1300 2215 1d
1313 2175 1377 2222 est,
1391 2186 1477 2218 nou

816 2224 946 2266 solitus
969 2231 1104 2269 venire
1122 2230 1307 2274 Athenas.
1357 2233 1477 2273 Vnde

816 2284 959 2326 Cicero
979 2291 1066 2337 (pro
1082 2289 1118 2325 R.
1133 2287 1260 2326 Deiot.
1275 2291 1350 2339 2.):
1379 2290 1476 2328 Mo-

815 2350 920 2378 ueret
949 2353 985 2379 et
1012 2342 1080 2380 loci
1110 2341 1311 2392 insolentia.
1368 2345 1476 2384 Alio-

815 2397 911 2446 quin
946 2397 1119 2447 insolem,
1162 2395 1345 2450 superbus
1380 2399 1474 2441 dici-

814 2461 883 2490 tur.
940 2455 982 2492 E.
1303 2482 1309 2485 ⁴

865 2507 971 2562 Quid
1003 2519 1049 2549 tu
1088 2508 1250 2550 Athenas
1291 2510 1474 2562 insidens?

814 2563 876 2604 Cr.
906 2564 1053 2620 euenit]
1097 2564 1368 2626 Prisciamlib.
1400 2580 1469 2613 XV.

812 2632 901 2674 pag·
929 2623 1021 2673 168·
1076 2624 1116 2670 L·
