1815 3168
690 209 977 258 ANDRIA.

1414 233 1433 264 ¹
1443 232 1504 279 49

270 337 316 384 si
335 335 378 382 in
399 351 493 383 rem
517 333 576 383 est
598 337 783 399 vtrique,
805 347 852 384 vt
870 335 987 391 fiant,
1021 337 1165 385 arceffi
1187 339 1302 388 iuhe.

175 411 357 474 15⁷Sed
380 409 409 456 fi
435 428 485 457 ex
509 428 556 458 ea
576 429 622 458 re
652 412 752 475 plus
787 409 938 459 mali’st
958 430 1088 477 quam
1112 415 1335 462 commodi

267 488 467 549 Vtrique,
490 487 534 533 id
559 505 637 533 oro
663 498 718 540 te.
741 489 784 534 in
810 505 1043 534 commune
1063 500 1110 536 vt
1135 491 1351 537 consulas:

268 560 400 615 Quafi
420 563 492 608 illa
512 573 584 608 tua
609 561 671 614 fit,
696 563 999 628 Pamphilique
1024 581 1107 625 ego
1132 564 1209 611 {lm
1230 581 1369 629 pater.

266 634 342 682 Sl.
381 640 479 684 Imo
504 639 560 683 ita
582 638 697 690 volo,
724 640 867 701 itaque
889 638 1076 702 postulo,
1104 651 1150 686 vt
1170 638 1254 693 fiat,
1283 642 1493 689 Chreme:

264 716 429 775 Neque
449 712 666 776 postulem
686 713 759 759 abs
784 724 842 767 te,
864 713 941 760 nisi
962 715 1049 780 ipsa
1069 731 1137 761 res
1159 727 1347 763 moneat.
1389 715 1433 764 C
1448 732 1495 767 H.

366 789 472 851 quid
494 786 584 837 cst?

168 877 233 911 20
266 858 341 910 S1.
377 867 473 909 Irae
506 863 603 910 sunt
634 864 749 911 inter
786 865 1045 928 Glycerium
1074 876 1117 913 et
1147 876 1343 927 gnatum.
1384 862 1492 913 CH.

363 938 509 985 audio.

128 1145 365 1177 commutata.
427 1137 541 1188 Olim,
592 1152 673 1179 cum
722 1140 785 1180 da-

127 1190 253 1247 bam]
292 1196 373 1233 Nos
407 1194 587 1244 dicimus,
617 1209 693 1235 cum
716 1197 785 1236 da-

128 1262 222 1297 rem,
259 1251 370 1302 Virg.
398 1253 519 1303 (Aen.
556 1266 624 1301 ιν,
661 1250 785 1305 597),

135 1303 232 1343 Tum
257 1305 387 1354 decuit,
402 1321 481 1345 cum
490 1307 640 1359 sceptra
657 1307 788 1347 dabas.

128 1357 188 1397 En
221 1360 356 1399 dextra
383 1360 556 1415 fidesque·
610 1367 661 1404 Et
696 1375 787 1402 nota

127 1414 215 1454 olim
233 1428 302 1466 pro
322 1430 458 1468 nuper.
513 1418 564 1457 D.

187 1482 236 1522 14
276 1470 316 1509 Si
351 1474 392 1510 in
431 1486 506 1511 rem
542 1471 590 1524 est
616 1475 785 1528 vtrique]

129 1527 182 1569 Tg]
235 1532 365 1574 δευτέρῳ
413 1531 619 1575 συλλογισμῷ
667 1543 786 1580 praue

129 1580 346 1632 proposuit,
374 1594 411 1621 vt
438 1585 539 1623 recle
569 1584 783 1635 replicaret.

127 1633 202 1677 Hic
232 1635 466 1691 syllogismus
493 1641 697 1691 negatiuus
728 1641 781 1679 di-

128 1693 235 1733 citur.
292 1697 392 1734 Nam
429 1695 471 1733 in
500 1693 667 1734 secundo
698 1695 781 1741 Λήμ-

123 1764 206 1793 μκτι
242 1760 361 1802 negat
388 1748 491 1802 quod
525 1750 630 1801 prius
658 1750 777 1791 dixit:

124 1803 201 1843 Sed
227 1803 252 1843 fi
282 1819 329 1857 ex
355 1818 400 1844 ea
427 1818 470 1844 re
497 1807 580 1858 plus
606 1807 695 1844 mali
716 1806 780 1855 est,

125 1873 237 1911 quam
263 1861 463 1900 commodi.
521 1860 564 1900 Si
583 1863 621 1900 in
643 1876 716 1902 rem
734 1860 781 1913 est

120 1917 287 1970 vtrique]
311 1916 374 1956 Ab
393 1918 475 1956 vtili
495 1930 780 1970 argumentum.

124 1976 299 2024 Vterque
321 1972 468 2014 duobus
488 1973 640 2012 constat.
670 1978 780 2014 Bene

124 2031 283 2081 vzrique,
304 2027 398 2068 mihi
418 2040 459 2069 et
482 2029 572 2069 tibi:
601 2044 694 2079 non,
723 2032 779 2071 al-

125 2085 194 2125 teni
214 2085 319 2136 vtile,
342 2086 450 2124 alteri
469 2086 618 2125 inutile.
671 2089 718 2127 D.

177 2142 364 2180 Nonnulli
394 2141 483 2181 libri
510 2155 597 2180 cum
619 2143 774 2182 Donato

124 2196 258 2250 legunt
289 2200 327 2236 in
359 2211 407 2236 re.
465 2197 542 2238 Sed
569 2199 695 2250 placet
724 2200 784 2241 le»,

124 2253 196 2292 &tio
230 2253 458 2306 Eugraphii,
495 2253 537 2293 Si
562 2257 602 2293 in
629 2268 702 2293 rem
730 2255 776 2307 efl

122 2311 279 2362 vtrique,
293 2308 403 2360 fiant,
424 2307 547 2363 arcessi
564 2308 657 2350 iube.
689 2313 729 2351 Β.

180 2365 313 2405 Scribe
333 2366 461 2418 arceffi,
482 2367 528 2405 ab
547 2366 706 2418 antiquo
717 2381 777 2406 ar-

127 2422 195 2460 σιό.
229 2434 262 2473 y.
289 2422 445 2462 Cellarii
465 2423 645 2475 Orthogr.
684 2427 723 2463 7„

188 2487 233 2529 15
264 2477 332 2516 Sed
352 2477 394 2529 fi
415 2492 460 2518 ex
486 2492 524 2517 ea
559 2480 617 2533 re]
648 2478 689 2518 Id
713 2478 777 2527 est,

127 2533 363 2583 nuptiarum:
391 2536 549 2574 mutauit
566 2548 780 2584 numerum,

129 2599 178 2623 ex
209 2587 344 2638 plurali
369 2588 618 2642 singularem,
655 2591 780 2639 Fiant,

131 2651 168 2681 et
187 2641 247 2681 Ex
266 2649 313 2683 ea‘
324 2658 373 2685 re.
431 2648 479 2700 D.

1412 1021 1493 1066 81.

893 1144 944 1185 16
976 1140 1020 1180 In
1047 1151 1231 1182 c‘ommune
1259 1141 1418 1196 consule]
1447 1141 1493 1182 Id

836 1195 900 1245 est,
920 1212 967 1237 ex
986 1200 1136 1249 aequali
1155 1199 1331 1251 prouide.
1387 1203 1433 1239 D.

891 1257 951 1294 Ne
969 1255 1061 1308 lege
1074 1268 1159 1294 cum
1173 1253 1368 1306 plerisque
1380 1254 1489 1295 codd.

836 1309 878 1348 id
894 1323 928 1348 te
946 1324 1019 1358 oro,
1051 1324 1102 1349 ne
1120 1309 1365 1363 suspendatur
1383 1309 1492 1364 syna-

836 1364 988 1415 loepha.
1019 1369 1196 1406 Donatus
1217 1368 1312 1420 legit
1339 1371 1378 1405 in
1397 1381 1491 1417 corm-

836 1434 940 1459 mune
964 1422 1120 1472 confide,
1151 1422 1257 1474 quod
1283 1436 1416 1475 pamm
1434 1434 1492 1461 re-

836 1475 923 1515 fert.
983 1479 1023 1515 Β.

894 1543 944 1583 17
964 1531 1088 1585 Qasl
1107 1531 1177 1586 illa*
1197 1546 1260 1572 tua
1276 1531 1351 1584 stt,
1385 1534 1492 1572 Pam·

829 1587 995 1639 philique
1025 1602 1090 1642 ego
1115 1588 1189 1639 stm
1218 1591 1343 1643 pater]
1390 1592 1491 1629 Nota

829 1640 1080 1682 suauiffimarn
1118 1645 1363 1690 varietatem;
1410 1658 1490 1683 non

831 1699 936 1747 dicit,
971 1699 1072 1749 quasi
1094 1711 1155 1738 tua
1172 1699 1236 1746 fit,
1267 1711 1307 1740 et
1322 1701 1390 1739 ille
1409 1714 1492 1739 me-

829 1767 885 1793 us.
942 1755 992 1793 D.

883 1808 978 1849 Cod.
1014 1809 1290 1861 Academicus:
1324 1812 1491 1864 Pamphi*

829 1863 953 1918 loque;
982 1862 1111 1904 nescio
1133 1880 1183 1906 an
1204 1868 1339 1907 verius.
1395 1871 1435 1908 B.

888 1929 933 1970 18
966 1922 1043 1960 [mo
1064 1923 1119 1960 ita
1137 1922 1242 1976 volo]
1272 1925 1374 1974 Quia
1395 1923 1489 1963 vtile

830 1976 904 2026 est,
938 1978 1027 2030 quia
1052 1978 1103 2028 *in
1129 1991 1212 2019 rem
1239 1979 1303 2019 est.
1359 1980 1489 2032 ltaque

826 2033 994 2087 postulor]
1044 2030 1193 2086 Itaque,
1232 2035 1350 2074 modo
1388 2035 1489 2074 duae

828 2099 955 2140 partes
992 2090 1177 2128 orationis
1216 2087 1321 2129 sunt:
1367 2103 1405 2129 vt
1442 2093 1486 2137 in

825 2147 1000 2198 Hecyra,
1036 2146 1168 2199 Itaque
1195 2160 1262 2185 nos
1287 2161 1360 2186 vna
1387 2150 1488 2199 inter

826 2215 889 2242 nos
910 2214 1065 2240 aetatem
1083 2216 1190 2256 agere
1208 2202 1326 2241 liceat.
1385 2207 1433 2242 D.

886 2270 936 2307 19
981 2258 1111 2309 Neque
1152 2259 1345 2312 postulem]
1383 2259 1485 2311 Quia

826 2312 975 2364 postulo
999 2314 1188 2364 praetulit.
1246 2317 1295 2354 D.

884 2373 934 2409 Vt
971 2366 1160 2408 medearis
1201 2367 1347 2419 versui,
1392 2372 1486 2425 lege

830 2439 918 2464 cum
970 2424 1077 2464 codd.
1127 2424 1353 2477 quibusdam
1417 2440 1485 2466 NI

830 2482 920 2534 ipsit.
973 2483 1013 2520 B.

887 2549 940 2577 20
987 2537 1068 2574 Irae
1096 2536 1192 2590 sunt
1224 2539 1322 2576 inter
1361 2537 1488 2592 (fimf

829 2595 925 2631 r‘ium
963 2607 997 2631 et
1029 2593 1210 2646 gnatum]
1260 2596 1343 2632 Hoc
1384 2594 1486 2633 laeto

830 2648 1314 2699 vultupronunciatSimo:
1333 2649 1486 2691 ethoea

939 2705 978 2744 lx
1008 2718 1039 2768 3-
1377 2706 1486 2758 pessi-
