1815 3168
538 121 1086 169 HEAVTONTIM.

1398 122 1494 180 697

268 241 370 292 CL.
412 244 486 292 Est
509 245 751 292 verisimile.
787 245 873 294 Sv.
908 265 963 294 an
988 259 1035 294 tu
1067 247 1124 295 ob
1146 258 1374 313 peccatum
1395 248 1495 302 hoc,

364 319 446 367 effe
468 322 591 367 illum
614 325 772 368 iratum
793 320 955 387 putas?

266 391 365 443 CL.
408 401 518 443 Non
549 397 750 446 arbitror.
792 396 879 445 SY.
913 416 1032 445 nunc
1065 398 1182 446 aliud
1204 396 1370 464 spePta:
1407 415 1494 446 ma·

361 482 448 518 tres
473 490 625 519 omnes
649 471 746 519 ffliis

263 550 315 593 In
337 558 515 611 peccato
542 549 785 602 adiutrices,
806 549 963 595 auxilio
986 551 1031 595 in
1053 559 1232 614 paterna
1253 552 1412 597 iniuria

161 635 231 682 40
268 623 419 669 Solent
452 621 556 669 effe:
592 625 637 670 id
674 642 764 671 non
799 622 860 670 fit.
902 622 1002 671 CL.
1040 642 1195 673 verum
1228 625 1347 672 dicis.
1387 625 1494 690 quid

358 715 465 759 ergo
486 717 604 746 nunc
623 700 790 752 faciam,
813 699 954 763 Syre?

261 769 349 820 SY.
381 775 678 839 Suspicionem
709 774 840 822 istanc
875 793 925 822 ex
948 775 1030 822 illis
1055 792 1238 840 quaere:
1276 793 1372 823 rem
1391 793 1493 842 pro-

356 849 422 896 fer
443 851 606 915 palamz

259 926 304 971 Si
327 941 418 971 non
445 925 504 971 est
525 944 705 980 verum,
739 926 792 973 ad
820 927 1154 975 misericordiam
1181 927 1332 975 ambos
1361 928 1496 975 addu-

357 1017 426 1046 ces
453 1003 537 1049 cito
553 1017 563 1050 3

260 1079 353 1122 Aut
386 1076 507 1123 scibis
542 1080 663 1124 cuius
695 1076 762 1125 fis.
812 1074 920 1125 CL.
965 1076 1084 1126 reete
1115 1078 1286 1137 suade53
1326 1080 1493 1127 faciam.

357 1149 387 1198 S
405 1169 454 1197 Y.
495 1153 552 1199 sat
572 1151 691 1198 reste
712 1154 798 1200 hoc
821 1155 930 1200 mihi

260 1229 314 1273 In
337 1238 531 1274 mentem
551 1231 693 1274 venit:
734 1246 924 1293 namque
944 1229 1190 1277 adolescens
1214 1247 1345 1294 quam
1365 1231 1492 1278 mini·

355 1305 491 1350 main
513 1302 586 1368 spe
606 1302 707 1350 fitus
730 1307 825 1358 erit,

125 1500 323 1555 Postquam
349 1500 396 1554 est
421 1504 596 1554 inuenta'‚
626 1507 779 1545 inuenta

123 1571 211 1597 vero
240 1558 285 1609 est
302 1560 419 1613 cauJiz,
442 1574 513 1613 qua
539 1572 607 1601 etc.
665 1566 781 1602 Amat

121 1615 330 1654 Terentius
360 1616 475 1655 verba
493 1616 539 1655 {ie
564 1617 782 1668 duplicare3

124 1668 235 1723 supra
255 1684 280 1718 1,
311 1684 358 1719 2,
390 1683 453 1725 32.
484 1683 524 1713 et
541 1676 637 1713 Hec.
658 1687 715 1723 11,
746 1686 781 1723 1,

123 1739 190 1779 45.
247 1730 290 1766 Β.

184 1795 236 1835 37
261 1782 405 1821 Iratum
431 1785 596 1840 putas?]
623 1788 733 1825 Bene
753 1787 781 1826 i-

124 1850 269 1885 ratum,
303 1839 353 1877 ob
379 1851 592 1891 peccatum.
655 1843 783 1880 Iratus

125 1895 197 1941 est,
230 1895 297 1945 qui
318 1908 366 1933 ex
386 1897 515 1947 aliqua
535 1910 579 1936 re
596 1898 782 1946 lacessitus

123 1948 305 1990 irascitur.
365 1953 593 2001 Iracundus,
629 1968 677 1994 ex
698 1968 783 2007 par-

122 2020 169 2047 ua
187 2007 247 2045 vel
268 2007 372 2046 nulla
391 2007 508 2047 causa.
565 2012 612 2052 C.

183 2067 299 2115 Lege,
322 2075 511 2116 peccatum
530 2065 602 2113 lgoc
620 2067 698 2106 uim
721 2065 783 2120 effi’

126 2120 226 2159 illum
245 2120 386 2158 iratzim
402 2129 537 2172 putas?
562 2148 566 2152 x
594 2126 635 2161 B.

180 2181 229 2227 38
261 2175 412 2216 Matres
425 2191 544 2216 omnes
558 2175 672 2229 filiis]
701 2179 784 2218 Me-

125 2231 302 2270 nander:
334 2235 392 2272 Ε’ςὶ
412 2235 448 2272 δὲ
469 2231 576 2280 μήτηρ
596 2234 784 2278 φιλότεκνος

87 2313 90 2319 ,
126 2288 249 2332 μᾶλὶκον
268 2288 408 2335 πατρός.
463 2290 577 2341 Apul.
591 2290 778 2343 Floridg.

113 2341 285 2393 struulus
312 2344 484 2390 callidus,
509 2359 544 2384 et
562 2350 676 2385 amica
704 2345 785 2384 illu·

128 2399 226 2447 dens,
246 2414 280 2439 et
299 2414 397 2440 vxor
415 2400 590 2452 inhibens,
611 2416 647 2441 et
666 2416 784 2442 mater

124 2455 327 2510 indulgens.
384 2461 423 2497 L.

180 2525 234 2564 40
272 2513 320 2550 Id
352 2526 426 2552 non
453 2511 520 2564 fit]
556 2516 686 2553 Mater
715 2513 784 2553 tibi

127 2581 208 2607 non
235 2567 286 2607 est
305 2568 485 2608 adiutrix:
518 2581 559 2609 et
576 2570 650 2609 hoc
662 2583 786 2621 prope

127 2624 379 2664 verisimilius.
440 2627 570 2666 Verum
581 2625 689 2673 dicis]
709 2627 787 2667 Pri-

1419 1396 1488 1442 45

829 1519 873 1545 us
892 1516 1021 1545 autem
1040 1504 1210 1555 dicebat,
1244 1519 1334 1546 eum
1354 1505 1492 1548 dixiffe

831 1562 976 1613 aliquid
996 1561 1196 1612 verifi'mile.
1254 1565 1299 1604 C.

883 1631 933 1672 41
966 1617 1215 1670 Suspicionem
1232 1618 1359 1670 astam]
1378 1621 1491 1671 Quae

830 1674 957 1715 turbat
976 1685 1079 1713 tuam
1090 1686 1275 1724 mentem,
1296 1675 1490 1725 videlicet,

832 1744 881 1769 an
905 1730 948 1768 fis
968 1743 1105 1770 eorum
1124 1730 1236 1780 filius,
1257 1744 1332 1770 nec
1352 1745 1416 1771 ne.
1444 1732 1490 1772 C.

882 1787 1036 1826 Excidit
1060 1800 1108 1825 ex
1135 1786 1215 1826 fine
1241 1784 1367 1826 versus
1400 1801 1492 1827 con·

831 1843 978 1881 iunctio
1005 1855 1092 1892 aut,
1122 1853 1163 1880 vt
1180 1840 1412 1895 respondeat
1437 1842 1493 1884 se-

832 1899 970 1951 quenti
991 1911 1068 1937 aut.
1126 1902 1166 1938 Β.

884 1966 938 2006 42
969 1953 1350 2010 Admfi’ricordiam]
1383 1957 1491 2007 Quia

833 2021 1011 2062 parentes
1038 2012 1118 2049 veri
1144 2010 1229 2050 filiis
1255 2013 1331 2051 cito
1357 2011 1492 2065 ignos-

833 2078 937 2106 cunt.
996 2068 1042 2107 C.

887 2133 938 2175 43
972 2125 1055 2162 Aut
1070 2121 1189 2172 fiibis
1218 2125 1321 2164 cuius
1337 2123 1410 2177 fis]
1440 2127 1490 2165 H.

834 2193 868 2219 e.
890 2178 916 2217 fi
938 2178 992 2218 est
1013 2191 1157 2217 verum.
1216 2183 1256 2219 Β.

889 2247 944 2288 44
970 2235 1137 2273 Minima
1162 2237 1200 2272 in
1206 2235 1275 2287 spe
1282 2234 1376 2287 situs
1397 2237 1492 2291 eriz]

833 2293 932 2331 Nam
963 2290 989 2330 {i
1009 2304 1092 2330 non
1111 2288 1148 2329 se
1176 2290 1254 2330 esse
1272 2291 1394 2331 filium
1414 2306 1494 2332 cre-

834 2347 988 2396 diderit,
1009 2360 1056 2387 eo
1075 2345 1330 2387 miserabilior
1349 2347 1494 2388 videbi-

834 2415 895 2442 tur
923 2404 1040 2455 patri:
1068 2413 1109 2443 et
1136 2404 1244 2442 citius
1271 2404 1319 2443 ad
1347 2403 1492 2445 miseri-

833 2459 1001 2499 cordiam
1024 2459 1286 2499 commonebit
1300 2473 1401 2500 eum.
1438 2463 1496 2501 Sa·-

833 2519 907 2566 tus]
939 2517 1013 2555 Hic
1033 2516 1358 2568 iiiflefflti*¹.·fitus‚
1378 2530 1493 2566 aste-m,

832 2573 858 2611 i.
884 2585 917 2610 e.
936 2571 1100 2618 situatas,
1126 2572 1362 2611 constitutus.
1391 2575 1435 2612 C.

890 2629 1058 2668 Faernus
1089 2627 1233 2679 edidit,
1274 2643 1357 2668 nam
1384 2642 1495 2682 quam

945 2686 1014 2723 Xx
1044 2697 1067 2738 ς
1401 2686 1496 2724 aelo-
