1815 3168
326 132 427 189 466

737 126 894 175 ACT.
929 122 988 172 VJ
1030 122 1309 170 SCEN.11.

476 254 678 310 Videtur.
717 272 810 304 non
829 252 921 301 est?
953 264 1047 301 tum
1070 257 1180 317 quae'
1202 253 1294 299 eius
1315 247 1648 301 confidentia’st!

428 404 726 460 Achs
784 398 1136 470 Qy1NT1
1200 397 1493 450 SCENA
1554 397 1625 452 11.

580 492 891 535 CHAEREA.
934 487 1142 529 THAIS.
1187 487 1477 528 PYTHIAS.

355 633 488 748 A?
509 654 535 682 v
556 652 584 680 r>
633 628 937 693 Antiphonem
962 636 1155 688 vterque,
1181 635 1319 672 mater
1341 636 1383 672 et
1404 636 1541 690 pater,

503 705 634 764 Quasi
657 704 799 757 dedita
822 719 968 767 opera,
992 701 1113 748 domi
1136 714 1270 753 erant,
1295 710 1342 748 vt
1362 701 1485 748 nullo
1507 700 1642 748 modo

491 783 683 832 Introire
706 775 885 844 possem,
910 779 1016 841 quin
1035 775 1233 823 videre-nt
1253 793 1350 822 me:
1385 778 1562 822 interim

494 865 621 910 Dum
644 867 742 903 ante
768 853 924 902 ostium
941 851 1029 906 sto,
1059 863 1189 900 notus
1214 852 1322 899 mihi
1345 851 1521 916 quidam
1542 851 1721 899 obuiam

1571 944 1596 990 5
1639 931 1724 974 Ve-

365 1065 477 1112 dixit,
507 1058 612 1113 quod
630 1054 781 1108 semper
801 1055 906 1096 inter
927 1057 1022 1094 Poe·
1069 1065 1158 1094 eum
1177 1065 1288 1092 reum
1304 1053 1459 1093 vitiatae
1478 1052 1640 1106 virginis
1660 1063 1727 1102 pu-

367 1135 423 1163 tas
436 1118 542 1160 nulla
551 1113 835 1169 significatione
845 1111 909 1150 est.
930 1112 1024 1150 Sen—
1069 1120 1179 1152 taret.
1233 1109 1345 1161 Apud
1352 1108 1597 1160 Antiphonem
1615 1107 1726 1155 dixit,

370 1177 428 1219 sus
467 1185 596 1214 autem
631 1170 735 1210 talis:
775 1167 865 1208 vide
897 1168 1023 1218 impu-

366 1232 553 1278 dentiam,
575 1226 664 1267 vide
682 1222 883 1277 aspeetum,
896 1234 1027 1274 quem·-

370 1285 580 1332 admodum
619 1281 775 1321 incedit.
836 1280 886 1318 Os
926 1286 1024 1330 ergo

373 1344 565 1398 impudens
584 1337 748 1385 videtur,
771 1348 850 1375 cum
869 1334 1025 1387 ¹aspicias

368 1402 519 1442 venire.
576 1399 624 1437 Et
651 1391 753 1445 quafi
781 1390 924 1442 aliquid
949 1402 1026 1429 me-

375 1458 494 1498 retrix
536 1450 697 1499 dixerit,
731 1449 785 1487 ita
820 1444 1026 1499 subiungit,

371 1517 465 1556 Non
478 1508 553 1563 eft?
567 1505 683 1560 quafi,
695 1516 815 1557 negas
827 1501 914 1552 effe,
927 1502 1032 1554 quod

376 1569 489 1612 dico?
515 1569 573 1613 Et,
597 1563 670 1602 hoc
688 1572 725 1601 vt
743 1559 954 1604 confirmet,
966 1557 1032 1597 ad·

377 1625 528 1678 iungit,
556 1622 631 1660 Cur
650 1622 771 1674 igitur
786 1627 892 1656 tanta
922 1611 1031 1665 confi-

376 1685 503 1726 denna
512 1677 642 1730 fi·etu5
659 1673 818 1714 incedit?
871 1674 914 1712 E.

428 1749 480 1789 23
509 1732 646 1775 Faerni
666 1730 756 1770 Libri
770 1729 899 1767 omnia
915 1725 1035 1765 tribu-

375 1791 449 1835 unt*
469 1790 642 1845 Pythiae,
660 1781 725 1827 ffifl
744 1784 901 1837 plurimi
918 1781 1035 1821 nostri

374 1848 507 1895 verba,
531 1846 623 1884 Non
641 1843 698 1895 est,
716 1840 871 1881 Thaidi.
921 1842 1033 1878 Hanc

375 1908 571 1947 rationem
587 1897 822 1951 sequendam
841 1905 944 1946 puto,
966 1891 1032 1931 sed

378 1963 523 2009 deleto,
555 1956 612 2008 cst,
640 1965 678 1994 vt
697 1952 955 2004 intelligatur,
982 1950 1035 1987 vi-

377 2021 500 2060 detur.
558 2016 656 2054 Nam
681 2007 789 2061 supra
813 2006 935 2047 Thais
970 2003 1035 2043 ho-

376 2073 517 2127 nestum
547 2069 705 2108 dixerat.
758 2066 816 2103 B.-

440 2142 459 2172 1
490 2125 598 2180 Apud
609 2119 853 2175 Antiphonem
863 2116 1035 2170 vterque]

380 2185 550 2229 Rediens
569 2182 611 2219 in
623 2178 806 2219 viciniam
821 2173 935 2222 suam,
954 2186 1036 2212 cau-

381 2242 459 2283 sam
485 2237 612 2280 reddit
635 2233 830 2282 Chaerea,
864 2244 930 2270 cur
952 2242 1036 2268 non

379 2295 582 2339 mutarier-it
627 2290 781 2331 vestem.
854 2286 1038 2338 oportuit

1073 1166 1210 1219 proin
1249 1164 1367 1204 domo
1397 1166 1495 1204 eius.
1551 1164 1726 1216 Vterque,

1074 1235 1193 1273 mater
1212 1234 1247 1260 et
1263 1221 1386 1275 pater]
1419 1225 1531 1268 Non,
1562 1229 1727 1269 vterque

1074 1289 1201 1330 pater,
1229 1287 1267 1316 et
1297 1285 1458 1328 vti-aque
1487 1286 1629 1323 mater,
1661 1271 1727 1312 sed

1072 1346 1224 1386 vterque
1241 1345 1288 1384 pa
1294 1347 1377 1371 rens
1387 1349 1401 1369 .·
1420 1332 1509 1384 quia
1519 1333 1600 1385 (qui
1609 1329 1656 1382 est
1665 1330 1731 1381 Ζ.)

1073 1400 1182 1444 pater
1203 1401 1242 1427 et
1259 1399 1390 1428 mater.
1412 1431 1416 1433 ,
1444 1390 1491 1428 D.
1671 1403 1675 1405 ·
1700 1412 1714 1418 v-

1134 1446 1245 1498 Apud
1291 1442 1561 1497 Antiphonem]
1622 1444 1733 1482 Haec

1081 1503 1206 1542 Scena
1222 1501 1448 1540 iniuriarum
1464 1499 1659 1538 aeiionem
1679 1509 1734 1537 te·

1081 1568 1161 1598 net.
1192 1570 1302 1597 reum
1327 1556 1415 1596 facit
1432 1554 1647 1597 Chaeream
1657 1565 1738 1592 me.-

1080 1615 1198 1654 retrix
1227 1614 1404 1652 iniuriae.
1438 1622 1477 1651 at
1503 1611 1571 1650 ine
1601 1606 1640 1648 se
1671 1621 1736 1648 ve-

1082 1672 1176 1710 niali
1204 1669 1295 1708 statu
1325 1680 1464 1722 purgat
1491 1667 1646 1711 dicens,
1686 1663 1735 1710 se,

1083 1725 1187 1779 quod
1204 1722 1350 1773 fecerit,
1371 1736 1499 1765 amore
1508 1719 1649 1762 fecisse.
1684 1724 1736 1761 At

1082 1785 1208 1836 primo
1245 1781 1403 1833 quidem
1439 1780 1625 1830 loquitur,
1668 1789 1735 1814 cur

1081 1853 1163 1879 uon
1188 1849 1333 1877 mutata
1359 1836 1461 1876 veste
1488 1846 1593 1874 nunc
1620 1845 1739 1871 vene·

1080 1896 1141 1934 rit.
1201 1898 1245 1935 E.
1511 1908 1513 1911 ¹

1136 1961 1164 1991 2
1191 1947 1318 2005 Qcasi
1339 1947 1463 1986 dedita
1495 1956 1605 1998 opera
1638 1944 1738 1982 domi

1082 2007 1211 2054 erant]
1251 2007 1342 2044 Nou
1366 2015 1459 2054 ‚tam
1502 2002 1664 2047 mirum,
1709 1997 1738 2038 fi

1085 2062 1192 2101 domi
1221 2071 1350 2111 eram:
1388 2056 1456 2097 sed
1489 2055 1741 2108 illud‘magic

1085 2119 1237 2164 mirum,
1261 2115 1367 2167 quod
1388 2112 1642 2153 ineadomus
1652 2125 1739 2163 par-

1085 2177 1143 2222 te',
1169 2185 1243 2224 qua
1263 2173 1305 2210 in
1325 2171 1443 2209 aedes
1461 2167 1741 2208 introeundum

1081 2240 1162 2269 erat
1180 2224 1479 2267 adolescentulo.
1535 2229 1586 2266 D.

1138 2298 1161 2339 3
1196 2285 1243 2324 Vt
1261 2283 1357 2323 nullo
1375 2283 1481 2322 modo
1491 2282 1649 2320 introire
1655 2280 1740 2333 post

381 2365 525 2398 autem,
553 2359 593 2389 et
613 2347 664 2386 de
685 2343 905 2385 necestitate
927 2352 1038 2395 argiv.
1072 2341 1172 2393 fim]
1212 2340 1391 2390 Superius
1425 2334 1534 2377 causa
1563 2338 1741 2375 coutine-

380 2410 506 2450 menti
523 2406 608 2454 fuit,
627 2401 845 2445 Chaeream
863 2411 945 2438 non
956 2412 1037 2438 mu-

379 2463 472 2506 tasse
491 2462 656 2504 vestem:
687 2470 726 2498 vt
747 2466 833 2496 cum
853 2455 1037 2494 meretrix

384 2523 576 2574 virginem
607 2531 628 2556 a
660 2514 833 2556 Chaerea
865 2512 1036 2551 vitiatam

379 2579 551 2622 audiret,
576 2584 616 2613 et
634 2584 723 2611 eum
742 2581 828 2609 cum
848 2568 952 2619 turpi
968 2566 1036 2606 ha-

379 2635 462 2676 bitu
509 2629 773 2672 incedentem*
803 2625 1032 2674 intueretur,

1083 2408 1157 2444 tur,
1177 2408 1244 2434 cur
1261 2409 1344 2435 non
1360 2392 1741 2436 mutaueritvestem:

1083 2452 1245 2493 inferius
1263 2463 1406 2497 autem,
1434 2463 1499 2489 cur
1517 2448 1591 2488 huc
1612 2447 1740 2488 redie-

1082 2511 1142 2550 rit.
1239 2510 1304 2547 uin
1332 2507 1500 2546 viderent
1526 2516 1597 2556 me]
1634 2504 1742 2558 Qin

1083 2564 1213 2613 modu,
1236 2577 1305 2616 pro
1327 2576 1404 2615 quo
1421 2563 1560 2605 minus,
1613 2564 1664 2602 D.

1140 2636 1167 2674 4
1197 2620 1300 2661 Dmn
1320 2633 1406 2661 ante
1418 2617 1633 2672 ostt'umsto]
1660 2620 1740 2656 An-

1617 2673 1745 2727 tipho—
