1815 3168
513 129 1041 178 HEAVTONTIM.

1355 137 1446 196 643

92 256 102 263 ,.
120 277 188 323 40
222 253 332 309 CH.
371 256 482 306 Istuc
512 255 653 305 reffiez
691 254 945 305 conseruasti
970 266 1015 302 te
1035 266 1163 320 atque
1185 241 1325 307 illam:
1354 259 1382 308 S
1399 276 1448 309 o.

318 337 368 387 is,
391 330 464 380 hic
486 332 545 379 est
571 333 740 379 anulus.

176 424 180 427 ’
219 406 326 458 CH.
366 409 493 456 Vnde
515 408 678 455 habes?
719 408 809 454 So.
844 423 974 471 quam
995 406 1172 453 Bacchis
1207 408 1347 458 secum
1379 413 1449 460 ad-

318 483 439 530 duxit
461 480 839 530 adolescentulam:
880 481 969 529 SY.
1003 479 1131 530 hem!

215 555 322 606 CH.
365 559 483 613 Quid
519 576 566 604 ea
597 555 774 609 narrat?
809 556 902 603 So.
934 575 1005 611 ea,
1038 558 1231 625 lanatum
1257 560 1363 607 dum
1398 566 1445 618 it,

313 633 572 680 seruandum
594 634 705 679 mihi
729 631 861 679 dedit.

218 712 432 757 Animum
468 726 559 755 non
590 709 761 754 aduorti
793 709 1014 772 primum:
1054 708 1124 755 sed
1153 709 1382 774 postquam
1406 731 1446 760 a·

317 785 446 848 spexi,
480 784 580 830 ilico

217 862 444 921 Cognoui:
482 859 534 904 ad
558 870 600 904 te
624 857 768 905 exilui.
807 855 914 906 CH.
952 857 1059 922 quid
1079 876 1198 907 nunc
1225 861 1446 926 suspicare,

312 945 386 980 aut
417 935 588 979 iuuenis

115 1024 182 1076 45
216 1015 286 1057 De
306 1005 412 1058 illa?
452 1006 541 1056 So.
581 1008 746 1058 nescio3
787 1006 865 1057 nifi
885 1026 935 1055 ex
966 1010 1053 1075 ipsa
1083 1027 1287 1075 quaeraS,
1331 1015 1470 1062 vnde·

305 1085 431 1138 ,hunc
460 1083 675 1136 habuerit,

212 1163 258 1210 Si
278 1162 394 1225 potis
417 1158 475 1204 est
498 1160 695 1222 reperiri.
738 1157 827 1207 ΞΥ.
865 1161 1037 1219 interii3
1068 1162 1169 1227 plus
1195 1163 1283 1229 spei
1304 1165 1445 1220 video,

309 1251 440 1299 quam
469 1234 570 1282 volo
584 1253 594 1280 :

132 1466 190 1515 ’40
217 1459 312 1514 Istuc
323 1459 434 1514 reae]
472 1458 649 1506 Εἴρωνικῶς
682 1455 736 1497 di-

79 1519 192 1560 ξὶιιπι.
250 1520 294 1560 C,

132 1573 278 1622 Nostri,
309 1573 382 1612 Hic
413 1574 445 1611 is
468 1570 533 1623 est,
571 1572 737 1618 meliore

77 1641 255 1673 accentu,
310 1632 351 1668 B.

131 1699 182 1740 41
215 1685 360 1739 Hem!]
390 1685 506 1737 Syrus
524 1682 656 1730 timer,
683 1695 734 1723 ne

76 1742 144 1783 fibi
179 1742 430 1794 praeripiatur
457 1738 658 1778 auferendi
680 1753 733 1778 ar·

75 1801 187 1852 genti
206 1797 347 1836 occaiio
361 1827 369 1842 ,
398 1797 602 1848 agnitione
619 1795 733 1834 filiae.

75 1857 211 1906 ltaque
234 1853 410 1906 ingemit.
469 1852 511 1891 C.

131 1924 184 1964 42
206 1908 409 1960 Lanatum]
440 1904 660 1947 Secundum
671 1919 735 1946 an·

75 1968 225 2018 tiquos:
272 1977 343 2003 nos
371 1962 552 2012 dicimus,
602 1963 731 2001 lotum.

72 2022 238 2063 Ouidius
295 2019 489 2059 Fastorum
546 2016 734 2067 secundo,

74 2080 219 2131 (Immo
249 2076 340 2116 Fast.
374 2088 451 2124 111,
481 2085 540 2116 Ις).ι
581 2078 732 2127 Legen-

74 2134 173 2174 dum·
201 2145 350 2172 antem:
393 2130 505 2170 Sacra
539 2131 730 2170 luunturas

73 2204 180 2230 mane
212 2189 362 2241 petebat
395 2189 541 2240 aquas).
609 2187 728 2225 Mane

72 2249 267 2288 lauaturas
282 2243 396 2295 fizcra
420 2241 571 2296 petebat
596 2255 723 2295 aquas.

72 2306 120 2346 C.

130 2371 181 2411 43
213 2355 314 2398 Libri
345 2353 526 2394 meliores
551 2356 728 2401 Animum

71 2411 221 2456 habent
243 2425 313 2463 pro
336 2412 532 2450 Annulum.
588 2413 627 2450 B.

129 2484 183 2521 44
211 2468 349 2513 Exilui]
368 2467 548 2507 Ostendit
566 2466 726 2513 nimiam

71 2524 255 2567 laetitiam
278 2524 327 2563 de
349 2523 513 2562 inuenta
529 2521 618 2562 filia.
667 2521 726 2562 Id·

71 2595 120 2623 eo
139 2593 221 2620 non
243 2578 337 2618 dixit
354 2578 484 2632 acceffi.
541 2581 585 2621 C.

1283 1315 1446 1365 Nostra

787 1451 853 1498 sled
881 1456 1014 1498 refflus
1042 1457 1084 1499 in
1102 1457 1233 1499 Bemb.
1264 1473 1307 1501 vt
1327 1460 1444 1502 abest.

786 1518 886 1556 Nam
905 1516 973 1567 nist
991 1515 1052 1554 hic
1072 1516 1285 1569 signifi-[M.
1341 1521 1380 1557 R.

838 1627 893 1679 46
925 1626 1105 1680 Flusspei
1123 1629 1245 1682 video]
1277 1628 1446 1669 Nolebat

784 1692 862 1721 tam
890 1684 966 1721 cito
997 1684 1178 1737 cognosci
1214 1685 1349 1725 tiliam:
1390 1699 1443 1725 ne

786 1739 928 1777 occasio
948 1738 1232 1792 praeriperetur
1263 1743 1444 1782 auferen-

785 1795 826 1832 di
847 1806 1061 1847 argentum.
1122 1797 1212 1835 Plus
1230 1798 1328 1849 spei]
1359 1799 1446 1837 Me-

784 1850 855 1888 lius
880 1852 934 1889 est
955 1862 992 1889 vt
1008 1863 1091 1890 non
1111 1852 1157 1890 ad
1178 1853 1315 1905 Syrum
1341 1853 1443 1893 refe-

783 1919 852 1954 ras,
878 1904 941 1946 sed
963 1905 1009 1945 ad
1028 1907 1228 1947 Sostratam
1301 1912 1349 1949 (ἶ.

836 1961 919 2000 Plus
935 1964 1020 2015 spei
1032 1964 1161 2012 video]
1193 1967 1277 2003 Hoc
1307 1963 1439 2005 seruus

782 2030 869 2057 cum
904 2019 1052 2071 gemitu
1086 2019 1198 2058 dicit:
1247 2020 1438 2071 {iqmdem

779 2072 862 2114 fieri
874 2073 1007 2125 potest,
1030 2073 1328 2128 vtcognoscatur
1342 2078 1437 2118 baec

780 2128 1004 2181 Antiphila,
1049 2132 1150 2181 quod
1182 2130 1258 2169 filia
1284 2133 1438 2173 domini

777 2183 828 2223 fit.
888 2187 981 2236 Quo
1033 2185 1132 2226 faeto
1180 2186 1437 2228 vehementer

775 2242 924 2288 metuit,
950 2255 1003 2282 ne
1018 2241 1173 2292 incipiat
1192 2244 1321 2282 Clinia
1340 2246 1438 2284 ami«

778 2309 860 2335 cam
881 2294 982 2335 suam
1004 2297 1191 2341 confiteri,
1214 2309 1251 2337 et
1273 2298 1436 2354 cognos-

777 2362 836 2391 cat
855 2361 984 2404 pater,
1016 2352 1119 2403 quod
1138 2355 1321 2394 meren-ix
1339 2359 1437 2396 ami-

777 2421 819 2447 ca
857 2407 1094 2460 Clitiphonis
1131 2411 1183 2451 ht.
1248 2414 1434 2464 Denique

775 2463 865 2503 ideo
885 2464 987 2506 dicit,
1016 2478 1100 2504 curn
1122 2479 1267 2506 nomen
1287 2469 1432 2510 difflum

775 2519 869 2560 efl'et
887 2521 981 2568 eius,
1007 2521 1066 2559 cui
1090 2520 1174 2561 data
1195 2521 1287 2563 effer
1303 2523 1430 2576 puella

774 2587 814 2616 vt
830 2588 1115 2627 exponeretur,
1142 2579 1289 2618 Mirum
1308 2594 1345 2619 m
1364 2581 1431 2623 illa

127 2651 181 2694 45
212 2638 342 2692 Vulgo
360 2636 452 2689 Ntfi'
476 2645 519 2678 vt
547 2648 593 2676 ex
619 2630 726 2690 ipfin·
763 2633 873 2686 staua
893 2632 950 2683 est,
970 2646 1004 2672 et
1023 2648 1090 2691 ego
1110 2637 1221 2689 perii.
1279 2639 1321 2676 E.

882 2690 992 2733 522
