1815 3168
600 118 1133 166 HEAVTONTIM.

1441 133 1539 179 709

315 243 422 294 CH.
460 247 588 300 Heia,
609 257 656 294 vt
677 247 850 307 elegans
876 240 958 296 est!
995 244 1142 292 credas
1162 247 1357 292 animum
1367 245 1427 294 ibi
1442 244 1540 295 effe.

415 334 507 384 So.
546 339 671 384 aliam
700 337 827 384 dabo.

223 450 285 482 20
322 427 367 479 C
380 444 424 478 L.
465 430 586 484 Quid
608 425 730 481 istic?
769 427 1125 493 quandoquidem
1138 427 1335 477 ducenda
1346 428 1418 485 est,
1442 448 1542 494 ego·

417 532 506 568 met
529 521 669 568 habeo
690 520 1019 586 propemodum

321 598 469 669 Quam
504 614 620 661 volo.
658 611 750 660 So.
792 620 917 659 nunc‘
949 612 1105 667 laudo,
1146 623 1289 675 gnate.
1324 609 1426 661 CL.
1463 618 1543 663 Ar·

417 705 595 752 chonidi
617 705 748 751 huius
770 702 918 750 filiam.

318 794 412 846 So.
453 797 691 861 Perplacet.
737 791 836 842 CL.
876 806 1014 861 pater,
1037 796 1123 844 hoc
1144 813 1263 843 nunc
1286 795 1426 844 restat.
1451 794 1547 847 CH.

418 888 556 955 quid?
595 884 691 936 CL.
732 892 845 953 Syro
871 889 1063 950 ignoscas
1085 889 1202 941 volo,

1422 1025 1551 1095 Quae

188 1220 314 1261 colore
333 1223 429 1262 caeli.
455 1219 562 1276 quast
575 1221 697 1262 caelia,
741 1225 844 1263 Dan·
893 1218 960 1259 sar.
980 1224 1135 1266 φάκοψις,
1159 1218 1549 1275 Lentiginofics‚spar-

190 1288 252 1317 tur
265 1278 387 1319 caefiii
402 1280 503 1318 oculi
519 1281 737 1325 Mineruae,
757 1291 846 1317 coe·
883 1276 932 1328 so
955 1290 1032 1316 ore.
1087 1279 1127 1317 L.

188 1336 286 1373 rulei
329 1338 527 1387 Neptuno.
595 1335 731 1387 Sparso
774 1348 845 1382 ore,

186 1392 333 1429 adamo
361 1391 507 1445 naso?]
548 1394 655 1431 Haec
682 1391 760 1429 duo
789 1391 847 1428 ni-

187 1448 307 1486 miam
342 1458 511 1500 arguunt
543 1446 842 1494 deformitatem,

189 1513 231 1541 et
251 1504 436 1542 adiuuant
454 1503 722 1555 Clitiphonem
735 1504 775 1541 in
788 1515 845 1541 re·

191 1557 401 1598 cusatione.
458 1559 653 1599 Indecens
674 1557 783 1598 nasus
797 1559 846 1597 vi-

192 1626 402 1667 tuperatur,
431 1612 495 1654 sed
512 1618 633 1669 magis
655 1616 695 1654 in
714 1615 848 1653 mulie-

191 1685 245 1711 re.
304 1671 438 1722 Spazsb
467 1671 550 1725 ore]
576 1675 669 1719 Lo.>
691 1670 849 1711 Haben-

191 1738 271 1767 tem
301 1741 342 1765 os
372 1725 535 1779 sparsum
566 1739 604 1768 et
631 1728 754 1766 latum
785 1725 847 1766 seu

191 1794 407 1822 extentum.
468 1784 562 1821 Non
591 1782 755 1837 poffiims'
782 1795 848 1836 pa-

191 1839 273 1893 ter]
318 1840 405 1878 Plus
438 1851 587 1891 patrem
622 1840 848 1888 commouit,

192 1909 307 1948 quam
324 1894 349 1934 fi
371 1893 534 1943 dixiffet‚
557 1896 656 1936 nolo.
717 1897 764 1938 C.

245 2007 423 2063 Caaefi'am]
452 2009 498 2049 Id
520 2008 572 2048 est
583 2039 593 2057 ‚
624 2009 743 2049 oculis
777 2006 849 2046 ob-

191 2065 300 2103 tortis
339 2064 457 2116 (forte
483 2065 623 2121 glaucis
662 2067 745 2116 Z),
787 2064 849 2102 vel

193 2118 390 2169 caesuras,
416 2120 456 2160 id
477 2121 539 2170 est,
573 2135 686 2174 rugas
704 2119 849 2163 haben-

192 2187 295 2222 tem3
326 2188 391 2216 aut
407 2175 686 2221 lenticulosam,
740 2177 851 2230 Spar-

180 2232 230 2284 fi
256 2233 337 2287 ore]
377 2232 422 2272 Id
450 2233 523 2284 est,
562 2231 754 2277 diffoluto‚
785 2242 851 2272 aut

192 2302 256 2329 ore
290 2289 386 2328 dixit
417 2291 543 2339 vultu,
591 2300 631 2330 et
663 2287 849 2342 fignificat

183 2344 350 2397 sparso,
391 2343 568 2397 asperso,
621 2344 723 2397 quast
767 2359 849 2384 ma·

197 2401 289 2439 culis
318 2399 547 2452 quibusdam
592 2400 738 2442 infefto
770 2401 850 2441 vul·

197 2467 250 2496 tu.
306 2460 349 2497 E.

259 2567 441 2621 Caesiam,
462 2567 597 2623 sparfi
633 2570 713 2626 ore]
744 2566 849 2611 Glos-

954 1400 1004 1441 19
1031 1387 1189 1442 Elegans
1209 1386 1308 1442 est!]
1335 1384 1551 1427 Hicadfor-

895 1458 999 1483 mam
1021 1443 1208 1483 refertur:
1239 1441 1303 1482 sed
1331 1441 1479 1495 saepius
1501 1444 1550 1483 ad

898 1502 1113 1539 orationem
1146 1510 1186 1537 et
1204 1498 1251 1537 ad
1279 1499 1403 1538 verba.
1459 1504 1552 1539 Ani-

896 1570 992 1596 mum
1019 1557 1073 1595 ibi
1104 1555 1184 1609 qlse]
1227 1554 1356 1594 Verba
1385 1567 1474 1607 apta
1502 1558 1550 1606 ei,

898 1616 964 1666 qui
985 1611 1050 1651 fibi
1067 1614 1232 1651 multum
1244 1611 1378 1650 tribuit
1448 1614 1494 1654 C.

955 1671 1005 1709 Vt
1029 1669 1167 1725 elegam
1190 1667 1285 1722 est!]
1316 1668 1362 1706 Id
1381 1666 1446 1715 est,
1465 1681 1554 1719 pru-

898 1726 1014 1766 dens'
1031 1727 1073 1764 in
1106 1723 1367 1763 discernendis
1402 1725 1552 1773 puellis.

898 1784 990 1834 quia
1009 1780 1081 1827 Ibi,
1102 1781 1142 1820 id
1163 1780 1225 1827 est,
1249 1781 1289 1818 in
1312 1779 1383 1819 hac
1398 1780 1552 1819 eleffio·

897 1852 950 1878 ne
970 1849 1068 1877 totus
1091 1836 1153 1876 est.
1210 1835 1329 1886 Quod
1356 1848 1447 1874 vero
1474 1834 1558 1875 sub-

897 1896 1025 1935 iunxit
1061 1893 1261 1933 Arconidis
1291 1890 1440 1943 filiam;
1488 1903 1555 1931 aut

897 1949 1131 1992 Bacchidem
1172 1948 1286 1995 dicit,
1331 1959 1396 1986 aut
1438 1949 1554 1988 aliam

900 2005 1139 2059 quamlibet,
1176 2005 1224 2043 ad
1258 2017 1373 2055 quam
1410 2003 1557 2044 adoles-

900 2077 992 2103 cens
1019 2061 1265 2101 contumeliis
1293 2061 1409 2112 patris
1437 2073 1556 2113 appu·

899 2121 995 2161 lerat
1012 2119 1199 2159 animum.
1258 2118 1301 2156 E.

954 2243 1011 2272 20
1028 2232 1129 2273 Cum
1139 2227 1243 2283 Qid
1251 2227 1341 2280 istic,
1353 2227 1457 2279 quod
1468 2242 1557 2267 con-

899 2283 1096 2326 sentIentis
1126 2285 1198 2331 est,
1228 2283 1289 2322 hic
1315 2285 1444 2324 locum
1472 2298 1553 2325 nou

897 2342 1058 2383 habeat:
1086 2340 1352 2393 amplefflmur
1378 2340 1556 2382 Bembini

899 2401 1025 2440 Immo.
1081 2401 1121 2438 B.

951 2525 1002 2555 21
1035 2509 1235 2551 Archonidi
1263 2508 1392 2564 huius]
1427 2505 1555 2550 Prisci-

897 2582 960 2610 an.
980 2567 1049 2609 lib.
1070 2568 1109 2609 6.
1164 2572 1205 2610 L.

1008 2626 1078 2677 Yy
1107 2636 1131 2678 3
1402 2618 1556 2662 Priscia-
