1815 3168
580 87 994 134 EVNVCHVS.

1369 103 1464 152 397

235 219 310 267 1112
344 218 441 293 ilico
472 214 545 261 vbi
579 230 648 260 me
673 214 851 278 accepit,
899 212 1008 259 laeta
1024 227 1130 260 vero
1154 214 1207 261 ad
1226 214 1266 262 se
1288 214 1464 265 abducit

337 294 540 339 domum:

239 366 529 416 Commendat
565 366 796 426 virginem.
845 361 960 410 AN.
1000 361 1099 410 cui?
1144 362 1313 416 tibine?
1356 363 1464 416 CH.

332 443 454 489 mihi.
492 435 597 489 AN.
636 440 728 486 satis
751 449 846 486 tuto
871 449 1030 485 tamen.

141 537 202 584 30
236 514 343 565 CH.
378 516 542 563 Edicit,
582 532 639 561 ne
669 516 735 561 vir
768 513 992 576 quisquam
1025 513 1079 559 ad
1109 528 1204 561 eam
1235 513 1381 561 adeat:
1421 525 1464 562 et

334 592 456 643 mihi,
481 607 536 635 ne
560 588 792 640 abscedam,
811 589 1020 653 imperat:

234 673 290 716 In
310 668 516 713 interiore
529 674 650 728 parte
660 673 706 710 vt
715 679 915 710 maneam
933 663 1045 710 solus
1060 680 1160 710 curn
1174 664 1270 712 sola.
1301 682 1463 717 annuo,

234 748 426 791 Terram
460 742 635 785 intuens
660 737 865 785 modeste.
902 735 1012 785 AN.
1048 740 1202 793 miser!
1239 737 1336 788 CH.
1363 757 1461 801 ego,

331 817 488 879 inquit,
511 812 570 880 ad·
586 829 768 862 coenam
788 813 892 862 hinc
912 829 982 862 eo-

101 1074 284 1116 effefflim
309 1071 399 1115 suae
424 1068 641 1126 cupiditatis
668 1085 756 1126 per-

101 1133 267 1172 uenerit.
322 1134 366 1171 E.

153 1193 261 1240 Lege
286 1201 375 1226 cum
391 1186 581 1227 Palmerio
595 1213 607 1234 ,
632 1196 756 1237 praua

100 1243 256 1294 ratio'st.
312 1246 352 1283 B.

158 1361 210 1403 28
243 1355 356 1393 Laeta
374 1365 459 1391 vero
479 1351 530 1391 ad
541 1351 592 1402 ‘fi
612 1349 759 1391 abducit

103 1410 273 1451 domum:
304 1408 527 1447 commendat
555 1407 757 1462 virginem]

103 1467 249 1505 Omnia
268 1466 377 1513 mire,
405 1463 508 1515 quod
521 1464 629 1513 laeta,
651 1464 756 1514 quod

82 1521 274 1572 Δαίιάιιεὶιξ,
315 1520 417 1571 quod
443 1519 612 1567 domum,
650 1519 755 1569 quod

105 1576 330 1616 commendat
363 1577 556 1629 virginem.
619 1575 756 1624 Spei-’ca

102 1632 271 1685 singula,
298 1642 337 1671 et
358 1632 495 1670 mirare
515 1630 663 1683 (Speft‘a
684 1627 755 1676 lin-

101 1690 272 1744 gularem
296 1701 330 1726 et
350 1689 494 1736 miram,
512 1697 673 1736 vterque
689 1685 755 1726 lib.

103 1757 145 1783 et
166 1744 256 1784 edd.
279 1744 442 1794 venet.)
463 1743 641 1781 virtutem
660 1744 755 1780 Poe-

103 1810 178 1838 tae.
234 1799 308 1838 Hic
341 1799 448 1838 enim
474 1796 754 1836 commendan-

103 1855 175 1894 dus
204 1854 258 1893 est
278 1855 407 1900 locus,
442 1854 580 1891 erroris
599 1853 755 1891 initium

101 1911 308 1951 continens
336 1909 440 1961 apud
457 1907 647 1949 Thaidem
669 1921 757 1946 con-

103 1967 247 2006 uicium
273 1968 332 2018 (R.
361 1964 492 2016 Steph.
519 1975 609 2002 ante
634 1965 757 2004 conui-

90 2026 197 2061 'cium
216 2023 379 2060 lacunae
396 2019 545 2074 fignum
564 2019 755 2071 expreffit.

103 2075 268 2119 Fortaffe
293 2078 370 2131 leg.
400 2090 435 2115 et
462 2076 674 2128 occasionem
702 2078 757 2114 vi-

103 2136 161 2173 tii.
215 2135 335 2176 Certe
368 2135 539 2172 Donatus
574 2130 622 2170 ad
663 2128 755 2170 vers.

104 2201 171 2242 33.
200 2189 300 2240 quafi
327 2189 405 2227 iam
430 2188 637 2228 mentione
659 2186 758 2226 faeta

107 2245 158 2284 de
187 2244 382 2284 occasione
403 2245 493 2292 vitii,
524 2243 635 2282 dicit:
664 2256 757 2296 quae

96 2298 173 2350 fiab
209 2302 295 2339 vitii
321 2301 423 2340 huius
449 2299 628 2351 occafione
654 2312 693 2338 n.
723 2313 755 2338 e.

109 2354 189 2396 Nifi
218 2368 302 2394 cum
324 2356 540 2410 Wielingio
566 2368 690 2407 ponas
707 2368 756 2404 et,

109 2422 202 2451 ante
217 2411 344 2465 apud).
401 2413 452 2452 D.

164 2536 220 2577 29
258 2521 444 2577 Tibine'3]
470 2511 571 2565 'Non
600 2524 758 2564 interro-

110 2590 197 2632 gat,
233 2577 299 2620 sed
321 2581 485 2622 miratur,
544 2581 644 2624 Satis
673 2592 754 2624 tuto

1310 926 1461 995 Abdu-
1497 896 1500 897 ⁷

805 1066 948 1126 tamen]
978 1070 1085 1123 Quid
1113 1070 1177 1111 hie
1201 1067 1293 1112 facit
1308 1074 1460 1113 tamen?

806 1132 943 1168 Vtrum
970 1127 1063 1177 hoc,
1091 1128 1158 1168 etfi
1175 1129 1376 1178 meretrix,
1409 1140 1460 1167 ta-

804 1198 898 1224 men
918 1181 1104 1223 satistuto
1136 1185 1238 1237 agit?
1279 1188 1358 1234 An,
1392 1183 1462 1223 etsi

806 1240 992 1287 Chaerea,
1013 1238 1191 1279 satistuto
1202 1251 1352 1280 tamen:
1372 1240 1462 1292 quia

807 1296 933 1334 nullus
953 1295 1110 1334 accedet
1129 1296 1250 1335 alius?
1308 1300 1358 1337 D.

863 1350 964 1390 Satis
991 1363 1071 1390 tuto
1090 1361 1226 1400 tamen]
1252 1354 1299 1390 In
1317 1352 1462 1392 amicos

808 1407 985 1460 (inimice,
1004 1408 1061 1456 Z.)
1078 1407 1234 1445 dietum.
1289 1410 1332 1446 E.

862 1474 916 1515 30
946 1461 1086 1515 Edicit]
1118 1462 1325 1510 Edicimus,
1352 1462 1464 1501 iube·

805 1530 897 1565 mus,
922 1518 984 1556 vel
1002 1518 1088 1556 iure
1106 1517 1279 1556 dicimus.
1325 1517 1462 1558 Edicla

806 1573 911 1611 enim
938 1575 1183 1623 Imperatoris
1204 1570 1290 1612 sunt
1314 1577 1388 1626 (lta
1407 1574 1463 1613 le·

806 1627 978 1680 gendum
997 1625 1152 1668 censeo:
1171 1629 1367 1679 Edicimus,
1379 1642 1464 1669 cum

804 1682 963 1723 iubemus
990 1684 1050 1723 vel
1072 1686 1157 1723 iura
1188 1684 1356 1725 dicimus.
1412 1685 1463 1723 E-

804 1739 899 1778 dic'ta
919 1742 1013 1779 enim
1024 1739 1218 1780 Praetoris
1224 1739 1354 1792 fimt).
1410 1741 1462 1780 Et

803 1794 897 1833 mihi
907 1809 950 1839 ne
962 1794 1159 1847 abscedant,
1171 1797 1347 1849 imperat]
1367 1796 1462 1837 Cei·-

803 1858 844 1888 te
865 1851 996 1904 nullus¹
1017 1852 1072 1889 vir
1091 1851 1251 1894 accedit.
1303 1855 1355 1893 D.

862 1917 912 1958 31
944 1906 1252 1958 Maneamsolus]
1273 1910 1464 1948 Remane-

806 1974 888 2008 am,
932 1959 1260 2014 perseueremque
1289 1964 1332 2002 iu
1361 1965 1463 2012 loco,

805 2029 850 2054 ac
876 2030 948 2068 per
975 2017 1048 2056 hoc
1073 2018 1141 2057 sim
1164 2017 1297 2068 miser,
1326 2030 1462 2071 vtpote

805 2073 911 2112 dono
930 2073 1058 2121 datus,
1094 2084 1135 2113 et
1151 2073 1321 2113 seruiens
1339 2086 1463 2119 merea

806 2129 903 2169 trici.
951 2132 999 2170 Et
1017 2129 1073 2168 est
1091 2135 1244 2175 εἰρωνεία.
1298 2131 1350 2171 D.

860 2197 915 2237 32
943 2185 1048 2240 Ego,
1073 2187 1215 2238 inquit,
1244 2187 1299 2227 ad
1314 2200 1464 2227 coenam

806 2241 892 2280 hinc
919 2243 976 2290 eo]
1004 2247 1143 2286 Μίμησις
1171 2242 1221 2281 ad
1238 2242 1464 2294 impruden·

806 2298 901 2336 tiam
943 2297 1116 2336 mulieris
1154 2299 1462 2349 exprimendam,

806 2365 908 2404 quae
925 2352 998 2391 hoc
1015 2352 1081 2391 die
1098 2353 1170 2393 erit
1180 2352 1312 2393 secura
1328 2352 1379 2394 de
1398 2368 1464 2394 cu-

805 2409 913 2458 stode
927 2408 1122 2450 Eunucho.
1177 2410 1229 2449 D.

879 2465 1036 2504 Terram
1084 2465 1255 2515 inmens]
1302 2466 1463 2509 Pudoris

805 2518 882 2560 hoe
922 2519 1073 2573 iignum
1111 2532 1151 2560 et
1189 2524 1462 2564 verecundiae.

807 2575 1014 2620 Alexandr.
1034 2577 1217 2622 Tiamaa,
1235 2578 1302 2623 lib.
1320 2593 1367 2675 1.b
1376 2583 1463 2619 Pto-

1372 2636 1461 2676 lem.
