<?xml version="1.0" encoding="UTF-8"?>
<!DOCTYPE html PUBLIC "-//W3C//DTD XHTML 1.0 Transitional//EN"
    "http://www.w3.org/TR/xhtml1/DTD/xhtml1-transitional.dtd">
<html xmlns="http://www.w3.org/1999/xhtml" xml:lang="en" lang="en">
 <head>
  <title>
</title>
<meta http-equiv="Content-Type" content="text/html;charset=utf-8" />
  <meta name='ocr-system' content='tesseract 3.04.00' />
  <meta name='ocr-capabilities' content='ocr_page ocr_carea ocr_par ocr_line ocrx_word'/>
</head>
<body>
  <div class='ocr_page' id='page_1' title='image "./comoediaesexexre01tereuoft_0149.png"; bbox 0 0 1815 3168; ppageno 0'>
   <div class='ocr_carea' id='block_1_1' title="bbox 640 185 931 234">
    <p class='ocr_par' dir='ltr' id='par_1_1' title="bbox 640 185 931 234">
     <span class='ocr_line' id='line_1_1' title="bbox 640 185 931 234; baseline 0.007 -2"><span class='ocrx_word' id='word_1_1' title='bbox 640 185 931 234; x_wconf 85' lang='lat' dir='ltr'>ANDRIA.</span> 
     </span>
    </p>
   </div>
   <div class='ocr_carea' id='block_1_2' title="bbox 1404 202 1461 250">
    <p class='ocr_par' dir='ltr' id='par_1_2' title="bbox 1404 202 1461 250">
     <span class='ocr_line' id='line_1_2' title="bbox 1404 202 1461 250; baseline 0.018 -1"><span class='ocrx_word' id='word_1_2' title='bbox 1404 202 1461 250; x_wconf 80' lang='lat'>53</span> 
     </span>
    </p>
   </div>
   <div class='ocr_carea' id='block_1_3' title="bbox 97 310 1457 452">
    <p class='ocr_par' dir='ltr' id='par_1_3' title="bbox 97 310 1457 452">
     <span class='ocr_line' id='line_1_3' title="bbox 97 310 908 376; baseline 0.004 -17"><span class='ocrx_word' id='word_1_3' title='bbox 97 337 100 341; x_wconf 41' lang='lat'><strong>²</strong></span> <span class='ocrx_word' id='word_1_4' title='bbox 153 329 200 376; x_wconf 90' lang='lat'>-5</span> <span class='ocrx_word' id='word_1_5' title='bbox 226 310 420 360; x_wconf 81' lang='lat' dir='ltr'>Verebar</span> <span class='ocrx_word' id='word_1_6' title='bbox 451 311 659 375; x_wconf 85' lang='lat' dir='ltr'>quorsum</span> <span class='ocrx_word' id='word_1_7' title='bbox 691 313 908 362; x_wconf 77' lang='lat' dir='ltr'>euaderet.</span> 
     </span>
     <span class='ocr_line' id='line_1_4' title="bbox 228 385 1457 452; baseline 0.006 -19"><span class='ocrx_word' id='word_1_8' title='bbox 228 390 320 442; x_wconf 88' lang='lat' dir='ltr'>Qui</span> <span class='ocrx_word' id='word_1_9' title='bbox 338 385 569 452; x_wconf 84' lang='lat' dir='ltr'>postquam</span> <span class='ocrx_word' id='word_1_10' title='bbox 591 387 784 435; x_wconf 82' lang='lat' dir='ltr'>audierat</span> <span class='ocrx_word' id='word_1_11' title='bbox 806 386 1071 435; x_wconf 81' lang='lat' dir='ltr'>non-datum</span> <span class='ocrx_word' id='word_1_12' title='bbox 1092 388 1146 433; x_wconf 90' lang='lat' dir='ltr'>iri</span> <span class='ocrx_word' id='word_1_13' title='bbox 1167 385 1257 436; x_wconf 84' lang='lat' dir='ltr'>fflio</span> <span class='ocrx_word' id='word_1_14' title='bbox 1277 405 1457 439; x_wconf 80' lang='lat' dir='ltr'>vxorem</span> 
     </span>
    </p>
   </div>
   <div class='ocr_carea' id='block_1_4' title="bbox 402 461 544 514">
    <p class='ocr_par' dir='ltr' id='par_1_4' title="bbox 402 461 544 514">
     <span class='ocr_line' id='line_1_5' title="bbox 402 461 544 514; baseline 0.007 -6"><span class='ocrx_word' id='word_1_15' title='bbox 402 494 403 497; x_wconf 55' lang='lat'><em>=</em></span> <span class='ocrx_word' id='word_1_16' title='bbox 454 461 544 514; x_wconf 42' lang='lat' dir='ltr'>suoi</span> 
     </span>
    </p>
   </div>
   <div class='ocr_carea' id='block_1_5' title="bbox 196 538 1451 755">
    <p class='ocr_par' dir='ltr' id='par_1_5' title="bbox 196 538 1451 755">
     <span class='ocr_line' id='line_1_6' title="bbox 219 538 1451 603; baseline 0.004 -21"><span class='ocrx_word' id='word_1_17' title='bbox 219 540 465 600; x_wconf 84' lang='lat' dir='ltr'><strong>Nunquam</strong></span> <span class='ocrx_word' id='word_1_18' title='bbox 488 540 692 602; x_wconf 81' lang='lat' dir='ltr'>cuiquam</span> <span class='ocrx_word' id='word_1_19' title='bbox 713 538 912 586; x_wconf 85' lang='lat' dir='ltr'>nostrum</span> <span class='ocrx_word' id='word_1_20' title='bbox 935 538 1124 586; x_wconf 86' lang='lat' dir='ltr'>verbum</span> <span class='ocrx_word' id='word_1_21' title='bbox 1144 538 1271 592; x_wconf 85' lang='lat' dir='ltr'>fecit,</span> <span class='ocrx_word' id='word_1_22' title='bbox 1305 557 1451 603; x_wconf 86' lang='lat' dir='ltr'>neque</span> 
     </span>
     <span class='ocr_line' id='line_1_7' title="bbox 450 612 1311 673; baseline 0.007 -15"><span class='ocrx_word' id='word_1_23' title='bbox 450 612 495 666; x_wconf 78' lang='lat' dir='ltr'>id</span> <span class='ocrx_word' id='word_1_24' title='bbox 524 630 653 673; x_wconf 81' lang='lat' dir='ltr'>aegre</span> <span class='ocrx_word' id='word_1_25' title='bbox 672 614 784 661; x_wconf 82' lang='lat' dir='ltr'>tulit.</span> <span class='ocrx_word' id='word_1_26' title='bbox 1307 614 1311 617; x_wconf 70' lang='grc'><strong>’</strong></span> 
     </span>
     <span class='ocr_line' id='line_1_8' title="bbox 196 682 1449 755; baseline 0.003 -21"><span class='ocrx_word' id='word_1_27' title='bbox 196 682 295 734; x_wconf 76' lang='lat' dir='ltr'>SI.</span> <span class='ocrx_word' id='word_1_28' title='bbox 334 691 398 734; x_wconf 82' lang='lat' dir='ltr'>At</span> <span class='ocrx_word' id='word_1_29' title='bbox 426 705 546 734; x_wconf 85' lang='lat' dir='ltr'>nunc</span> <span class='ocrx_word' id='word_1_30' title='bbox 575 689 722 735; x_wconf 85' lang='lat' dir='ltr'>faciet:</span> <span class='ocrx_word' id='word_1_31' title='bbox 759 706 916 753; x_wconf 79' lang='lat' dir='ltr'>neque,</span> <span class='ocrx_word' id='word_1_32' title='bbox 950 700 997 737; x_wconf 86' lang='lat' dir='ltr'>vt</span> <span class='ocrx_word' id='word_1_33' title='bbox 1028 691 1214 755; x_wconf 82' lang='lat' dir='ltr'>opinor,</span> <span class='ocrx_word' id='word_1_34' title='bbox 1253 688 1343 738; x_wconf 81' lang='lat' dir='ltr'>fine</span> <span class='ocrx_word' id='word_1_35' title='bbox 1369 701 1449 738; x_wconf 84' lang='lat' dir='ltr'>tuo</span> 
     </span>
    </p>
   </div>
   <div class='ocr_carea' id='block_1_6' title="bbox 446 764 863 921">
    <p class='ocr_par' dir='ltr' id='par_1_6' title="bbox 446 764 863 921">
     <span class='ocr_line' id='line_1_9' title="bbox 446 764 765 824; baseline 0 -14"><span class='ocrx_word' id='word_1_36' title='bbox 446 780 610 824; x_wconf 85' lang='lat' dir='ltr'>magno</span> <span class='ocrx_word' id='word_1_37' title='bbox 633 764 765 812; x_wconf 84' lang='lat' dir='ltr'>malo.</span> 
     </span>
     <span class='ocr_line' id='line_1_10' title="bbox 754 859 863 921; baseline 0 0"><span class='ocrx_word' id='word_1_38' title='bbox 754 859 798 902; x_wconf 88' lang='lat' dir='ltr'>D</span> <span class='ocrx_word' id='word_1_39' title='bbox 840 874 863 921; x_wconf 83' lang='lat'><em>3</em></span> 
     </span>
    </p>
   </div>
   <div class='ocr_carea' id='block_1_7' title="bbox 65 994 731 1164">
    <p class='ocr_par' dir='ltr' id='par_1_7' title="bbox 65 994 731 1164">
     <span class='ocr_line' id='line_1_11' title="bbox 71 994 731 1051; baseline 0 -13"><span class='ocrx_word' id='word_1_40' title='bbox 71 994 251 1045; x_wconf 49' lang='lat' dir='ltr'>facilium</span> <span class='ocrx_word' id='word_1_41' title='bbox 277 997 340 1037; x_wconf 87' lang='lat' dir='ltr'>eui</span> <span class='ocrx_word' id='word_1_42' title='bbox 363 998 563 1046; x_wconf 81' lang='lat' dir='ltr'>contraria,</span> <span class='ocrx_word' id='word_1_43' title='bbox 595 996 731 1051; x_wconf 84' lang='lat' dir='ltr'>asperi-</span> 
     </span>
     <span class='ocr_line' id='line_1_12' title="bbox 71 1053 731 1106; baseline 0.002 -13"><span class='ocrx_word' id='word_1_44' title='bbox 71 1065 127 1093; x_wconf 87' lang='lat' dir='ltr'>tas</span> <span class='ocrx_word' id='word_1_45' title='bbox 151 1065 190 1093; x_wconf 86' lang='lat' dir='ltr'>et</span> <span class='ocrx_word' id='word_1_46' title='bbox 209 1053 421 1094; x_wconf 74' lang='lat' dir='ltr'>difficultas.</span> <span class='ocrx_word' id='word_1_47' title='bbox 472 1055 530 1094; x_wconf 73' lang='lat' dir='ltr'>Et</span> <span class='ocrx_word' id='word_1_48' title='bbox 548 1055 731 1106; x_wconf 75' lang='lat' dir='ltr'>herifim-</span> 
     </span>
     <span class='ocr_line' id='line_1_13' title="bbox 65 1109 731 1164; baseline 0.006 -16"><span class='ocrx_word' id='word_1_49' title='bbox 65 1121 134 1163; x_wconf 78' lang='lat' dir='ltr'>per</span> <span class='ocrx_word' id='word_1_50' title='bbox 150 1109 297 1164; x_wconf 79' lang='lat' dir='ltr'>lenitas]</span> <span class='ocrx_word' id='word_1_51' title='bbox 328 1114 391 1151; x_wconf 83' lang='lat' dir='ltr'>An</span> <span class='ocrx_word' id='word_1_52' title='bbox 403 1110 550 1164; x_wconf 63' lang='lat' dir='ltr'>semper</span> <span class='ocrx_word' id='word_1_53' title='bbox 571 1111 731 1152; x_wconf 79' lang='lat' dir='ltr'>lenitas?</span> 
     </span>
    </p>
   </div>
   <div class='ocr_carea' id='block_1_8' title="bbox 69 1165 1436 1277">
    <p class='ocr_par' dir='ltr' id='par_1_8' title="bbox 69 1165 1436 1277">
     <span class='ocr_line' id='line_1_14' title="bbox 69 1165 968 1220; baseline 0.003 -16"><span class='ocrx_word' id='word_1_54' title='bbox 69 1176 113 1204; x_wconf 88' lang='lat' dir='ltr'>vt</span> <span class='ocrx_word' id='word_1_55' title='bbox 132 1165 174 1205; x_wconf 80' lang='lat' dir='ltr'>fit</span> <span class='ocrx_word' id='word_1_56' title='bbox 194 1166 290 1211; x_wconf 70' lang='grc' dir='ltr'>ὗφὲν.</span> <span class='ocrx_word' id='word_1_57' title='bbox 319 1168 532 1215; x_wconf 84' lang='lat' dir='ltr'>Lucretius,</span> <span class='ocrx_word' id='word_1_58' title='bbox 554 1169 604 1220; x_wconf 84' lang='lat'>(1,</span> <span class='ocrx_word' id='word_1_59' title='bbox 621 1171 729 1219; x_wconf 81' lang='lat'><em>125.)</em></span> <span class='ocrx_word' id='word_1_60' title='bbox 779 1166 861 1220; x_wconf 90' lang='lat' dir='ltr'>pist.</span> <span class='ocrx_word' id='word_1_61' title='bbox 895 1183 968 1208; x_wconf 81' lang='lat'>111.</span> 
     </span>
     <span class='ocr_line' id='line_1_15' title="bbox 629 1224 1436 1277; baseline 0.002 -14"><span class='ocrx_word' id='word_1_62' title='bbox 629 1225 725 1263; x_wconf 83' lang='lat' dir='ltr'>Sem-</span> <span class='ocrx_word' id='word_1_63' title='bbox 762 1224 913 1276; x_wconf 77' lang='lat' dir='ltr'>fi’mper</span> <span class='ocrx_word' id='word_1_64' title='bbox 933 1224 1083 1277; x_wconf 77' lang='lat' dir='ltr'>lenitas]</span> <span class='ocrx_word' id='word_1_65' title='bbox 1118 1225 1336 1265; x_wconf 79' lang='lat' dir='ltr'>Diomedes</span> <span class='ocrx_word' id='word_1_66' title='bbox 1367 1225 1436 1265; x_wconf 88' lang='lat' dir='ltr'>lib.</span> 
     </span>
    </p>
   </div>
   <div class='ocr_carea' id='block_1_9' title="bbox 67 1219 572 1274">
    <p class='ocr_par' dir='ltr' id='par_1_9' title="bbox 67 1219 572 1274">
     <span class='ocr_line' id='line_1_16' title="bbox 67 1219 572 1274; baseline 0.002 -13"><span class='ocrx_word' id='word_1_67' title='bbox 67 1222 213 1274; x_wconf 82' lang='lat' dir='ltr'>Semper</span> <span class='ocrx_word' id='word_1_68' title='bbox 220 1219 391 1272; x_wconf 75' lang='lat' dir='ltr'>florentis</span> <span class='ocrx_word' id='word_1_69' title='bbox 407 1224 572 1262; x_wconf 73' lang='lat' dir='ltr'>Homeri.</span> 
     </span>
    </p>
   </div>
   <div class='ocr_carea' id='block_1_10' title="bbox 1287 854 1446 905">
    <p class='ocr_par' dir='ltr' id='par_1_10' title="bbox 1287 854 1446 905">
     <span class='ocr_line' id='line_1_17' title="bbox 1287 854 1446 905; baseline -0.006 0"><span class='ocrx_word' id='word_1_70' title='bbox 1287 854 1446 905; x_wconf 81' lang='lat' dir='ltr'>DAv.</span> 
     </span>
    </p>
   </div>
   <div class='ocr_carea' id='block_1_11' title="bbox 783 998 1441 1051">
    <p class='ocr_par' dir='ltr' id='par_1_11' title="bbox 783 998 1441 1051">
     <span class='ocr_line' id='line_1_18' title="bbox 783 998 1441 1051; baseline 0.008 -14"><span class='ocrx_word' id='word_1_71' title='bbox 783 998 886 1051; x_wconf 88' lang='lat' dir='ltr'>quod</span> <span class='ocrx_word' id='word_1_72' title='bbox 925 998 1086 1041; x_wconf 81' lang='lat' dir='ltr'>audiffet</span> <span class='ocrx_word' id='word_1_73' title='bbox 1115 1014 1200 1041; x_wconf 86' lang='lat' dir='ltr'>non</span> <span class='ocrx_word' id='word_1_74' title='bbox 1237 1001 1315 1041; x_wconf 73' lang='lat' dir='ltr'>dai-i</span> <span class='ocrx_word' id='word_1_75' title='bbox 1353 1015 1441 1042; x_wconf 82' lang='lat' dir='ltr'>vxo-</span> 
     </span>
    </p>
   </div>
   <div class='ocr_carea' id='block_1_12' title="bbox 781 1061 1441 1209">
    <p class='ocr_par' dir='ltr' id='par_1_12' title="bbox 781 1061 1441 1209">
     <span class='ocr_line' id='line_1_19' title="bbox 781 1061 986 1097; baseline 0 -3"><span class='ocrx_word' id='word_1_76' title='bbox 781 1069 877 1095; x_wconf 81' lang='lat' dir='ltr'>rem.</span> <span class='ocrx_word' id='word_1_77' title='bbox 943 1061 986 1097; x_wconf 88' lang='lat' dir='ltr'>E.</span> 
     </span>
     <span class='ocr_line' id='line_1_20' title="bbox 834 1110 1441 1166; baseline 0.007 -16"><span class='ocrx_word' id='word_1_78' title='bbox 834 1110 876 1150; x_wconf 84' lang='lat' dir='ltr'>Si</span> <span class='ocrx_word' id='word_1_79' title='bbox 893 1110 949 1163; x_wconf 80' lang='lat' dir='ltr'>fi&#39;c</span> <span class='ocrx_word' id='word_1_80' title='bbox 969 1111 1106 1166; x_wconf 83' lang='lat' dir='ltr'>abiret]</span> <span class='ocrx_word' id='word_1_81' title='bbox 1157 1115 1210 1153; x_wconf 91' lang='lat' dir='ltr'>Vt</span> <span class='ocrx_word' id='word_1_82' title='bbox 1225 1115 1378 1154; x_wconf 85' lang='lat' dir='ltr'>Seneca</span> <span class='ocrx_word' id='word_1_83' title='bbox 1392 1116 1441 1154; x_wconf 88' lang='lat' dir='ltr'>E·</span> 
     </span>
     <span class='ocr_line' id='line_1_21' title="bbox 1027 1168 1440 1209; baseline 0.002 -2"><span class='ocrx_word' id='word_1_84' title='bbox 1027 1168 1111 1207; x_wconf 84' lang='lat' dir='ltr'>Hoc</span> <span class='ocrx_word' id='word_1_85' title='bbox 1138 1170 1283 1209; x_wconf 83' lang='lat' dir='ltr'>abierit.</span> <span class='ocrx_word' id='word_1_86' title='bbox 1342 1171 1440 1208; x_wconf 81' lang='lat' dir='ltr'>Heri</span> 
     </span>
    </p>
   </div>
   <div class='ocr_carea' id='block_1_13' title="bbox 62 1274 1437 1335">
    <p class='ocr_par' dir='ltr' id='par_1_13' title="bbox 62 1274 1437 1335">
     <span class='ocr_line' id='line_1_22' title="bbox 62 1274 1437 1335; baseline 0.005 -21"><span class='ocrx_word' id='word_1_87' title='bbox 62 1288 130 1329; x_wconf 83' lang='lat' dir='ltr'>per</span> <span class='ocrx_word' id='word_1_88' title='bbox 149 1274 325 1331; x_wconf 77' lang='lat' dir='ltr'>lenitas]</span> <span class='ocrx_word' id='word_1_89' title='bbox 357 1283 413 1318; x_wconf 85' lang='lat' dir='ltr'>Ac</span> <span class='ocrx_word' id='word_1_90' title='bbox 432 1291 502 1330; x_wconf 87' lang='lat' dir='ltr'>per</span> <span class='ocrx_word' id='word_1_91' title='bbox 520 1278 596 1318; x_wconf 84' lang='lat' dir='ltr'>hoc</span> <span class='ocrx_word' id='word_1_92' title='bbox 615 1277 734 1318; x_wconf 47' lang='lat' dir='ltr'>fimum</span> <span class='ocrx_word' id='word_1_93' title='bbox 777 1295 806 1319; x_wconf 87' lang='lat'>1.</span> <span class='ocrx_word' id='word_1_94' title='bbox 840 1293 922 1331; x_wconf 75' lang='lat' dir='ltr'>cap.</span> <span class='ocrx_word' id='word_1_95' title='bbox 949 1294 1009 1321; x_wconf 77' lang='lat' dir='ltr'>xv.</span> <span class='ocrx_word' id='word_1_96' title='bbox 1039 1282 1081 1319; x_wconf 76' lang='grc' dir='ltr'><em>τό</em></span> <span class='ocrx_word' id='word_1_97' title='bbox 1099 1280 1249 1335; x_wconf 77' lang='lat' dir='ltr'>fi’mper</span> <span class='ocrx_word' id='word_1_98' title='bbox 1269 1295 1353 1321; x_wconf 89' lang='lat' dir='ltr'>non</span> <span class='ocrx_word' id='word_1_99' title='bbox 1372 1281 1437 1321; x_wconf 86' lang='lat' dir='ltr'>ha·</span> 
     </span>
    </p>
   </div>
   <div class='ocr_carea' id='block_1_14' title="bbox 47 1330 724 2552">
    <p class='ocr_par' dir='ltr' id='par_1_14' title="bbox 47 1330 724 2552">
     <span class='ocr_line' id='line_1_23' title="bbox 67 1330 724 1384; baseline 0.006 -14"><span class='ocrx_word' id='word_1_100' title='bbox 67 1333 143 1371; x_wconf 74' lang='lat' dir='ltr'>lata</span> <span class='ocrx_word' id='word_1_101' title='bbox 175 1330 291 1384; x_wconf 86' lang='lat' dir='ltr'>vsque</span> <span class='ocrx_word' id='word_1_102' title='bbox 321 1346 428 1372; x_wconf 85' lang='lat' dir='ltr'>nunc</span> <span class='ocrx_word' id='word_1_103' title='bbox 444 1335 602 1373; x_wconf 83' lang='lat' dir='ltr'>lenitas:</span> <span class='ocrx_word' id='word_1_104' title='bbox 630 1348 724 1374; x_wconf 85' lang='lat' dir='ltr'>nam</span> 
     </span>
     <span class='ocr_line' id='line_1_24' title="bbox 67 1388 723 1428; baseline 0.005 -3"><span class='ocrx_word' id='word_1_105' title='bbox 67 1400 188 1427; x_wconf 85' lang='lat' dir='ltr'>nemo</span> <span class='ocrx_word' id='word_1_106' title='bbox 216 1389 258 1425; x_wconf 89' lang='lat' dir='ltr'>in</span> <span class='ocrx_word' id='word_1_107' title='bbox 277 1388 435 1427; x_wconf 76' lang='lat' dir='ltr'>diueriis</span> <span class='ocrx_word' id='word_1_108' title='bbox 457 1389 601 1428; x_wconf 57' lang='lat' dir='ltr'>auibus</span> <span class='ocrx_word' id='word_1_109' title='bbox 628 1388 723 1428; x_wconf 85' lang='lat' dir='ltr'>sem-</span> 
     </span>
     <span class='ocr_line' id='line_1_25' title="bbox 63 1442 723 1496; baseline 0.006 -16"><span class='ocrx_word' id='word_1_110' title='bbox 63 1455 138 1496; x_wconf 76' lang='lat' dir='ltr'>per</span> <span class='ocrx_word' id='word_1_111' title='bbox 163 1443 260 1480; x_wconf 89' lang='lat' dir='ltr'>lenis</span> <span class='ocrx_word' id='word_1_112' title='bbox 290 1443 365 1482; x_wconf 90' lang='lat' dir='ltr'>est:</span> <span class='ocrx_word' id='word_1_113' title='bbox 392 1442 462 1482; x_wconf 79' lang='lat' dir='ltr'>nifi</span> <span class='ocrx_word' id='word_1_114' title='bbox 487 1443 589 1484; x_wconf 85' lang='lat' dir='ltr'>forte</span> <span class='ocrx_word' id='word_1_115' title='bbox 616 1443 723 1484; x_wconf 60' lang='lat' dir='ltr'>fietus</span> 
     </span>
     <span class='ocr_line' id='line_1_26' title="bbox 66 1499 722 1539; baseline 0 -1"><span class='ocrx_word' id='word_1_116' title='bbox 66 1499 296 1539; x_wconf 76' lang='lat' dir='ltr'>assimulatur</span> <span class='ocrx_word' id='word_1_117' title='bbox 333 1510 371 1538; x_wconf 88' lang='lat' dir='ltr'>et</span> <span class='ocrx_word' id='word_1_118' title='bbox 404 1499 573 1538; x_wconf 73' lang='lat' dir='ltr'>callidus.</span> <span class='ocrx_word' id='word_1_119' title='bbox 630 1500 722 1538; x_wconf 77' lang='lat' dir='ltr'>Sem-</span> 
     </span>
     <span class='ocr_line' id='line_1_27' title="bbox 59 1553 724 1608; baseline 0.005 -16"><span class='ocrx_word' id='word_1_120' title='bbox 59 1567 130 1607; x_wconf 85' lang='lat' dir='ltr'>per</span> <span class='ocrx_word' id='word_1_121' title='bbox 169 1554 329 1608; x_wconf 82' lang='lat' dir='ltr'>lenitas]</span> <span class='ocrx_word' id='word_1_122' title='bbox 382 1556 477 1594; x_wconf 86' lang='lat' dir='ltr'>Sine</span> <span class='ocrx_word' id='word_1_123' title='bbox 503 1553 724 1595; x_wconf 82' lang='lat' dir='ltr'>differentia</span> 
     </span>
     <span class='ocr_line' id='line_1_28' title="bbox 63 1611 631 1662; baseline 0.002 -13"><span class='ocrx_word' id='word_1_124' title='bbox 63 1611 119 1649; x_wconf 86' lang='lat' dir='ltr'>est</span> <span class='ocrx_word' id='word_1_125' title='bbox 137 1611 361 1662; x_wconf 79' lang='lat' dir='ltr'>importuna</span> <span class='ocrx_word' id='word_1_126' title='bbox 378 1611 527 1649; x_wconf 83' lang='lat' dir='ltr'>leuitas.</span> <span class='ocrx_word' id='word_1_127' title='bbox 557 1631 564 1638; x_wconf 57' lang='lat'><em>1</em></span> <span class='ocrx_word' id='word_1_128' title='bbox 583 1614 631 1650; x_wconf 92' lang='lat' dir='ltr'>D.</span> 
     </span>
     <span class='ocr_line' id='line_1_29' title="bbox 113 1663 718 1720; baseline -0.002 -14"><span class='ocrx_word' id='word_1_129' title='bbox 113 1667 315 1712; x_wconf 81' lang='lat' dir='ltr'>Mirabar,</span> <span class='ocrx_word' id='word_1_130' title='bbox 341 1664 410 1704; x_wconf 88' lang='lat' dir='ltr'>hoc</span> <span class='ocrx_word' id='word_1_131' title='bbox 434 1666 479 1718; x_wconf 84' lang='lat' dir='ltr'><em>st</em></span> <span class='ocrx_word' id='word_1_132' title='bbox 493 1663 551 1714; x_wconf 83' lang='lat' dir='ltr'>fic</span> <span class='ocrx_word' id='word_1_133' title='bbox 578 1665 718 1720; x_wconf 80' lang='lat' dir='ltr'>abiret]</span> 
     </span>
     <span class='ocr_line' id='line_1_30' title="bbox 55 1719 714 1772; baseline -0.005 -10"><span class='ocrx_word' id='word_1_134' title='bbox 55 1723 167 1762; x_wconf 85' lang='lat' dir='ltr'>Haec</span> <span class='ocrx_word' id='word_1_135' title='bbox 196 1719 308 1759; x_wconf 85' lang='lat' dir='ltr'>scena</span> <span class='ocrx_word' id='word_1_136' title='bbox 338 1721 563 1760; x_wconf 85' lang='lat' dir='ltr'>mandatum</span> <span class='ocrx_word' id='word_1_137' title='bbox 594 1726 714 1772; x_wconf 64' lang='lat' dir='ltr'>tenet3</span> 
     </span>
     <span class='ocr_line' id='line_1_31' title="bbox 57 1775 712 1828; baseline 0.002 -13"><span class='ocrx_word' id='word_1_138' title='bbox 57 1789 280 1828; x_wconf 81' lang='lat' dir='ltr'>quanquam</span> <span class='ocrx_word' id='word_1_139' title='bbox 301 1776 470 1816; x_wconf 86' lang='lat' dir='ltr'>mandati</span> <span class='ocrx_word' id='word_1_140' title='bbox 491 1775 595 1816; x_wconf 82' lang='lat' dir='ltr'>causa</span> <span class='ocrx_word' id='word_1_141' title='bbox 607 1790 712 1827; x_wconf 90' lang='lat' dir='ltr'>prae-</span> 
     </span>
     <span class='ocr_line' id='line_1_32' title="bbox 53 1831 714 1883; baseline 0.002 -12"><span class='ocrx_word' id='word_1_142' title='bbox 53 1831 166 1880; x_wconf 81' lang='lat' dir='ltr'>cedit,</span> <span class='ocrx_word' id='word_1_143' title='bbox 187 1831 295 1883; x_wconf 88' lang='lat' dir='ltr'>quod</span> <span class='ocrx_word' id='word_1_144' title='bbox 312 1845 439 1871; x_wconf 84' lang='lat' dir='ltr'>amare</span> <span class='ocrx_word' id='word_1_145' title='bbox 457 1832 593 1872; x_wconf 86' lang='lat' dir='ltr'>dicitur</span> <span class='ocrx_word' id='word_1_146' title='bbox 604 1832 714 1873; x_wconf 72' lang='lat' dir='ltr'>filius:</span> 
     </span>
     <span class='ocr_line' id='line_1_33' title="bbox 51 1888 715 1941; baseline -0.002 -13"><span class='ocrx_word' id='word_1_147' title='bbox 51 1890 193 1928; x_wconf 84' lang='lat' dir='ltr'>Manet</span> <span class='ocrx_word' id='word_1_148' title='bbox 211 1889 275 1927; x_wconf 89' lang='lat' dir='ltr'>illa</span> <span class='ocrx_word' id='word_1_149' title='bbox 293 1889 530 1937; x_wconf 55' lang='lat' dir='ltr'>comeum-a,</span> <span class='ocrx_word' id='word_1_150' title='bbox 556 1899 655 1941; x_wconf 84' lang='lat' dir='ltr'>quae</span> <span class='ocrx_word' id='word_1_151' title='bbox 671 1888 715 1927; x_wconf 87' lang='lat' dir='ltr'>fi-</span> 
     </span>
     <span class='ocr_line' id='line_1_34' title="bbox 51 1943 714 1998; baseline 0.002 -15"><span class='ocrx_word' id='word_1_152' title='bbox 51 1944 198 1984; x_wconf 83' lang='lat' dir='ltr'>militer</span> <span class='ocrx_word' id='word_1_153' title='bbox 219 1943 335 1983; x_wconf 83' lang='lat' dir='ltr'>habet</span> <span class='ocrx_word' id='word_1_154' title='bbox 352 1955 392 1983; x_wconf 89' lang='lat' dir='ltr'>et</span> <span class='ocrx_word' id='word_1_155' title='bbox 409 1949 648 1998; x_wconf 81' lang='lat' dir='ltr'>argumenta,</span> <span class='ocrx_word' id='word_1_156' title='bbox 675 1956 714 1984; x_wconf 88' lang='lat' dir='ltr'>et</span> 
     </span>
     <span class='ocr_line' id='line_1_35' title="bbox 52 1996 712 2053; baseline -0.002 -15"><span class='ocrx_word' id='word_1_157' title='bbox 52 1998 302 2052; x_wconf 84' lang='lat' dir='ltr'>probationes</span> <span class='ocrx_word' id='word_1_158' title='bbox 327 1996 407 2040; x_wconf 86' lang='lat' dir='ltr'>suas</span> <span class='ocrx_word' id='word_1_159' title='bbox 419 2011 433 2040; x_wconf 84' lang='lat'>:·</span> <span class='ocrx_word' id='word_1_160' title='bbox 457 2000 586 2053; x_wconf 88' lang='lat' dir='ltr'>postea</span> <span class='ocrx_word' id='word_1_161' title='bbox 604 2015 712 2040; x_wconf 70' lang='lat' dir='ltr'>mam</span> 
     </span>
     <span class='ocr_line' id='line_1_36' title="bbox 52 2055 707 2107; baseline 0.003 -13"><span class='ocrx_word' id='word_1_162' title='bbox 52 2055 135 2095; x_wconf 84' lang='lat' dir='ltr'>dati</span> <span class='ocrx_word' id='word_1_163' title='bbox 161 2057 259 2096; x_wconf 57' lang='lat' dir='ltr'>aelio</span> <span class='ocrx_word' id='word_1_164' title='bbox 289 2055 362 2104; x_wconf 87' lang='lat' dir='ltr'>est,</span> <span class='ocrx_word' id='word_1_165' title='bbox 393 2067 431 2094; x_wconf 89' lang='lat' dir='ltr'>vt</span> <span class='ocrx_word' id='word_1_166' title='bbox 460 2056 565 2107; x_wconf 91' lang='lat' dir='ltr'>quod</span> <span class='ocrx_word' id='word_1_167' title='bbox 585 2055 707 2096; x_wconf 86' lang='lat' dir='ltr'>obser·</span> 
     </span>
     <span class='ocr_line' id='line_1_37' title="bbox 50 2111 712 2167; baseline 0.006 -18"><span class='ocrx_word' id='word_1_168' title='bbox 50 2123 118 2151; x_wconf 84' lang='lat' dir='ltr'>uet</span> <span class='ocrx_word' id='word_1_169' title='bbox 126 2114 257 2152; x_wconf 82' lang='lat' dir='ltr'>Dauus</span> <span class='ocrx_word' id='word_1_170' title='bbox 270 2125 301 2163; x_wconf 63' lang='lat' dir='ltr'>&gt;p</span> <span class='ocrx_word' id='word_1_171' title='bbox 307 2125 348 2151; x_wconf 88' lang='lat' dir='ltr'>er</span> <span class='ocrx_word' id='word_1_172' title='bbox 359 2112 538 2152; x_wconf 81' lang='lat' dir='ltr'>mandata</span> <span class='ocrx_word' id='word_1_173' title='bbox 555 2111 712 2167; x_wconf 84' lang='lat' dir='ltr'>cognos-</span> 
     </span>
     <span class='ocr_line' id='line_1_38' title="bbox 51 2168 709 2221; baseline 0.005 -15"><span class='ocrx_word' id='word_1_174' title='bbox 51 2178 120 2206; x_wconf 87' lang='lat' dir='ltr'>cat.</span> <span class='ocrx_word' id='word_1_175' title='bbox 177 2168 387 2221; x_wconf 83' lang='lat' dir='ltr'>Egreditur</span> <span class='ocrx_word' id='word_1_176' title='bbox 423 2182 593 2220; x_wconf 88' lang='lat' dir='ltr'>namque</span> <span class='ocrx_word' id='word_1_177' title='bbox 625 2182 709 2210; x_wconf 84' lang='lat' dir='ltr'>non</span> 
     </span>
     <span class='ocr_line' id='line_1_39' title="bbox 49 2221 706 2275; baseline 0.005 -13"><span class='ocrx_word' id='word_1_178' title='bbox 49 2221 238 2275; x_wconf 84' lang='lat' dir='ltr'>aspiciens</span> <span class='ocrx_word' id='word_1_179' title='bbox 258 2224 469 2273; x_wconf 88' lang='lat' dir='ltr'>dominum,</span> <span class='ocrx_word' id='word_1_180' title='bbox 494 2226 601 2265; x_wconf 85' lang='lat' dir='ltr'>cuius</span> <span class='ocrx_word' id='word_1_181' title='bbox 626 2238 706 2265; x_wconf 87' lang='lat' dir='ltr'>ora—</span> 
     </span>
     <span class='ocr_line' id='line_1_40' title="bbox 50 2279 705 2334; baseline 0.005 -16"><span class='ocrx_word' id='word_1_182' title='bbox 50 2280 107 2318; x_wconf 76' lang='lat' dir='ltr'>tio</span> <span class='ocrx_word' id='word_1_183' title='bbox 132 2281 226 2319; x_wconf 81' lang='lat' dir='ltr'>ta&#39;lis·</span> <span class='ocrx_word' id='word_1_184' title='bbox 241 2279 419 2333; x_wconf 82' lang='lat' dir='ltr'>fingitur,</span> <span class='ocrx_word' id='word_1_185' title='bbox 439 2292 490 2319; x_wconf 83' lang='lat' dir='ltr'>·vt</span> <span class='ocrx_word' id='word_1_186' title='bbox 516 2280 705 2334; x_wconf 86' lang='lat' dir='ltr'>quaedam</span> 
     </span>
     <span class='ocr_line' id='line_1_41' title="bbox 51 2335 704 2390; baseline 0.003 -16"><span class='ocrx_word' id='word_1_187' title='bbox 51 2345 197 2376; x_wconf 87' lang='lat' dir='ltr'>temere</span> <span class='ocrx_word' id='word_1_188' title='bbox 222 2335 319 2376; x_wconf 65' lang='lat' dir='ltr'>die&#39;ta</span> <span class='ocrx_word' id='word_1_189' title='bbox 348 2335 545 2387; x_wconf 81' lang='lat' dir='ltr'>proferat:</span> <span class='ocrx_word' id='word_1_190' title='bbox 599 2336 704 2390; x_wconf 88' lang='lat' dir='ltr'>quod</span> 
     </span>
     <span class='ocr_line' id='line_1_42' title="bbox 49 2391 704 2444; baseline 0.005 -16"><span class='ocrx_word' id='word_1_191' title='bbox 49 2391 247 2432; x_wconf 87' lang='lat' dir='ltr'>lenitatem</span> <span class='ocrx_word' id='word_1_192' title='bbox 267 2392 416 2433; x_wconf 86' lang='lat' dir='ltr'>domini</span> <span class='ocrx_word' id='word_1_193' title='bbox 430 2393 629 2444; x_wconf 79' lang='lat' dir='ltr'>latentem,</span> <span class='ocrx_word' id='word_1_194' title='bbox 650 2392 704 2433; x_wconf 83' lang='lat' dir='ltr'>su-</span> 
     </span>
     <span class='ocr_line' id='line_1_43' title="bbox 49 2447 700 2497; baseline 0.006 -13"><span class='ocrx_word' id='word_1_195' title='bbox 49 2459 111 2485; x_wconf 88' lang='lat' dir='ltr'>am</span> <span class='ocrx_word' id='word_1_196' title='bbox 131 2457 171 2486; x_wconf 87' lang='lat' dir='ltr'>et</span> <span class='ocrx_word' id='word_1_197' title='bbox 181 2447 414 2489; x_wconf 83' lang='lat' dir='ltr'>demonstrat</span> <span class='ocrx_word' id='word_1_198' title='bbox 431 2450 700 2497; x_wconf 77' lang='lat' dir='ltr'>calliditaten1;</span> 
     </span>
     <span class='ocr_line' id='line_1_44' title="bbox 47 2502 701 2552; baseline 0.008 -13"><span class='ocrx_word' id='word_1_199' title='bbox 47 2502 153 2552; x_wconf 85' lang='lat' dir='ltr'>quod</span> <span class='ocrx_word' id='word_1_200' title='bbox 169 2504 322 2544; x_wconf 86' lang='lat' dir='ltr'>miratus</span> <span class='ocrx_word' id='word_1_201' title='bbox 337 2505 388 2552; x_wconf 79' lang='lat' dir='ltr'>fit,</span> <span class='ocrx_word' id='word_1_202' title='bbox 409 2505 570 2545; x_wconf 88' lang='lat' dir='ltr'>verbum</span> <span class='ocrx_word' id='word_1_203' title='bbox 589 2506 665 2546; x_wconf 62' lang='lat' dir='ltr'>fib’»</span> <span class='ocrx_word' id='word_1_204' title='bbox 680 2519 701 2544; x_wconf 81' lang='lat' dir='ltr'>a</span> 
     </span>
    </p>
   </div>
   <div class='ocr_carea' id='block_1_15' title="bbox 47 2557 714 2610">
    <p class='ocr_par' dir='ltr' id='par_1_15' title="bbox 47 2557 714 2610">
     <span class='ocr_line' id='line_1_45' title="bbox 47 2557 714 2610; baseline 0.009 -15"><span class='ocrx_word' id='word_1_205' title='bbox 47 2557 211 2597; x_wconf 83' lang='lat' dir='ltr'>domino</span> <span class='ocrx_word' id='word_1_206' title='bbox 239 2573 319 2600; x_wconf 87' lang='lat' dir='ltr'>non</span> <span class='ocrx_word' id='word_1_207' title='bbox 338 2560 417 2601; x_wconf 88' lang='lat' dir='ltr'>esse</span> <span class='ocrx_word' id='word_1_208' title='bbox 441 2561 602 2610; x_wconf 58' lang='lat' dir='ltr'>saecum,</span> <span class='ocrx_word' id='word_1_209' title='bbox 630 2561 714 2601; x_wconf 60' lang='lat' dir='ltr'>hoc-</span> 
     </span>
    </p>
   </div>
   <div class='ocr_carea' id='block_1_16' title="bbox 45 2611 703 2664">
    <p class='ocr_par' dir='ltr' id='par_1_16' title="bbox 45 2611 703 2664">
     <span class='ocr_line' id='line_1_46' title="bbox 45 2611 703 2664; baseline 0.011 -13"><span class='ocrx_word' id='word_1_210' title='bbox 45 2613 119 2662; x_wconf 81' lang='lat' dir='ltr'>est,</span> <span class='ocrx_word' id='word_1_211' title='bbox 150 2611 276 2654; x_wconf 84' lang='lat' dir='ltr'>secum</span> <span class='ocrx_word' id='word_1_212' title='bbox 302 2624 384 2657; x_wconf 80' lang='lat' dir='ltr'>non</span> <span class='ocrx_word' id='word_1_213' title='bbox 413 2618 603 2664; x_wconf 79' lang='lat' dir='ltr'>locutum,</span> <span class='ocrx_word' id='word_1_214' title='bbox 637 2631 703 2658; x_wconf 87' lang='lat' dir='ltr'>ne·</span> 
     </span>
    </p>
   </div>
   <div class='ocr_carea' id='block_1_17' title="bbox 45 2671 714 2725">
    <p class='ocr_par' dir='ltr' id='par_1_17' title="bbox 45 2671 714 2725">
     <span class='ocr_line' id='line_1_47' title="bbox 45 2671 714 2725; baseline 0.009 -17"><span class='ocrx_word' id='word_1_215' title='bbox 45 2681 125 2722; x_wconf 88' lang='lat' dir='ltr'>que</span> <span class='ocrx_word' id='word_1_216' title='bbox 163 2680 282 2725; x_wconf 77' lang='lat' dir='ltr'>aegre</span> <span class='ocrx_word' id='word_1_217' title='bbox 321 2673 526 2714; x_wconf 84' lang='lat' dir='ltr'>dominum</span> <span class='ocrx_word' id='word_1_218' title='bbox 560 2671 714 2725; x_wconf 78' lang='lat' dir='ltr'>mliffe,&#39;</span> 
     </span>
    </p>
   </div>
   <div class='ocr_carea' id='block_1_18' title="bbox 765 1334 1435 1832">
    <p class='ocr_par' dir='ltr' id='par_1_18' title="bbox 772 1334 948 1375">
     <span class='ocr_line' id='line_1_48' title="bbox 772 1334 948 1375; baseline 0.011 -2"><span class='ocrx_word' id='word_1_219' title='bbox 772 1334 850 1374; x_wconf 86' lang='lat' dir='ltr'>bet.</span> <span class='ocrx_word' id='word_1_220' title='bbox 907 1339 948 1375; x_wconf 90' lang='lat' dir='ltr'>L.</span> 
     </span>
    </p>

    <p class='ocr_par' dir='ltr' id='par_1_19' title="bbox 770 1391 1435 1652">
     <span class='ocr_line' id='line_1_49' title="bbox 818 1391 1434 1446; baseline 0.006 -18"><span class='ocrx_word' id='word_1_221' title='bbox 818 1403 853 1442; x_wconf 44' lang='lat'>*5</span> <span class='ocrx_word' id='word_1_222' title='bbox 894 1391 1088 1446; x_wconf 74' lang='lat' dir='ltr'>Qorfitm</span> <span class='ocrx_word' id='word_1_223' title='bbox 1122 1392 1318 1446; x_wconf 70' lang='lat' dir='ltr'>euaderet]</span> <span class='ocrx_word' id='word_1_224' title='bbox 1367 1391 1434 1432; x_wconf 85' lang='lat' dir='ltr'>Ad</span> 
     </span>
     <span class='ocr_line' id='line_1_50' title="bbox 775 1451 1435 1499; baseline 0.008 -17"><span class='ocrx_word' id='word_1_225' title='bbox 775 1459 890 1496; x_wconf 85' lang='lat' dir='ltr'>quam</span> <span class='ocrx_word' id='word_1_226' title='bbox 917 1458 1065 1497; x_wconf 84' lang='lat' dir='ltr'>partem</span> <span class='ocrx_word' id='word_1_227' title='bbox 1097 1458 1330 1499; x_wconf 78' lang='lat' dir='ltr'>erumperet.</span> <span class='ocrx_word' id='word_1_228' title='bbox 1385 1451 1435 1488; x_wconf 85' lang='lat' dir='ltr'>Et</span> 
     </span>
     <span class='ocr_line' id='line_1_51' title="bbox 773 1501 1435 1554; baseline 0.006 -16"><span class='ocrx_word' id='word_1_229' title='bbox 773 1501 943 1548; x_wconf 82' lang='lat' dir='ltr'>euadere,</span> <span class='ocrx_word' id='word_1_230' title='bbox 977 1501 1031 1540; x_wconf 85' lang='lat' dir='ltr'>est</span> <span class='ocrx_word' id='word_1_231' title='bbox 1055 1515 1125 1552; x_wconf 83' lang='lat' dir='ltr'>per</span> <span class='ocrx_word' id='word_1_232' title='bbox 1158 1516 1435 1554; x_wconf 79' lang='lat' dir='ltr'>quamcunque</span> 
     </span>
     <span class='ocr_line' id='line_1_52' title="bbox 773 1555 1433 1610; baseline 0.009 -16"><span class='ocrx_word' id='word_1_233' title='bbox 773 1555 1037 1597; x_wconf 71' lang='lat' dir='ltr'>difficultatem</span> <span class='ocrx_word' id='word_1_234' title='bbox 1060 1557 1274 1609; x_wconf 72' lang='lat' dir='ltr'>acl-aliquid</span> <span class='ocrx_word' id='word_1_235' title='bbox 1297 1572 1433 1610; x_wconf 79' lang='lat' dir='ltr'>perue-</span> 
     </span>
     <span class='ocr_line' id='line_1_53' title="bbox 770 1613 977 1652; baseline 0.005 -2"><span class='ocrx_word' id='word_1_236' title='bbox 770 1613 870 1652; x_wconf 85' lang='lat' dir='ltr'>nire.</span> <span class='ocrx_word' id='word_1_237' title='bbox 927 1614 977 1651; x_wconf 92' lang='lat' dir='ltr'>D.</span> 
     </span>
    </p>

    <p class='ocr_par' dir='ltr' id='par_1_20' title="bbox 765 1666 1429 1832">
     <span class='ocr_line' id='line_1_54' title="bbox 825 1666 1429 1721; baseline 0.008 -16"><span class='ocrx_word' id='word_1_238' title='bbox 825 1679 853 1719; x_wconf 87' lang='lat'><em>7</em></span> <span class='ocrx_word' id='word_1_239' title='bbox 879 1666 1039 1706; x_wconf 83' lang='lat' dir='ltr'>Verbum</span> <span class='ocrx_word' id='word_1_240' title='bbox 1054 1669 1174 1721; x_wconf 83' lang='lat' dir='ltr'>ftcit]</span> <span class='ocrx_word' id='word_1_241' title='bbox 1221 1671 1312 1709; x_wconf 90' lang='lat' dir='ltr'>Non</span> <span class='ocrx_word' id='word_1_242' title='bbox 1332 1669 1429 1710; x_wconf 83' lang='lat' dir='ltr'>dixit</span> 
     </span>
     <span class='ocr_line' id='line_1_55' title="bbox 767 1723 1428 1776; baseline 0.003 -14"><span class='ocrx_word' id='word_1_243' title='bbox 767 1723 955 1776; x_wconf 79' lang='lat' dir='ltr'>litigium,</span> <span class='ocrx_word' id='word_1_244' title='bbox 985 1735 1050 1761; x_wconf 86' lang='lat' dir='ltr'>aut</span> <span class='ocrx_word' id='word_1_245' title='bbox 1075 1724 1216 1772; x_wconf 81' lang='lat' dir='ltr'>rixam,</span> <span class='ocrx_word' id='word_1_246' title='bbox 1253 1723 1316 1763; x_wconf 74' lang='lat' dir='ltr'>sed</span> <span class='ocrx_word' id='word_1_247' title='bbox 1345 1728 1428 1765; x_wconf 73' lang='lat' dir='ltr'>ver·</span> 
     </span>
     <span class='ocr_line' id='line_1_56' title="bbox 765 1776 1429 1832; baseline 0.006 -16"><span class='ocrx_word' id='word_1_248' title='bbox 765 1776 861 1817; x_wconf 85' lang='lat' dir='ltr'>bum.</span> <span class='ocrx_word' id='word_1_249' title='bbox 919 1778 1013 1818; x_wconf 88' lang='lat' dir='ltr'>Istae</span> <span class='ocrx_word' id='word_1_250' title='bbox 1045 1780 1294 1832; x_wconf 79' lang='lat' dir='ltr'>exiguitates,</span> <span class='ocrx_word' id='word_1_251' title='bbox 1334 1778 1429 1820; x_wconf 79' lang='lat' dir='ltr'>affe-&#39;</span> 
     </span>
    </p>
   </div>
   <div class='ocr_carea' id='block_1_19' title="bbox 732 1833 1426 1887">
    <p class='ocr_par' dir='ltr' id='par_1_21' title="bbox 732 1833 1426 1887">
     <span class='ocr_line' id='line_1_57' title="bbox 732 1833 1426 1887; baseline 0.006 -15"><span class='ocrx_word' id='word_1_252' title='bbox 732 1846 735 1848; x_wconf 70' lang='grc'>’</span> <span class='ocrx_word' id='word_1_253' title='bbox 763 1835 984 1874; x_wconf 85' lang='lat' dir='ltr'>uerationes</span> <span class='ocrx_word' id='word_1_254' title='bbox 1004 1833 1228 1885; x_wconf 82' lang='lat' dir='ltr'>(Ms.Hulst.</span> <span class='ocrx_word' id='word_1_255' title='bbox 1248 1835 1335 1887; x_wconf 74' lang='lat' dir='ltr'>Istae</span> <span class='ocrx_word' id='word_1_256' title='bbox 1346 1838 1426 1876; x_wconf 84' lang='lat' dir='ltr'>exi-</span> 
     </span>
    </p>
   </div>
   <div class='ocr_carea' id='block_1_20' title="bbox 750 1890 1424 2727">
    <p class='ocr_par' dir='ltr' id='par_1_22' title="bbox 758 1890 1424 2166">
     <span class='ocr_line' id='line_1_58' title="bbox 761 1890 1424 1945; baseline 0.008 -18"><span class='ocrx_word' id='word_1_257' title='bbox 761 1891 926 1945; x_wconf 80' lang='lat' dir='ltr'>guitatis</span> <span class='ocrx_word' id='word_1_258' title='bbox 953 1890 1254 1944; x_wconf 63' lang='lat' dir='ltr'>aſjeuer-ationes)</span> <span class='ocrx_word' id='word_1_259' title='bbox 1289 1892 1424 1932; x_wconf 85' lang='lat' dir='ltr'>dicun-</span> 
     </span>
     <span class='ocr_line' id='line_1_59' title="bbox 762 1948 1422 1998; baseline 0.008 -14"><span class='ocrx_word' id='word_1_260' title='bbox 762 1958 841 1991; x_wconf 78' lang='lat' dir='ltr'>tu1·;</span> <span class='ocrx_word' id='word_1_261' title='bbox 865 1958 905 1985; x_wconf 87' lang='lat' dir='ltr'>et</span> <span class='ocrx_word' id='word_1_262' title='bbox 922 1960 1006 1985; x_wconf 83' lang='lat' dir='ltr'>cum</span> <span class='ocrx_word' id='word_1_263' title='bbox 1018 1948 1353 1998; x_wconf 83' lang='lat' dir='ltr'>pronunciatione,</span> <span class='ocrx_word' id='word_1_264' title='bbox 1382 1959 1422 1989; x_wconf 85' lang='lat' dir='ltr'>vt</span> 
     </span>
     <span class='ocr_line' id='line_1_60' title="bbox 760 2002 1421 2055; baseline 0.005 -14"><span class='ocrx_word' id='word_1_265' title='bbox 760 2002 1020 2055; x_wconf 78' lang='lat' dir='ltr'>intelligatur:</span> <span class='ocrx_word' id='word_1_266' title='bbox 1057 2016 1110 2042; x_wconf 85' lang='lat' dir='ltr'>ne</span> <span class='ocrx_word' id='word_1_267' title='bbox 1144 2003 1303 2044; x_wconf 78' lang='lat' dir='ltr'>verbum</span> <span class='ocrx_word' id='word_1_268' title='bbox 1338 2005 1421 2055; x_wconf 85' lang='lat' dir='ltr'>qui-</span> 
     </span>
     <span class='ocr_line' id='line_1_61' title="bbox 759 2057 1419 2115; baseline 0.006 -19"><span class='ocrx_word' id='word_1_269' title='bbox 759 2057 862 2097; x_wconf 84' lang='lat' dir='ltr'>dem.</span> <span class='ocrx_word' id='word_1_270' title='bbox 924 2058 1053 2112; x_wconf 82' lang='lat' dir='ltr'>Neque</span> <span class='ocrx_word' id='word_1_271' title='bbox 1086 2059 1127 2098; x_wconf 84' lang='lat' dir='ltr'>id</span> <span class='ocrx_word' id='word_1_272' title='bbox 1158 2074 1266 2115; x_wconf 83' lang='lat' dir='ltr'>aegre</span> <span class='ocrx_word' id='word_1_273' title='bbox 1307 2061 1419 2115; x_wconf 81' lang='lat' dir='ltr'>tulit]</span> 
     </span>
     <span class='ocr_line' id='line_1_62' title="bbox 758 2113 1341 2166; baseline -0.002 -11"><span class='ocrx_word' id='word_1_274' title='bbox 758 2117 846 2155; x_wconf 87' lang='lat' dir='ltr'>Hoc</span> <span class='ocrx_word' id='word_1_275' title='bbox 867 2113 921 2153; x_wconf 88' lang='lat' dir='ltr'>est</span> <span class='ocrx_word' id='word_1_276' title='bbox 930 2115 1075 2166; x_wconf 77' lang='lat' dir='ltr'>stmper</span> <span class='ocrx_word' id='word_1_277' title='bbox 1093 2115 1237 2154; x_wconf 77' lang='lat' dir='ltr'>lenitas.</span> <span class='ocrx_word' id='word_1_278' title='bbox 1292 2119 1341 2157; x_wconf 92' lang='lat' dir='ltr'>D.</span> 
     </span>
    </p>

    <p class='ocr_par' dir='ltr' id='par_1_23' title="bbox 750 2169 1422 2613">
     <span class='ocr_line' id='line_1_63' title="bbox 816 2169 1417 2225; baseline 0.007 -17"><span class='ocrx_word' id='word_1_279' title='bbox 816 2177 837 2220; x_wconf 82' lang='lat'>8</span> <span class='ocrx_word' id='word_1_280' title='bbox 887 2169 1038 2225; x_wconf 71' lang='lat' dir='ltr'>Faciet]</span> <span class='ocrx_word' id='word_1_281' title='bbox 1094 2170 1417 2213; x_wconf 77' lang='lat' dir='ltr'>subaudiendum</span> 
     </span>
     <span class='ocr_line' id='line_1_64' title="bbox 754 2225 1416 2280; baseline 0.006 -16"><span class='ocrx_word' id='word_1_282' title='bbox 754 2225 915 2265; x_wconf 71' lang='lat' dir='ltr'>verbum.</span> <span class='ocrx_word' id='word_1_283' title='bbox 955 2237 993 2265; x_wconf 90' lang='lat' dir='ltr'>et</span> <span class='ocrx_word' id='word_1_284' title='bbox 1013 2225 1075 2274; x_wconf 53' lang='lat' dir='ltr'>⁴est</span> <span class='ocrx_word' id='word_1_285' title='bbox 1100 2229 1225 2280; x_wconf 54' lang='lat' dir='ltr'>saciet</span> <span class='ocrx_word' id='word_1_286' title='bbox 1250 2226 1416 2279; x_wconf 82' lang='lat' dir='ltr'>persona.</span> 
     </span>
     <span class='ocr_line' id='line_1_65' title="bbox 755 2283 1412 2338; baseline 0.008 -18"><span class='ocrx_word' id='word_1_287' title='bbox 755 2283 878 2327; x_wconf 78' lang='lat' dir='ltr'>tertia,</span> <span class='ocrx_word' id='word_1_288' title='bbox 914 2296 982 2332; x_wconf 85' lang='lat' dir='ltr'>pro</span> <span class='ocrx_word' id='word_1_289' title='bbox 998 2283 1136 2332; x_wconf 79' lang='lat' dir='ltr'>prima.</span> <span class='ocrx_word' id='word_1_290' title='bbox 1190 2283 1335 2338; x_wconf 84' lang='lat' dir='ltr'>Faciet]</span> <span class='ocrx_word' id='word_1_291' title='bbox 1368 2284 1412 2325; x_wconf 85' lang='lat' dir='ltr'>Id</span> 
     </span>
     <span class='ocr_line' id='line_1_66' title="bbox 755 2335 1419 2389; baseline 0.005 -12"><span class='ocrx_word' id='word_1_292' title='bbox 755 2338 818 2383; x_wconf 86' lang='lat' dir='ltr'>est,</span> <span class='ocrx_word' id='word_1_293' title='bbox 838 2335 1027 2386; x_wconf 81' lang='lat' dir='ltr'>irascetur,</span> <span class='ocrx_word' id='word_1_294' title='bbox 1052 2338 1325 2389; x_wconf 75' lang='lat' dir='ltr'>&#39;denunciabit,</span> <span class='ocrx_word' id='word_1_295' title='bbox 1351 2341 1419 2380; x_wconf 60' lang='lat' dir='ltr'>lo«</span> 
     </span>
     <span class='ocr_line' id='line_1_67' title="bbox 755 2394 1411 2450; baseline 0.005 -18"><span class='ocrx_word' id='word_1_296' title='bbox 755 2405 903 2445; x_wconf 72' lang='lat' dir='ltr'>quet-ur.</span> <span class='ocrx_word' id='word_1_297' title='bbox 951 2394 1037 2433; x_wconf 84' lang='lat' dir='ltr'>Sine</span> <span class='ocrx_word' id='word_1_298' title='bbox 1056 2407 1122 2433; x_wconf 87' lang='lat' dir='ltr'>tuo</span> <span class='ocrx_word' id='word_1_299' title='bbox 1140 2409 1274 2450; x_wconf 80' lang='lat' dir='ltr'>magno</span> <span class='ocrx_word' id='word_1_300' title='bbox 1294 2396 1411 2449; x_wconf 83' lang='lat' dir='ltr'>malo]</span> 
     </span>
     <span class='ocr_line' id='line_1_68' title="bbox 752 2449 1411 2500; baseline 0.002 -10"><span class='ocrx_word' id='word_1_301' title='bbox 752 2450 796 2490; x_wconf 78' lang='lat' dir='ltr'>ld</span> <span class='ocrx_word' id='word_1_302' title='bbox 825 2449 889 2498; x_wconf 87' lang='lat' dir='ltr'>est,</span> <span class='ocrx_word' id='word_1_303' title='bbox 921 2450 1218 2490; x_wconf 82' lang='lat' dir='ltr'>comminabitur</span> <span class='ocrx_word' id='word_1_304' title='bbox 1243 2452 1331 2500; x_wconf 85' lang='lat' dir='ltr'>tibi,</span> <span class='ocrx_word' id='word_1_305' title='bbox 1370 2464 1411 2491; x_wconf 86' lang='lat' dir='ltr'>et</span> 
     </span>
     <span class='ocr_line' id='line_1_69' title="bbox 750 2506 1422 2559; baseline 0.003 -14"><span class='ocrx_word' id='word_1_306' title='bbox 750 2506 876 2545; x_wconf 73' lang='lat' dir='ltr'>minas</span> <span class='ocrx_word' id='word_1_307' title='bbox 907 2518 1153 2555; x_wconf 86' lang='lat' dir='ltr'>contemnes,</span> <span class='ocrx_word' id='word_1_308' title='bbox 1185 2518 1224 2547; x_wconf 87' lang='lat' dir='ltr'>vt</span> <span class='ocrx_word' id='word_1_309' title='bbox 1250 2507 1298 2547; x_wconf 84' lang='lat' dir='ltr'>ad</span> <span class='ocrx_word' id='word_1_310' title='bbox 1317 2521 1422 2559; x_wconf 84' lang='lat' dir='ltr'>poe--</span> 
     </span>
     <span class='ocr_line' id='line_1_70' title="bbox 753 2563 1164 2613; baseline 0.005 -13"><span class='ocrx_word' id='word_1_311' title='bbox 753 2575 821 2600; x_wconf 76' lang='lat' dir='ltr'>nas</span> <span class='ocrx_word' id='word_1_312' title='bbox 838 2564 1055 2613; x_wconf 83' lang='lat' dir='ltr'>perueniaS.</span> <span class='ocrx_word' id='word_1_313' title='bbox 1113 2563 1164 2602; x_wconf 92' lang='lat' dir='ltr'>D.</span> 
     </span>
    </p>

    <p class='ocr_par' dir='ltr' id='par_1_24' title="bbox 753 2619 1406 2727">
     <span class='ocr_line' id='line_1_71' title="bbox 809 2619 1406 2672; baseline 0.005 -16"><span class='ocrx_word' id='word_1_314' title='bbox 809 2622 862 2657; x_wconf 84' lang='lat' dir='ltr'>At</span> <span class='ocrx_word' id='word_1_315' title='bbox 879 2632 974 2657; x_wconf 82' lang='lat' dir='ltr'>nunc</span> <span class='ocrx_word' id='word_1_316' title='bbox 984 2619 1123 2672; x_wconf 75' lang='lat' dir='ltr'>fizciet]</span> <span class='ocrx_word' id='word_1_317' title='bbox 1165 2622 1251 2659; x_wconf 87' lang='lat' dir='ltr'>Hoc</span> <span class='ocrx_word' id='word_1_318' title='bbox 1269 2620 1334 2668; x_wconf 83' lang='lat' dir='ltr'>est,</span> <span class='ocrx_word' id='word_1_319' title='bbox 1367 2631 1406 2659; x_wconf 86' lang='lat' dir='ltr'>at</span> 
     </span>
     <span class='ocr_line' id='line_1_72' title="bbox 753 2676 1315 2727; baseline 0.002 -13"><span class='ocrx_word' id='word_1_320' title='bbox 753 2686 858 2716; x_wconf 82' lang='lat' dir='ltr'>nunc</span> <span class='ocrx_word' id='word_1_321' title='bbox 886 2686 1013 2718; x_wconf 79' lang='lat' dir='ltr'>tecum</span> <span class='ocrx_word' id='word_1_322' title='bbox 1031 2676 1221 2727; x_wconf 79' lang='lat' dir='ltr'>loquetur.</span> <span class='ocrx_word' id='word_1_323' title='bbox 1264 2679 1315 2718; x_wconf 85' lang='lat' dir='ltr'>E.</span> 
     </span>
    </p>
   </div>
  </div>
 </body>
</html>
