1815 3168
311 172 406 223 380

687 152 843 204 AcT.
875 158 942 202 111.
973 155 1166 202 SCEN.
1198 155 1252 199 11.

441 285 601 337 THR.
638 285 758 341 Quid
782 285 860 332 tibi
883 301 967 345 ego
988 282 1125 330 multa
1160 281 1329 329 dicam?
1367 283 1535 330 domini
1567 280 1680 332 simi·

547 363 599 408 lis
629 379 690 408 es.

445 435 496 486 G
511 453 564 485 N.
596 441 684 489 Ha,
706 437 776 488 ha,
796 436 868 482 he.
910 430 1012 480 ΤΗ
1027 447 1076 481 R.
1116 433 1222 496 quid
1243 433 1391 480 rides?
1427 431 1535 481 GN.
1573 433 1681 502 istue

544 513 663 575 quod
689 512 792 557 dixti
816 502 978 555 modo:

346 610 381 653 4
395 603 420 652 5
445 593 501 636 Et
521 587 627 634 illud
649 586 701 632 de
721 584 896 632 Rhodio
917 581 1083 630 dissum
1104 601 1205 631 cum
1226 586 1271 630 in
1293 594 1486 631 mentem
1507 586 1642 632 venit.
1710 628 1712 631 .

447 664 531 711 Sed
554 663 694 708 Thais
717 661 816 706 exit.
841 656 976 705 THR.
998 659 1068 706 abi
1088 676 1206 726 prae,
1230 677 1369 711 curre,
1392 672 1438 706 vt
1457 658 1539 706 fint
1559 659 1680 708 domi

451 744 612 787 Parata.
651 732 765 783 GN.
804 733 893 782 fiat.
931 732 1029 782 ΤΗ
1042 747 1091 784 Α.
1127 735 1372 797 diligenter,
1396 734 1585 799 Pythias,
1639 749 1649 784 1

1593 813 1681 858 Fac

315 918 395 973 ipse
424 919 494 966 fit‚'
531 917 597 957 sub
626 929 705 968 quo
734 914 789 955 est
822 914 967 965 (Adde,
1021 915 1158 967 rifi‘rit‚
1190 913 1257 955 sed
1277 914 1379 965 ideo,
1403 924 1442 955 vt
1461 914 1592 954 denuo
1604 914 1684 954 lau'-

320 977 435 1018 Thais
461 975 536 1025 Z.).
572 983 612 1012 et
646 972 709 1010 hic
741 969 865 1009 seruat
891 975 975 1010 Par·
1023 973 1145 1012 detur.
1199 975 1249 1012 D.

313 1044 448 1078 meno,
470 1028 574 1080 quod
585 1028 652 1067 fibi
672 1025 897 1066 mandatum
908 1026 974 1073 est,

315 1091 368 1130 Et
385 1086 488 1138 istum
508 1084 694 1131 aemulum,
720 1082 819 1133 quod
823 1083 976 1132 pozeris,

315 1143 361 1183 ab
390 1156 429 1180 ca
451 1140 592 1193 pellito.
650 1143 700 1180 Et
725 1137 832 1175 bene
856 1145 978 1174 mutat

317 1198 481 1237 nomina
503 1227 512 1244 ,
555 1195 649 1233 hinc
683 1192 731 1232 ad
776 1191 978 1240 honorem,

315 1255 409 1293 hinc
427 1252 475 1292 ad
495 1251 696 1291 inuidiam.
746 1250 871 1292 Hanc,
893 1260 977 1286 non

315 1311 558 1356 meretricem,
593 1305 658 1345 fed
683 1306 841 1345 amicam
862 1304 978 1343 dixit:

314 1367 438 1410 hunc,
458 1377 542 1403 non
558 1363 723 1410 militem,
743 1357 810 1400 sed
821 1362 979 1416 impera-

316 1435 445 1463 torem.
502 1422 554 1460 D.

372 1544 425 1586 43
462 1531 574 1589 Qid
597 1529 670 1571 tibi
699 1542 765 1585 ego
788 1528 904 1569 multa
930 1528 986 1568 di-

319 1589 453 1643 cam?]
484 1591 575 1629 Non
597 1585 730 1625 habuit
747 1586 851 1625 aliud
872 1585 985 1625 miles

322 1647 476 1693 stultus,
506 1654 545 1682 et
574 1642 674 1682 redit
711 1641 758 1681 ad
782 1643 850 1681 illa
881 1653 986 1692 quae

319 1702 429 1754 supra
463 1699 579 1749 dixit,
619 1699 779 1737 Domini
807 1698 984 1751 pauperis

322 1758 529 1809 miserique.
583 1755 745 1794 Domini
765 1752 901 1806 fi'milis
927 1753 982 1806 es]

320 1818 483 1865 Ineptus
512 1812 635 1858 iocus,
662 1811 704 1849 in
733 1824 810 1861 quo
838 1807 985 1857 seruus,

320 1870 490 1911 iniuriae
518 1867 621 1914 vice,
651 1865 813 1904 domino
832 1877 985 1917 compa-

323 1937 433 1966 ratur.
489 1925 538 1963 D.

377 1980 534 2026 Similis,
572 1990 659 2016 cum
680 1975 778 2014 nihil
802 1974 984 2027 vituperii

323 2037 530 2080 contineat,
549 2032 780 2072 mutandum
799 2031 853 2070 est
871 2032 912 2069 in
929 2030 985 2070 Si·
1024 2048 1031 2050 -

324 2096 411 2135 mia.
471 2093 569 2130 Nam
586 2099 859 2140 praeterquam
879 2084 984 2137 quod

325 2153 378 2189 ita
399 2144 598 2197 turpitudo
617 2137 728 2183 fzsciei
747 2143 985 2193 exprimitur,

324 2203 408 2245 vsus
428 2200 618 2254 loquendi
638 2211 793 2252 quoque
811 2211 986 2249 compro-

325 2263 416 2300 bat:
444 2257 624 2308 πιθηκίξειν
644 2256 749 2294 enim
772 2254 825 2293 est
843 2255 986 2293 imitari

327 2328 365 2357 et
382 2316 540 2356 adulari.
571 2310 631 2352 Cf.
651 2311 750 2353 Plin.
770 2310 884 2362 Epist.
900 2322 934 2358 1,
947 2320 984 2361 5.

326 2385 365 2413 et
381 2373 502 2414 Plaut.
523 2367 637 2411 Most.
665 2381 726 2417 ιν,
745 2379 782 2416 2,
800 2379 839 2421 4.
895 2368 935 2405 B.

379 2495 437 2537 44
463 2480 574 2539 Qid
599 2477 741 2532 rides?]
770 2481 818 2518 Et
838 2477 916 2516 hoc
937 2489 986 2517 eo

330 2542 439 2580 vultu
469 2538 626 2583 dicitur,
669 2532 774 2585 quasi
797 2533 867 2572 fibi
895 2547 986 2572 con-

330 2597 426 2638 scius
443 2594 486 2633 fit
505 2593 613 2631 miles
633 2589 757 2629 facete
784 2588 871 2629 diffi
897 2603 987 2628 con-

331 2652 437 2693 uicii.
493 2652 592 2688 Nam
621 2660 702 2685 non
721 2645 822 2697 quod
845 2642 989 2685 nesciat

331 2705 479 2751 eausam
493 2700 597 2754 risus,
615 2714 663 2746 eo
675 2703 893 2760 interrogat
903 2702 992 2758 quid

1064 1027 1180 1078 =1stuc
1206 1027 1306 1080 quod
1326 1028 1440 1072 dixti]
1470 1027 1594 1068 Colax
1619 1037 1686 1078 pa·

1027 1082 1155 1121 rafitus
1184 1080 1292 1121 suum
1313 1082 1454 1135 vbique
1473 1083 1607 1134 implet
1630 1080 1685 1122 of-

1027 1136 1168 1176 ficium.
1225 1140 1325 1178 Nam
1352 1151 1439 1177 cum
1467 1139 1605 1177 leuiter
1630 1139 1685 1177 lo-

1029 1204 1138 1232 cutus
1156 1193 1267 1232 miles
1288 1191 1423 1241 fuifl'et‚
1451 1195 1517 1245 qui
1537 1193 1687 1233 dixemt

1026 1249 1263 1290 Parmenoni
1277 1279 1286 1297 ‚
1318 1250 1477 1288 Domini
1481 1247 1614 1299 stmilis
1634 1264 1684 1296 es,

1028 1306 1218 1345 continuo
1241 1303 1357 1343 risum
1375 1303 1445 1342 fibi
1465 1315 1687 1345 commouet

1027 1375 1079 1401 ex
1108 1360 1481 1400 commemoratione
1506 1361 1607 1400 illius
1633 1362 1688 1400 di-

1026 1418 1090 1466 eti,
1112 1415 1218 1468 quod
1237 1415 1425 1456 Rhodium
1443 1415 1688 1467 adolescentu-

1032 1473 1108 1513 lum
1123 1473 1235 1512 miles
1254 1472 1422 1522 dixer-at,
1460 1469 1539 1512 sese
1558 1472 1690 1512 ridere

1032 1526 1209 1582 coepisse.
1265 1531 1309 1569 E.

1089 1596 1144 1639 45
1183 1585 1234 1624 Et
1262 1583 1356 1624 illud
1390 1584 1433 1624 de
1457 1584 1605 1625 Rhodio
1635 1586 1692 1625 di-

1033 1642 1146 1692 etum]
1177 1644 1263 1680 Hoc
1281 1640 1334 1680 est
1349 1639 1454 1690 illud,
1469 1641 1612 1682 Eorum
1630 1645 1691 1681 in-

1028 1699 1140 1753 genia
1157 1696 1458 1748 admirorfi'mul.
1511 1701 1560 1738 Et
1585 1698 1686 1747 huic,

1033 1766 1075 1793 vt
1100 1763 1280 1806 apparet,
1306 1751 1348 1791 fit
1374 1754 1557 1793 amicior:
1596 1755 1689 1794 ideo

1033 1809 1184 1850 facilius
1210 1809 1256 1848 ab
1286 1809 1417 1858 amica,
1444 1823 1559 1862 quam
1579 1825 1600 1850 a
1624 1824 1690 1862 pa-

1032 1866 1142 1905 rasito
1164 1863 1409 1915 separabitur.
1463 1865 1512 1905 D.

1086 1920 1187 1960 Illud
1211 1933 1310 1967 cum,
1343 1919 1448 1971 quod
1479 1919 1527 1960 ab
1554 1920 1690 1961 nostris

1033 1974 1151 2022 abest,
1170 1988 1277 2028 pone
1294 1974 1378 2027 post
1393 1989 1556 2016 mentem.
1595 1980 1637 2017 Β.

1086 2035 1143 2084 46
1170 2030 1245 2071 Abi
1259 2043 1372 2083 prae,
1413 2045 1525 2080 curre,
1553 2030 1692 2083 vtfi'nt

1034 2089 1132 2127 domi
1152 2097 1292 2139 parata
1319 2088 1453 2137 omnia]
1485 2091 1575 2128 Nou
1595 2089 1692 2128 dixit

1034 2157 1129 2196 quae
1163 2144 1317 2194 (Forte,
1343 2157 1453 2196 atque
1479 2147 1538 2197 Z.)
1552 2159 1565 2183 :>
1601 2146 1692 2197 quia

1034 2198 1277 2251 intelligitur.
1332 2200 1452 2239 Domi
1469 2210 1514 2239 vt
1530 2199 1610 2251 fi'nt
1624 2213 1693 2254 pa-

1034 2267 1122 2296 rata
1147 2255 1290 2309 omnia]
1328 2252 1480 2300 ἔλλειψις
1505 2256 1620 2303 simus),
1649 2258 1693 2298 in

1037 2325 1113 2363 qua
1158 2311 1245 2362 plus
1296 2313 1400 2350 vultu
1445 2310 1692 2366 significatur,

1038 2380 1155 2419 quam
1175 2366 1312 2406 verbis.
1367 2370 1416 2408 D.

1087 2425 1160 2462 Pro
1181 2435 1284 2462 curre
1300 2423 1508 2463 palmerius
1530 2425 1695 2479 egregie

1037 2478 1204 2518 con-exit
1221 2491 1319 2518 cura.
1353 2478 1415 2520 Cf.
1443 2480 1557 2522 Adel.
1576 2495 1628 2529 11,
1658 2494 1693 2531 Ι.

1041 2546 1102 2588 13.
1155 2537 1195 2574 Β.

1090 2599 1147 2641 47
1174 2587 1276 2636 Fiat]
1303 2591 1463 2641 Faciam,
1475 2593 1535 2632 vel
1545 2591 1627 2643 fiet,
1640 2591 1695 2632 di-

1038 2655 1143 2685 ceret
1163 2643 1310 2685 seruus:
1344 2648 1442 2686 liber
1461 2662 1574 2696 vero,
1595 2646 1690 2699 fiat:

1038 2711 1222 2756 tanquam
1234 2714 1271 2743 et
1286 2700 1367 2758 ipse
1382 2703 1512 2745 iubeat
1528 2703 1607 2745 fibi.
1635 2709 1687 2747 D.
