<?xml version="1.0" encoding="UTF-8"?>
<!DOCTYPE html PUBLIC "-//W3C//DTD XHTML 1.0 Transitional//EN"
    "http://www.w3.org/TR/xhtml1/DTD/xhtml1-transitional.dtd">
<html xmlns="http://www.w3.org/1999/xhtml" xml:lang="en" lang="en">
 <head>
  <title>
</title>
<meta http-equiv="Content-Type" content="text/html;charset=utf-8" />
  <meta name='ocr-system' content='tesseract 3.04.00' />
  <meta name='ocr-capabilities' content='ocr_page ocr_carea ocr_par ocr_line ocrx_word'/>
</head>
<body>
  <div class='ocr_page' id='page_1' title='image "./comoediaesexexre01tereuoft_0374.png"; bbox 0 0 1815 3168; ppageno 0'>
   <div class='ocr_carea' id='block_1_1' title="bbox 260 163 354 222">
    <p class='ocr_par' dir='ltr' id='par_1_1' title="bbox 260 163 354 222">
     <span class='ocr_line' id='line_1_1' title="bbox 260 163 354 222; baseline -0.011 -17"><span class='ocrx_word' id='word_1_1' title='bbox 260 163 354 222; x_wconf 78' lang='lat'><strong>278</strong></span> 
     </span>
    </p>
   </div>
   <div class='ocr_carea' id='block_1_2' title="bbox 667 150 1209 204">
    <p class='ocr_par' dir='ltr' id='par_1_2' title="bbox 667 150 1209 204">
     <span class='ocr_line' id='line_1_2' title="bbox 667 150 1209 204; baseline -0.015 -1"><span class='ocrx_word' id='word_1_2' title='bbox 667 156 831 204; x_wconf 82' lang='lat' dir='ltr'><strong>ACT.</strong></span> <span class='ocrx_word' id='word_1_3' title='bbox 862 152 902 201; x_wconf 74' lang='grc' dir='ltr'><strong>Ἰ.</strong></span> <span class='ocrx_word' id='word_1_4' title='bbox 941 150 1209 201; x_wconf 83' lang='lat' dir='ltr'><strong>scEN.1.</strong></span> 
     </span>
    </p>
   </div>
   <div class='ocr_carea' id='block_1_3' title="bbox 398 274 1502 346">
    <p class='ocr_par' dir='ltr' id='par_1_3' title="bbox 398 274 1502 346">
     <span class='ocr_line' id='line_1_3' title="bbox 398 274 1502 346; baseline -0.014 -9"><span class='ocrx_word' id='word_1_5' title='bbox 398 284 676 346; x_wconf 81' lang='lat' dir='ltr'><strong>Restinguet:</strong></span> <span class='ocrx_word' id='word_1_6' title='bbox 720 295 764 332; x_wconf 82' lang='lat' dir='ltr'><strong>et</strong></span> <span class='ocrx_word' id='word_1_7' title='bbox 784 294 827 330; x_wconf 89' lang='lat' dir='ltr'><strong>te</strong></span> <span class='ocrx_word' id='word_1_8' title='bbox 849 281 964 328; x_wconf 82' lang='lat' dir='ltr'><strong>vltro</strong></span> <span class='ocrx_word' id='word_1_9' title='bbox 978 276 1186 326; x_wconf 81' lang='lat' dir='ltr'>accusabit</span> <span class='ocrx_word' id='word_1_10' title='bbox 1200 293 1218 344; x_wconf 22' lang='lat'><strong>:-</strong></span> <span class='ocrx_word' id='word_1_11' title='bbox 1250 285 1295 322; x_wconf 81' lang='lat' dir='ltr'><strong>et</strong></span> <span class='ocrx_word' id='word_1_12' title='bbox 1315 274 1433 324; x_wconf 84' lang='lat' dir='ltr'><strong>dabis</strong></span> <span class='ocrx_word' id='word_1_13' title='bbox 1462 276 1502 323; x_wconf 88' lang='lat' dir='ltr'><strong>ei</strong></span> 
     </span>
    </p>
   </div>
   <div class='ocr_carea' id='block_1_4' title="bbox 304 354 957 428">
    <p class='ocr_par' dir='ltr' id='par_1_4' title="bbox 304 354 957 428">
     <span class='ocr_line' id='line_1_4' title="bbox 304 354 957 428; baseline -0.018 -15"><span class='ocrx_word' id='word_1_14' title='bbox 304 380 365 428; x_wconf 81' lang='lat'><strong>25</strong></span> <span class='ocrx_word' id='word_1_15' title='bbox 401 365 529 411; x_wconf 84' lang='lat' dir='ltr'><strong>Vltro</strong></span> <span class='ocrx_word' id='word_1_16' title='bbox 550 360 825 427; x_wconf 84' lang='lat' dir='ltr'><strong>supplicium.</strong></span> <span class='ocrx_word' id='word_1_17' title='bbox 859 354 957 404; x_wconf 82' lang='lat' dir='ltr'><strong>PH.</strong></span> 
     </span>
    </p>
   </div>
   <div class='ocr_carea' id='block_1_5' title="bbox 503 454 586 497">
    <p class='ocr_par' dir='ltr' id='par_1_5' title="bbox 503 454 586 497">
     <span class='ocr_line' id='line_1_5' title="bbox 503 454 586 497; baseline 0 -14"><span class='ocrx_word' id='word_1_18' title='bbox 503 454 586 497; x_wconf 85' lang='lat' dir='ltr'><strong>ego</strong></span> 
     </span>
    </p>
   </div>
   <div class='ocr_carea' id='block_1_6' title="bbox 997 351 1641 415">
    <p class='ocr_par' dir='ltr' id='par_1_6' title="bbox 997 351 1641 415">
     <span class='ocr_line' id='line_1_6' title="bbox 997 351 1641 415; baseline -0.006 -14"><span class='ocrx_word' id='word_1_19' title='bbox 997 367 1024 402; x_wconf 88' lang='lat'>0</span> <span class='ocrx_word' id='word_1_20' title='bbox 1045 353 1280 415; x_wconf 85' lang='lat' dir='ltr'><strong>indignum</strong></span> <span class='ocrx_word' id='word_1_21' title='bbox 1298 351 1463 398; x_wconf 87' lang='lat' dir='ltr'><strong>facinus</strong></span> <span class='ocrx_word' id='word_1_22' title='bbox 1478 355 1487 398; x_wconf 84' lang='lat'>!</span> <span class='ocrx_word' id='word_1_23' title='bbox 1521 362 1641 399; x_wconf 84' lang='lat' dir='ltr'>nunc</span> 
     </span>
    </p>
   </div>
   <div class='ocr_carea' id='block_1_7' title="bbox 401 502 1651 801">
    <p class='ocr_par' dir='ltr' id='par_1_7' title="bbox 401 502 1514 563">
     <span class='ocr_line' id='line_1_7' title="bbox 401 502 1514 563; baseline -0.014 0"><span class='ocrx_word' id='word_1_24' title='bbox 401 518 460 563; x_wconf 86' lang='lat' dir='ltr'><strong>Et</strong></span> <span class='ocrx_word' id='word_1_25' title='bbox 481 513 600 559; x_wconf 82' lang='lat' dir='ltr'><strong>illam</strong></span> <span class='ocrx_word' id='word_1_26' title='bbox 622 508 833 559; x_wconf 85' lang='lat' dir='ltr'><strong>scelestam</strong></span> <span class='ocrx_word' id='word_1_27' title='bbox 858 503 954 560; x_wconf 82' lang='lat' dir='ltr'><strong>effe,</strong></span> <span class='ocrx_word' id='word_1_28' title='bbox 979 516 1022 551; x_wconf 86' lang='lat' dir='ltr'><strong>et</strong></span> <span class='ocrx_word' id='word_1_29' title='bbox 1043 519 1115 551; x_wconf 88' lang='lat' dir='ltr'><strong>me</strong></span> <span class='ocrx_word' id='word_1_30' title='bbox 1130 502 1334 551; x_wconf 87' lang='lat' dir='ltr'><strong>miserum</strong></span> <span class='ocrx_word' id='word_1_31' title='bbox 1355 502 1514 550; x_wconf 82' lang='lat' dir='ltr'><strong>sentio:</strong></span> 
     </span>
    </p>

    <p class='ocr_par' dir='ltr' id='par_1_8' title="bbox 402 576 1561 726">
     <span class='ocr_line' id='line_1_8' title="bbox 402 576 1561 643; baseline -0.016 -5"><span class='ocrx_word' id='word_1_32' title='bbox 402 593 462 638; x_wconf 86' lang='lat' dir='ltr'><strong>Et</strong></span> <span class='ocrx_word' id='word_1_33' title='bbox 490 587 653 635; x_wconf 81' lang='lat' dir='ltr'><strong>taedet:</strong></span> <span class='ocrx_word' id='word_1_34' title='bbox 694 598 737 634; x_wconf 85' lang='lat' dir='ltr'><strong>et</strong></span> <span class='ocrx_word' id='word_1_35' title='bbox 761 600 909 632; x_wconf 85' lang='lat' dir='ltr'><strong>amore</strong></span> <span class='ocrx_word' id='word_1_36' title='bbox 932 580 1084 628; x_wconf 82' lang='lat' dir='ltr'><strong>ardeo:</strong></span> <span class='ocrx_word' id='word_1_37' title='bbox 1126 589 1171 626; x_wconf 84' lang='lat' dir='ltr'><strong>et</strong></span> <span class='ocrx_word' id='word_1_38' title='bbox 1187 578 1397 643; x_wconf 77' lang='lat' dir='ltr'><strong>prudens,</strong></span> <span class='ocrx_word' id='word_1_39' title='bbox 1413 576 1561 628; x_wconf 86' lang='lat' dir='ltr'><strong>sciens,</strong></span> 
     </span>
     <span class='ocr_line' id='line_1_9' title="bbox 403 652 1540 726; baseline -0.013 -14"><span class='ocrx_word' id='word_1_40' title='bbox 403 667 564 716; x_wconf 82' lang='lat' dir='ltr'><strong>Vinus,</strong></span> <span class='ocrx_word' id='word_1_41' title='bbox 586 662 821 725; x_wconf 86' lang='lat' dir='ltr'><strong>vidensque</strong></span> <span class='ocrx_word' id='word_1_42' title='bbox 845 673 1004 726; x_wconf 86' lang='lat' dir='ltr'><strong>pereo:</strong></span> <span class='ocrx_word' id='word_1_43' title='bbox 1043 671 1139 708; x_wconf 87' lang='lat' dir='ltr'><strong>nec,</strong></span> <span class='ocrx_word' id='word_1_44' title='bbox 1151 653 1259 717; x_wconf 86' lang='lat' dir='ltr'><strong>quid</strong></span> <span class='ocrx_word' id='word_1_45' title='bbox 1278 669 1417 715; x_wconf 82' lang='lat' dir='ltr'>agam,</span> <span class='ocrx_word' id='word_1_46' title='bbox 1440 652 1540 698; x_wconf 84' lang='lat' dir='ltr'><strong>scio.</strong></span> 
     </span>
    </p>

    <p class='ocr_par' dir='ltr' id='par_1_9' title="bbox 405 729 1651 801">
     <span class='ocr_line' id='line_1_10' title="bbox 405 729 1651 801; baseline -0.01 -15"><span class='ocrx_word' id='word_1_47' title='bbox 405 737 443 791; x_wconf 83' lang='lat' dir='ltr'>P</span> <span class='ocrx_word' id='word_1_48' title='bbox 455 751 488 785; x_wconf 77' lang='lat' dir='ltr'>A</span> <span class='ocrx_word' id='word_1_49' title='bbox 502 752 550 784; x_wconf 84' lang='lat' dir='ltr'><strong>R.</strong></span> <span class='ocrx_word' id='word_1_50' title='bbox 587 738 710 794; x_wconf 87' lang='lat' dir='ltr'>Quid</span> <span class='ocrx_word' id='word_1_51' title='bbox 730 736 864 801; x_wconf 79' lang='lat' dir='ltr'>agas?</span> <span class='ocrx_word' id='word_1_52' title='bbox 904 729 983 782; x_wconf 85' lang='lat' dir='ltr'><strong>nifi</strong></span> <span class='ocrx_word' id='word_1_53' title='bbox 997 741 1044 781; x_wconf 85' lang='lat' dir='ltr'><strong>vt</strong></span> <span class='ocrx_word' id='word_1_54' title='bbox 1062 742 1105 779; x_wconf 81' lang='lat' dir='ltr'><strong>te</strong></span> <span class='ocrx_word' id='word_1_55' title='bbox 1123 729 1311 779; x_wconf 83' lang='lat' dir='ltr'>redimas</span> <span class='ocrx_word' id='word_1_56' title='bbox 1325 738 1503 795; x_wconf 82' lang='lat' dir='ltr'>captum</span> <span class='ocrx_word' id='word_1_57' title='bbox 1518 740 1651 790; x_wconf 86' lang='lat' dir='ltr'><strong>quam</strong></span> 
     </span>
    </p>
   </div>
   <div class='ocr_carea' id='block_1_8' title="bbox 503 829 637 879">
    <p class='ocr_par' dir='ltr' id='par_1_10' title="bbox 503 829 637 879">
     <span class='ocr_line' id='line_1_11' title="bbox 503 829 637 879; baseline -0.007 -17"><span class='ocrx_word' id='word_1_58' title='bbox 503 829 637 879; x_wconf 80' lang='lat' dir='ltr'>queas</span> 
     </span>
    </p>
   </div>
   <div class='ocr_carea' id='block_1_9' title="bbox 274 954 974 2754">
    <p class='ocr_par' dir='ltr' id='par_1_11' title="bbox 329 954 945 1017">
     <span class='ocr_line' id='line_1_12' title="bbox 329 954 945 1017; baseline -0.016 -12"><span class='ocrx_word' id='word_1_59' title='bbox 329 974 386 1017; x_wconf 86' lang='lat'><strong>24</strong></span> <span class='ocrx_word' id='word_1_60' title='bbox 420 963 494 1003; x_wconf 80' lang='lat' dir='ltr'><strong>Pro</strong></span> <span class='ocrx_word' id='word_1_61' title='bbox 533 957 718 1010; x_wconf 77' lang='lat' dir='ltr'><strong>accufhbis</strong></span> <span class='ocrx_word' id='word_1_62' title='bbox 755 958 799 996; x_wconf 91' lang='lat' dir='ltr'><strong>in</strong></span> <span class='ocrx_word' id='word_1_63' title='bbox 836 954 945 996; x_wconf 79' lang='lat' dir='ltr'><strong>libris</strong></span> 
     </span>
    </p>

    <p class='ocr_par' dir='ltr' id='par_1_12' title="bbox 274 1012 961 1620">
     <span class='ocr_line' id='line_1_13' title="bbox 274 1012 946 1064; baseline -0.015 -5"><span class='ocrx_word' id='word_1_64' title='bbox 274 1018 418 1060; x_wconf 82' lang='lat' dir='ltr'><strong>Faerni</strong></span> <span class='ocrx_word' id='word_1_65' title='bbox 446 1028 485 1056; x_wconf 80' lang='lat' dir='ltr'><strong>et</strong></span> <span class='ocrx_word' id='word_1_66' title='bbox 504 1014 642 1054; x_wconf 82' lang='lat' dir='ltr'><strong>nostris</strong></span> <span class='ocrx_word' id='word_1_67' title='bbox 671 1012 775 1053; x_wconf 71' lang='grc' dir='ltr'><strong>τεέὶε</strong></span> <span class='ocrx_word' id='word_1_68' title='bbox 803 1013 946 1064; x_wconf 81' lang='lat' dir='ltr'><strong>legitur</strong></span> 
     </span>
     <span class='ocr_line' id='line_1_14' title="bbox 275 1070 948 1124; baseline -0.019 -8"><span class='ocrx_word' id='word_1_69' title='bbox 275 1073 477 1124; x_wconf 72' lang='lat' dir='ltr'><strong>accufhbit.</strong></span> <span class='ocrx_word' id='word_1_70' title='bbox 515 1072 724 1113; x_wconf 78' lang='lat' dir='ltr'><strong>Caetemm</strong></span> <span class='ocrx_word' id='word_1_71' title='bbox 743 1070 776 1106; x_wconf 83' lang='lat' dir='ltr'><strong>ei</strong></span> <span class='ocrx_word' id='word_1_72' title='bbox 794 1078 948 1118; x_wconf 83' lang='lat' dir='ltr'><strong>ponen-</strong></span> 
     </span>
     <span class='ocr_line' id='line_1_15' title="bbox 278 1119 948 1181; baseline -0.013 -12"><span class='ocrx_word' id='word_1_73' title='bbox 278 1130 376 1169; x_wconf 84' lang='lat' dir='ltr'><strong>dum</strong></span> <span class='ocrx_word' id='word_1_74' title='bbox 401 1138 497 1181; x_wconf 84' lang='lat' dir='ltr'>puto</span> <span class='ocrx_word' id='word_1_75' title='bbox 525 1136 615 1166; x_wconf 83' lang='lat' dir='ltr'><strong>ante</strong></span> <span class='ocrx_word' id='word_1_76' title='bbox 639 1124 863 1176; x_wconf 74' lang='lat' dir='ltr'><strong>ficpplicium</strong></span> <span class='ocrx_word' id='word_1_77' title='bbox 893 1119 948 1161; x_wconf 85' lang='lat' dir='ltr'><strong>se-</strong></span> 
     </span>
     <span class='ocr_line' id='line_1_16' title="bbox 279 1177 949 1238; baseline -0.015 -12"><span class='ocrx_word' id='word_1_78' title='bbox 279 1186 450 1238; x_wconf 82' lang='lat' dir='ltr'><strong>quentis.</strong></span> <span class='ocrx_word' id='word_1_79' title='bbox 509 1182 619 1222; x_wconf 84' lang='lat' dir='ltr'><em>Ultro</em></span> <span class='ocrx_word' id='word_1_80' title='bbox 638 1184 808 1221; x_wconf 85' lang='lat' dir='ltr'><strong>Faernus</strong></span> <span class='ocrx_word' id='word_1_81' title='bbox 831 1177 949 1230; x_wconf 81' lang='lat' dir='ltr'><strong>expli-</strong></span> 
     </span>
     <span class='ocr_line' id='line_1_17' title="bbox 280 1238 714 1294; baseline -0.014 -12"><span class='ocrx_word' id='word_1_82' title='bbox 280 1253 344 1282; x_wconf 86' lang='lat' dir='ltr'><strong>cat</strong></span> <span class='ocrx_word' id='word_1_83' title='bbox 365 1255 437 1294; x_wconf 87' lang='lat' dir='ltr'><strong>per</strong></span> <span class='ocrx_word' id='word_1_84' title='bbox 455 1238 614 1291; x_wconf 77' lang='lat' dir='ltr'><strong>infitper.</strong></span> <span class='ocrx_word' id='word_1_85' title='bbox 675 1239 714 1277; x_wconf 89' lang='lat' dir='ltr'><strong>B.</strong></span> 
     </span>
     <span class='ocr_line' id='line_1_18' title="bbox 300 1291 947 1350; baseline -0.019 -11"><span class='ocrx_word' id='word_1_86' title='bbox 300 1348 303 1350; x_wconf 79' lang='lat'><strong>.</strong></span> <span class='ocrx_word' id='word_1_87' title='bbox 337 1309 390 1348; x_wconf 83' lang='lat'><strong>25</strong></span> <span class='ocrx_word' id='word_1_88' title='bbox 418 1297 530 1336; x_wconf 86' lang='lat' dir='ltr'><em>Nunc</em></span> <span class='ocrx_word' id='word_1_89' title='bbox 549 1308 617 1349; x_wconf 81' lang='lat' dir='ltr'><strong>ego</strong></span> <span class='ocrx_word' id='word_1_90' title='bbox 630 1291 794 1345; x_wconf 79' lang='lat' dir='ltr'><strong>etillam]</strong></span> <span class='ocrx_word' id='word_1_91' title='bbox 818 1291 947 1337; x_wconf 82' lang='lat' dir='ltr'><em>Nunc,</em></span> 
     </span>
     <span class='ocr_line' id='line_1_19' title="bbox 284 1347 953 1401; baseline -0.016 -6"><span class='ocrx_word' id='word_1_92' title='bbox 284 1354 327 1395; x_wconf 88' lang='lat' dir='ltr'><strong>id</strong></span> <span class='ocrx_word' id='word_1_93' title='bbox 347 1353 410 1401; x_wconf 81' lang='lat' dir='ltr'><strong>est,</strong></span> <span class='ocrx_word' id='word_1_94' title='bbox 441 1349 534 1391; x_wconf 78' lang='lat' dir='ltr'><strong>sero.</strong></span> <span class='ocrx_word' id='word_1_95' title='bbox 556 1361 593 1390; x_wconf 88' lang='lat' dir='ltr'><strong>vt</strong></span> <span class='ocrx_word' id='word_1_96' title='bbox 612 1350 718 1401; x_wconf 29' lang='lat' dir='ltr'><strong>virg.</strong></span> <span class='ocrx_word' id='word_1_97' title='bbox 736 1347 953 1399; x_wconf 37' lang='lat' dir='ltr'><strong>(Ecl.‘v111‚</strong></span> 
     </span>
     <span class='ocr_line' id='line_1_20' title="bbox 285 1401 956 1463; baseline -0.016 -13"><span class='ocrx_word' id='word_1_98' title='bbox 285 1413 379 1463; x_wconf 85' lang='lat'><strong>43.)</strong></span> <span class='ocrx_word' id='word_1_99' title='bbox 411 1408 524 1447; x_wconf 84' lang='lat' dir='ltr'><em>Nunc</em></span> <span class='ocrx_word' id='word_1_100' title='bbox 546 1405 630 1458; x_wconf 79' lang='lat' dir='ltr'><strong>fiio</strong></span> <span class='ocrx_word' id='word_1_101' title='bbox 653 1405 745 1458; x_wconf 88' lang='lat' dir='ltr'><strong>quid</strong></span> <span class='ocrx_word' id='word_1_102' title='bbox 763 1401 818 1456; x_wconf 82' lang='lat' dir='ltr'><strong>fit</strong></span> <span class='ocrx_word' id='word_1_103' title='bbox 839 1415 956 1441; x_wconf 80' lang='lat' dir='ltr'><strong>amor.</strong></span> 
     </span>
     <span class='ocr_line' id='line_1_21' title="bbox 285 1463 956 1518; baseline -0.021 -9"><span class='ocrx_word' id='word_1_104' title='bbox 285 1470 341 1509; x_wconf 85' lang='lat' dir='ltr'><strong>Et</strong></span> <span class='ocrx_word' id='word_1_105' title='bbox 368 1467 495 1518; x_wconf 83' lang='lat' dir='ltr'><strong>(Aen.</strong></span> <span class='ocrx_word' id='word_1_106' title='bbox 525 1476 583 1512; x_wconf 72' lang='lat' dir='ltr'><strong>xv,</strong></span> <span class='ocrx_word' id='word_1_107' title='bbox 613 1463 734 1513; x_wconf 81' lang='lat'>376):</span> <span class='ocrx_word' id='word_1_108' title='bbox 773 1483 829 1490; x_wconf 90' lang='lat'>-</span> <span class='ocrx_word' id='word_1_109' title='bbox 860 1469 956 1497; x_wconf 86' lang='lat' dir='ltr'><em>nunc</em></span> 
     </span>
     <span class='ocr_line' id='line_1_22' title="bbox 288 1514 961 1577; baseline -0.016 -14"><span class='ocrx_word' id='word_1_110' title='bbox 288 1535 411 1577; x_wconf 81' lang='lat' dir='ltr'><em>augur</em></span> <span class='ocrx_word' id='word_1_111' title='bbox 429 1517 581 1573; x_wconf 84' lang='lat' dir='ltr'><em>Apollo,</em></span> <span class='ocrx_word' id='word_1_112' title='bbox 607 1517 718 1558; x_wconf 83' lang='lat' dir='ltr'><em>Nunc</em></span> <span class='ocrx_word' id='word_1_113' title='bbox 732 1517 864 1569; x_wconf 84' lang='lat' dir='ltr'><em>Lyciae</em></span> <span class='ocrx_word' id='word_1_114' title='bbox 873 1514 961 1566; x_wconf 76' lang='lat' dir='ltr'><strong>Jbr-</strong></span> 
     </span>
     <span class='ocr_line' id='line_1_23' title="bbox 289 1580 464 1620; baseline -0.017 0"><span class='ocrx_word' id='word_1_115' title='bbox 289 1592 360 1620; x_wconf 67' lang='grc' dir='ltr'><strong>τες.</strong></span> <span class='ocrx_word' id='word_1_116' title='bbox 416 1580 464 1619; x_wconf 92' lang='lat' dir='ltr'><strong>D.</strong></span> 
     </span>
    </p>

    <p class='ocr_par' dir='ltr' id='par_1_13' title="bbox 292 1627 974 2754">
     <span class='ocr_line' id='line_1_24' title="bbox 350 1627 958 1686; baseline -0.015 -12"><span class='ocrx_word' id='word_1_117' title='bbox 350 1634 386 1674; x_wconf 90' lang='lat'>0</span> <span class='ocrx_word' id='word_1_118' title='bbox 427 1632 618 1686; x_wconf 84' lang='lat' dir='ltr'><strong>indignum</strong></span> <span class='ocrx_word' id='word_1_119' title='bbox 644 1627 859 1683; x_wconf 74' lang='lat' dir='ltr'><strong>fizcinusl]</strong></span> <span class='ocrx_word' id='word_1_120' title='bbox 896 1629 958 1667; x_wconf 87' lang='lat' dir='ltr'><strong>Ex</strong></span> 
     </span>
     <span class='ocr_line' id='line_1_25' title="bbox 292 1679 962 1742; baseline -0.015 -12"><span class='ocrx_word' id='word_1_121' title='bbox 292 1689 358 1730; x_wconf 84' lang='lat' dir='ltr'><strong>his</strong></span> <span class='ocrx_word' id='word_1_122' title='bbox 377 1703 478 1742; x_wconf 87' lang='lat' dir='ltr'><strong>quae</strong></span> <span class='ocrx_word' id='word_1_123' title='bbox 495 1688 618 1728; x_wconf 78' lang='lat' dir='ltr'><strong>amori</strong></span> <span class='ocrx_word' id='word_1_124' title='bbox 638 1684 836 1731; x_wconf 85' lang='lat' dir='ltr'><strong>accidunt,</strong></span> <span class='ocrx_word' id='word_1_125' title='bbox 866 1692 904 1722; x_wconf 86' lang='lat' dir='ltr'><strong>et</strong></span> <span class='ocrx_word' id='word_1_126' title='bbox 921 1679 962 1721; x_wconf 82' lang='lat' dir='ltr'><strong>se</strong></span> 
     </span>
     <span class='ocr_line' id='line_1_26' title="bbox 295 1736 961 1789; baseline -0.015 -3"><span class='ocrx_word' id='word_1_127' title='bbox 295 1758 337 1785; x_wconf 84' lang='lat' dir='ltr'><strong>et</strong></span> <span class='ocrx_word' id='word_1_128' title='bbox 364 1746 468 1785; x_wconf 82' lang='lat' dir='ltr'><strong>illam</strong></span> <span class='ocrx_word' id='word_1_129' title='bbox 499 1742 577 1784; x_wconf 84' lang='lat' dir='ltr'><strong>effe</strong></span> <span class='ocrx_word' id='word_1_130' title='bbox 603 1744 717 1783; x_wconf 84' lang='lat' dir='ltr'><strong>aliter</strong></span> <span class='ocrx_word' id='word_1_131' title='bbox 744 1738 886 1781; x_wconf 82' lang='lat' dir='ltr'><strong>afferit:</strong></span> <span class='ocrx_word' id='word_1_132' title='bbox 917 1736 961 1789; x_wconf 80' lang='lat' dir='ltr'><em>fi</em></span> 
     </span>
     <span class='ocr_line' id='line_1_27' title="bbox 295 1795 962 1853; baseline -0.016 -11"><span class='ocrx_word' id='word_1_133' title='bbox 295 1803 481 1853; x_wconf 72' lang='lat' dir='ltr'><strong>mistmm,</strong></span> <span class='ocrx_word' id='word_1_134' title='bbox 500 1800 598 1839; x_wconf 80' lang='lat' dir='ltr'><em>illam</em></span> <span class='ocrx_word' id='word_1_135' title='bbox 607 1797 795 1849; x_wconf 80' lang='lat' dir='ltr'><strong>fielestam</strong></span> <span class='ocrx_word' id='word_1_136' title='bbox 814 1795 962 1834; x_wconf 89' lang='lat' dir='ltr'><strong>dicens.</strong></span> 
     </span>
     <span class='ocr_line' id='line_1_28' title="bbox 295 1847 961 1908; baseline -0.014 -11"><span class='ocrx_word' id='word_1_137' title='bbox 295 1859 379 1901; x_wconf 86' lang='lat' dir='ltr'><strong>Cui</strong></span> <span class='ocrx_word' id='word_1_138' title='bbox 398 1856 526 1896; x_wconf 82' lang='lat' dir='ltr'><strong>seruus</strong></span> <span class='ocrx_word' id='word_1_139' title='bbox 545 1853 769 1908; x_wconf 83' lang='lat' dir='ltr'><strong>persuadet,</strong></span> <span class='ocrx_word' id='word_1_140' title='bbox 798 1863 837 1891; x_wconf 83' lang='lat' dir='ltr'><strong>vt</strong></span> <span class='ocrx_word' id='word_1_141' title='bbox 848 1850 892 1905; x_wconf 73' lang='lat' dir='ltr'><strong><em>fi</em></strong></span> <span class='ocrx_word' id='word_1_142' title='bbox 914 1847 961 1888; x_wconf 90' lang='lat' dir='ltr'><strong>ab</strong></span> 
     </span>
     <span class='ocr_line' id='line_1_29' title="bbox 299 1911 962 1964; baseline -0.017 -10"><span class='ocrx_word' id='word_1_143' title='bbox 299 1929 344 1954; x_wconf 84' lang='lat' dir='ltr'><strong>ea</strong></span> <span class='ocrx_word' id='word_1_144' title='bbox 364 1914 534 1959; x_wconf 79' lang='lat' dir='ltr'><strong>redimat,</strong></span> <span class='ocrx_word' id='word_1_145' title='bbox 557 1923 663 1964; x_wconf 79' lang='lat' dir='ltr'><em>quam</em></span> <span class='ocrx_word' id='word_1_146' title='bbox 686 1911 834 1949; x_wconf 84' lang='lat' dir='ltr'><strong>minimo</strong></span> <span class='ocrx_word' id='word_1_147' title='bbox 853 1915 962 1959; x_wconf 85' lang='lat' dir='ltr'><em>queat</em></span> 
     </span>
     <span class='ocr_line' id='line_1_30' title="bbox 295 1960 962 2025; baseline -0.018 -15"><span class='ocrx_word' id='word_1_148' title='bbox 295 1973 432 2025; x_wconf 76' lang='lat' dir='ltr'><strong>pretio.</strong></span> <span class='ocrx_word' id='word_1_149' title='bbox 492 1970 626 2019; x_wconf 83' lang='lat' dir='ltr'><strong>Quam</strong></span> <span class='ocrx_word' id='word_1_150' title='bbox 659 1967 775 2005; x_wconf 80' lang='lat' dir='ltr'><strong>etiam</strong></span> <span class='ocrx_word' id='word_1_151' title='bbox 805 1960 962 2003; x_wconf 86' lang='lat' dir='ltr'><strong>Bacchi-</strong></span> 
     </span>
     <span class='ocr_line' id='line_1_31' title="bbox 299 2018 964 2078; baseline -0.017 -12"><span class='ocrx_word' id='word_1_152' title='bbox 299 2027 396 2066; x_wconf 86' lang='lat' dir='ltr'><strong>dem</strong></span> <span class='ocrx_word' id='word_1_153' title='bbox 414 2026 568 2078; x_wconf 82' lang='lat' dir='ltr'><strong>longius</strong></span> <span class='ocrx_word' id='word_1_154' title='bbox 588 2018 696 2075; x_wconf 82' lang='lat' dir='ltr'>supra</span> <span class='ocrx_word' id='word_1_155' title='bbox 714 2018 964 2059; x_wconf 79' lang='lat' dir='ltr'><strong>translatione</strong></span> 
     </span>
     <span class='ocr_line' id='line_1_32' title="bbox 300 2073 963 2132; baseline -0.018 -10"><span class='ocrx_word' id='word_1_156' title='bbox 300 2081 441 2122; x_wconf 79' lang='lat' dir='ltr'><strong>definit</strong></span> <span class='ocrx_word' id='word_1_157' title='bbox 461 2079 554 2132; x_wconf 78' lang='lat' dir='ltr'><strong>quid</strong></span> <span class='ocrx_word' id='word_1_158' title='bbox 570 2078 626 2123; x_wconf 85' lang='lat' dir='ltr'><strong>fit,</strong></span> <span class='ocrx_word' id='word_1_159' title='bbox 655 2075 798 2117; x_wconf 82' lang='lat' dir='ltr'><strong>scilicet</strong></span> <span class='ocrx_word' id='word_1_160' title='bbox 818 2073 963 2113; x_wconf 79' lang='lat' dir='ltr'><strong>calami·</strong></span> 
     </span>
     <span class='ocr_line' id='line_1_33' title="bbox 302 2126 966 2190; baseline -0.023 -9"><span class='ocrx_word' id='word_1_161' title='bbox 302 2152 366 2181; x_wconf 73' lang='lat' dir='ltr'><strong>tas</strong></span> <span class='ocrx_word' id='word_1_162' title='bbox 387 2135 634 2190; x_wconf 77' lang='lat' dir='ltr'><strong>nostrifundi,</strong></span> <span class='ocrx_word' id='word_1_163' title='bbox 658 2133 699 2173; x_wconf 91' lang='lat' dir='ltr'><strong>id</strong></span> <span class='ocrx_word' id='word_1_164' title='bbox 718 2132 783 2178; x_wconf 90' lang='lat' dir='ltr'><strong>est,</strong></span> <span class='ocrx_word' id='word_1_165' title='bbox 803 2126 966 2175; x_wconf 80' lang='lat' dir='ltr'><strong>miseria,</strong></span> 
     </span>
     <span class='ocr_line' id='line_1_34' title="bbox 304 2182 966 2249; baseline -0.018 -15"><span class='ocrx_word' id='word_1_166' title='bbox 304 2207 379 2249; x_wconf 75' lang='lat' dir='ltr'><strong>per</strong></span> <span class='ocrx_word' id='word_1_167' title='bbox 411 2190 632 2239; x_wconf 57' lang='grc' dir='ltr'><strong>ὑπαλλκγῆν,</strong></span> <span class='ocrx_word' id='word_1_168' title='bbox 674 2187 780 2241; x_wconf 86' lang='lat' dir='ltr'>quod</span> <span class='ocrx_word' id='word_1_169' title='bbox 810 2182 966 2225; x_wconf 78' lang='lat' dir='ltr'><strong>miseros</strong></span> 
     </span>
     <span class='ocr_line' id='line_1_35' title="bbox 305 2241 968 2299; baseline -0.021 -6"><span class='ocrx_word' id='word_1_170' title='bbox 305 2252 415 2293; x_wconf 77' lang='lat' dir='ltr'><strong>facit.</strong></span> <span class='ocrx_word' id='word_1_171' title='bbox 472 2252 521 2290; x_wconf 89' lang='lat' dir='ltr'><strong>Et</strong></span> <span class='ocrx_word' id='word_1_172' title='bbox 548 2246 735 2299; x_wconf 87' lang='lat' dir='ltr'><strong>quoniam</strong></span> <span class='ocrx_word' id='word_1_173' title='bbox 763 2241 861 2282; x_wconf 79' lang='lat' dir='ltr'><strong>serui</strong></span> <span class='ocrx_word' id='word_1_174' title='bbox 885 2252 968 2291; x_wconf 85' lang='lat' dir='ltr'><strong>per-</strong></span> 
     </span>
     <span class='ocr_line' id='line_1_36' title="bbox 305 2298 970 2358; baseline -0.021 -11"><span class='ocrx_word' id='word_1_175' title='bbox 305 2305 427 2348; x_wconf 82' lang='lat' dir='ltr'>suafio</span> <span class='ocrx_word' id='word_1_176' title='bbox 454 2317 591 2358; x_wconf 82' lang='lat' dir='ltr'>parum</span> <span class='ocrx_word' id='word_1_177' title='bbox 626 2300 845 2354; x_wconf 84' lang='lat' dir='ltr'>profecerat</span> <span class='ocrx_word' id='word_1_178' title='bbox 871 2298 970 2335; x_wconf 82' lang='lat' dir='ltr'><strong>circa</strong></span> 
     </span>
     <span class='ocr_line' id='line_1_37' title="bbox 307 2355 969 2404; baseline -0.02 -1"><span class='ocrx_word' id='word_1_179' title='bbox 307 2360 563 2404; x_wconf 77' lang='lat' dir='ltr'><strong>adolescentis</strong></span> <span class='ocrx_word' id='word_1_180' title='bbox 580 2358 756 2398; x_wconf 53' lang='lat' dir='ltr'><strong>‘dolentis</strong></span> <span class='ocrx_word' id='word_1_181' title='bbox 783 2355 969 2401; x_wconf 83' lang='lat' dir='ltr'><strong>animum,</strong></span> 
     </span>
     <span class='ocr_line' id='line_1_38' title="bbox 309 2411 973 2472; baseline -0.017 -14"><span class='ocrx_word' id='word_1_182' title='bbox 309 2418 418 2472; x_wconf 87' lang='lat' dir='ltr'>quod</span> <span class='ocrx_word' id='word_1_183' title='bbox 438 2426 517 2457; x_wconf 81' lang='lat' dir='ltr'><strong>erat</strong></span> <span class='ocrx_word' id='word_1_184' title='bbox 536 2411 706 2457; x_wconf 79' lang='lat' dir='ltr'><strong>exclusus</strong></span> <span class='ocrx_word' id='word_1_185' title='bbox 718 2428 730 2461; x_wconf 79' lang='lat'>3</span> <span class='ocrx_word' id='word_1_186' title='bbox 759 2412 973 2462; x_wconf 85' lang='lat' dir='ltr'><strong>optimara-</strong></span> 
     </span>
     <span class='ocr_line' id='line_1_39' title="bbox 312 2467 974 2525; baseline -0.021 -8"><span class='ocrx_word' id='word_1_187' title='bbox 312 2477 423 2517; x_wconf 78' lang='lat' dir='ltr'><strong>tione</strong></span> <span class='ocrx_word' id='word_1_188' title='bbox 444 2471 684 2525; x_wconf 79' lang='lat' dir='ltr'><strong>subiungitur</strong></span> <span class='ocrx_word' id='word_1_189' title='bbox 702 2467 888 2515; x_wconf 76' lang='lat' dir='ltr'><strong>Scena‚in</strong></span> <span class='ocrx_word' id='word_1_190' title='bbox 899 2477 974 2517; x_wconf 84' lang='lat' dir='ltr'><strong>qua</strong></span> 
     </span>
     <span class='ocr_line' id='line_1_40' title="bbox 311 2525 972 2582; baseline -0.02 -10"><span class='ocrx_word' id='word_1_191' title='bbox 311 2531 501 2572; x_wconf 83' lang='lat' dir='ltr'>meretrix</span> <span class='ocrx_word' id='word_1_192' title='bbox 527 2526 606 2582; x_wconf 88' lang='lat' dir='ltr'><strong>ipsa</strong></span> <span class='ocrx_word' id='word_1_193' title='bbox 632 2526 705 2574; x_wconf 87' lang='lat' dir='ltr'><strong>est,</strong></span> <span class='ocrx_word' id='word_1_194' title='bbox 732 2525 839 2563; x_wconf 84' lang='lat' dir='ltr'><strong>cuius</strong></span> <span class='ocrx_word' id='word_1_195' title='bbox 866 2533 972 2574; x_wconf 86' lang='lat' dir='ltr'><strong>prae-</strong></span> 
     </span>
     <span class='ocr_line' id='line_1_41' title="bbox 312 2580 974 2634; baseline -0.017 -8"><span class='ocrx_word' id='word_1_196' title='bbox 312 2585 448 2634; x_wconf 82' lang='lat' dir='ltr'><strong>sentia,</strong></span> <span class='ocrx_word' id='word_1_197' title='bbox 473 2596 511 2624; x_wconf 90' lang='lat' dir='ltr'><strong>et</strong></span> <span class='ocrx_word' id='word_1_198' title='bbox 531 2584 665 2633; x_wconf 88' lang='lat' dir='ltr'><strong>oratio,</strong></span> <span class='ocrx_word' id='word_1_199' title='bbox 685 2592 723 2622; x_wconf 90' lang='lat' dir='ltr'><strong>et</strong></span> <span class='ocrx_word' id='word_1_200' title='bbox 744 2580 869 2619; x_wconf 84' lang='lat' dir='ltr'>vultus</span> <span class='ocrx_word' id='word_1_201' title='bbox 889 2589 974 2630; x_wconf 82' lang='lat' dir='ltr'><strong>per-</strong></span> 
     </span>
     <span class='ocr_line' id='line_1_42' title="bbox 311 2634 974 2694; baseline -0.011 -11"><span class='ocrx_word' id='word_1_202' title='bbox 311 2641 475 2691; x_wconf 73' lang='lat' dir='ltr'><strong>suadere</strong></span> <span class='ocrx_word' id='word_1_203' title='bbox 493 2640 656 2694; x_wconf 82' lang='lat' dir='ltr'>poffint,</span> <span class='ocrx_word' id='word_1_204' title='bbox 687 2649 725 2678; x_wconf 81' lang='lat' dir='ltr'><strong>vt</strong></span> <span class='ocrx_word' id='word_1_205' title='bbox 745 2646 895 2678; x_wconf 84' lang='lat' dir='ltr'>amator</span> <span class='ocrx_word' id='word_1_206' title='bbox 915 2634 974 2677; x_wconf 81' lang='lat' dir='ltr'><strong>in-</strong></span> 
     </span>
     <span class='ocr_line' id='line_1_43' title="bbox 314 2693 753 2754; baseline -0.009 -13"><span class='ocrx_word' id='word_1_207' title='bbox 314 2699 453 2742; x_wconf 82' lang='lat' dir='ltr'><strong>iuriam</strong></span> <span class='ocrx_word' id='word_1_208' title='bbox 466 2693 653 2754; x_wconf 82' lang='lat' dir='ltr'>ignoscat.</span> <span class='ocrx_word' id='word_1_209' title='bbox 706 2696 753 2742; x_wconf 86' lang='lat' dir='ltr'><strong>E.</strong></span> 
     </span>
    </p>
   </div>
   <div class='ocr_carea' id='block_1_10' title="bbox 1589 817 1656 865">
    <p class='ocr_par' dir='ltr' id='par_1_14' title="bbox 1589 817 1656 865">
     <span class='ocr_line' id='line_1_44' title="bbox 1589 817 1656 865; baseline -0.015 -13"><span class='ocrx_word' id='word_1_210' title='bbox 1589 817 1656 865; x_wconf 76' lang='lat'><strong>30</strong></span> 
     </span>
    </p>
   </div>
   <div class='ocr_carea' id='block_1_11' title="bbox 996 946 1660 1286">
    <p class='ocr_par' dir='ltr' id='par_1_15' title="bbox 996 946 1660 1286">
     <span class='ocr_line' id='line_1_45' title="bbox 1048 946 1654 1007; baseline -0.017 -13"><span class='ocrx_word' id='word_1_211' title='bbox 1048 961 1104 1007; x_wconf 80' lang='lat'><strong>27</strong></span> <span class='ocrx_word' id='word_1_212' title='bbox 1132 951 1183 992; x_wconf 81' lang='lat' dir='ltr'><strong>Et</strong></span> <span class='ocrx_word' id='word_1_213' title='bbox 1197 951 1371 1005; x_wconf 79' lang='lat' dir='ltr'><em>prudens,</em></span> <span class='ocrx_word' id='word_1_214' title='bbox 1379 947 1520 1002; x_wconf 77' lang='lat' dir='ltr'><strong>stiens]</strong></span> <span class='ocrx_word' id='word_1_215' title='bbox 1553 946 1654 986; x_wconf 77' lang='lat' dir='ltr'><em>Pra-</em></span> 
     </span>
     <span class='ocr_line' id='line_1_46' title="bbox 996 999 1658 1060; baseline -0.017 -9"><span class='ocrx_word' id='word_1_216' title='bbox 996 1011 1084 1051; x_wconf 84' lang='lat' dir='ltr'><em>dens</em></span> <span class='ocrx_word' id='word_1_217' title='bbox 1104 1008 1178 1058; x_wconf 86' lang='lat' dir='ltr'><strong>est,</strong></span> <span class='ocrx_word' id='word_1_218' title='bbox 1208 1009 1275 1060; x_wconf 89' lang='lat' dir='ltr'><strong>qui</strong></span> <span class='ocrx_word' id='word_1_219' title='bbox 1305 1003 1570 1057; x_wconf 84' lang='lat' dir='ltr'><strong>intelligentia</strong></span> <span class='ocrx_word' id='word_1_220' title='bbox 1591 999 1658 1041; x_wconf 87' lang='lat' dir='ltr'><strong>sua</strong></span> 
     </span>
     <span class='ocr_line' id='line_1_47' title="bbox 997 1059 1658 1116; baseline -0.015 -11"><span class='ocrx_word' id='word_1_221' title='bbox 997 1064 1144 1116; x_wconf 84' lang='lat' dir='ltr'><strong>aliquid</strong></span> <span class='ocrx_word' id='word_1_222' title='bbox 1163 1062 1288 1104; x_wconf 86' lang='lat' dir='ltr'><strong>sentit.</strong></span> <span class='ocrx_word' id='word_1_223' title='bbox 1345 1063 1477 1108; x_wconf 83' lang='lat' dir='ltr'><strong>Sciens,</strong></span> <span class='ocrx_word' id='word_1_224' title='bbox 1502 1059 1569 1110; x_wconf 88' lang='lat' dir='ltr'><strong>qui</strong></span> <span class='ocrx_word' id='word_1_225' title='bbox 1590 1059 1658 1097; x_wconf 80' lang='lat' dir='ltr'><strong>ali-</strong></span> 
     </span>
     <span class='ocr_line' id='line_1_48' title="bbox 999 1111 1657 1168; baseline -0.011 -7"><span class='ocrx_word' id='word_1_226' title='bbox 999 1123 1107 1161; x_wconf 84' lang='lat' dir='ltr'><strong>cuius</strong></span> <span class='ocrx_word' id='word_1_227' title='bbox 1149 1119 1297 1157; x_wconf 86' lang='lat' dir='ltr'><strong>indicio</strong></span> <span class='ocrx_word' id='word_1_228' title='bbox 1335 1130 1416 1157; x_wconf 87' lang='lat' dir='ltr'><strong>rem</strong></span> <span class='ocrx_word' id='word_1_229' title='bbox 1445 1111 1657 1168; x_wconf 81' lang='lat' dir='ltr'><strong>cognoscit.</strong></span> 
     </span>
     <span class='ocr_line' id='line_1_49' title="bbox 997 1168 1660 1230; baseline -0.006 -16"><span class='ocrx_word' id='word_1_230' title='bbox 997 1179 1104 1230; x_wconf 83' lang='lat' dir='ltr'>Ergo</span> <span class='ocrx_word' id='word_1_231' title='bbox 1120 1174 1296 1226; x_wconf 81' lang='lat' dir='ltr'><strong>prudens,</strong></span> <span class='ocrx_word' id='word_1_232' title='bbox 1315 1185 1386 1225; x_wconf 84' lang='lat' dir='ltr'><strong>per</strong></span> <span class='ocrx_word' id='word_1_233' title='bbox 1403 1169 1501 1211; x_wconf 79' lang='lat' dir='ltr'><strong>sese;</strong></span> <span class='ocrx_word' id='word_1_234' title='bbox 1525 1168 1660 1225; x_wconf 78' lang='lat' dir='ltr'><strong>sciens,</strong></span> 
     </span>
     <span class='ocr_line' id='line_1_50' title="bbox 999 1230 1304 1286; baseline -0.02 -13"><span class='ocrx_word' id='word_1_235' title='bbox 999 1245 1071 1286; x_wconf 80' lang='lat' dir='ltr'><strong>per</strong></span> <span class='ocrx_word' id='word_1_236' title='bbox 1087 1230 1197 1271; x_wconf 85' lang='lat' dir='ltr'><strong>alios.</strong></span> <span class='ocrx_word' id='word_1_237' title='bbox 1252 1231 1304 1268; x_wconf 92' lang='lat' dir='ltr'><strong>D.</strong></span> 
     </span>
    </p>
   </div>
   <div class='ocr_carea' id='block_1_12' title="bbox 1007 1338 1668 1567">
    <p class='ocr_par' dir='ltr' id='par_1_16' title="bbox 1007 1338 1668 1567">
     <span class='ocr_line' id='line_1_51' title="bbox 1059 1338 1667 1394; baseline -0.016 -8"><span class='ocrx_word' id='word_1_238' title='bbox 1059 1350 1111 1394; x_wconf 81' lang='lat'><strong>28</strong></span> <span class='ocrx_word' id='word_1_239' title='bbox 1145 1343 1262 1382; x_wconf 81' lang='lat' dir='ltr'><strong>Viuus</strong></span> <span class='ocrx_word' id='word_1_240' title='bbox 1276 1370 1286 1389; x_wconf 87' lang='lat'>,</span> <span class='ocrx_word' id='word_1_241' title='bbox 1316 1339 1515 1393; x_wconf 76' lang='lat' dir='ltr'><strong>vidensque</strong></span> <span class='ocrx_word' id='word_1_242' title='bbox 1528 1338 1667 1392; x_wconf 85' lang='lat' dir='ltr'><strong>pereo]-</strong></span> 
     </span>
     <span class='ocr_line' id='line_1_52' title="bbox 1007 1397 1666 1452; baseline -0.014 -10"><span class='ocrx_word' id='word_1_243' title='bbox 1007 1401 1113 1442; x_wconf 87' lang='lat' dir='ltr'><strong>Mire</strong></span> <span class='ocrx_word' id='word_1_244' title='bbox 1131 1408 1309 1452; x_wconf 54' lang='lat' dir='ltr'><strong>eqnoue,</strong></span> <span class='ocrx_word' id='word_1_245' title='bbox 1341 1397 1448 1434; x_wconf 83' lang='lat' dir='ltr'><strong>viuus</strong></span> <span class='ocrx_word' id='word_1_246' title='bbox 1466 1406 1596 1447; x_wconf 88' lang='lat' dir='ltr'><strong>pereo:</strong></span> <span class='ocrx_word' id='word_1_247' title='bbox 1625 1405 1666 1433; x_wconf 84' lang='lat' dir='ltr'><strong>et</strong></span> 
     </span>
     <span class='ocr_line' id='line_1_53' title="bbox 1007 1450 1666 1511; baseline -0.015 -14"><span class='ocrx_word' id='word_1_248' title='bbox 1007 1467 1215 1511; x_wconf 84' lang='lat' dir='ltr'><strong>propterea</strong></span> <span class='ocrx_word' id='word_1_249' title='bbox 1238 1450 1286 1492; x_wconf 81' lang='lat' dir='ltr'><strong>{ic</strong></span> <span class='ocrx_word' id='word_1_250' title='bbox 1313 1451 1430 1500; x_wconf 79' lang='lat' dir='ltr'><strong>dixit,</strong></span> <span class='ocrx_word' id='word_1_251' title='bbox 1459 1461 1497 1490; x_wconf 93' lang='lat' dir='ltr'><strong>vt</strong></span> <span class='ocrx_word' id='word_1_252' title='bbox 1518 1450 1666 1490; x_wconf 82' lang='lat' dir='ltr'><strong>intelli-</strong></span> 
     </span>
     <span class='ocr_line' id='line_1_54' title="bbox 1011 1504 1668 1567; baseline -0.015 -14"><span class='ocrx_word' id='word_1_253' title='bbox 1011 1525 1145 1567; x_wconf 86' lang='lat' dir='ltr'>gamus</span> <span class='ocrx_word' id='word_1_254' title='bbox 1165 1509 1336 1549; x_wconf 77' lang='lat' dir='ltr'><strong>occidor:</strong></span> <span class='ocrx_word' id='word_1_255' title='bbox 1365 1518 1407 1548; x_wconf 86' lang='lat' dir='ltr'><strong>et</strong></span> <span class='ocrx_word' id='word_1_256' title='bbox 1422 1508 1541 1555; x_wconf 74' lang='lat' dir='ltr'><strong>viuus,</strong></span> <span class='ocrx_word' id='word_1_257' title='bbox 1563 1504 1668 1558; x_wconf 80' lang='lat' dir='ltr'><strong>quasi</strong></span> 
     </span>
    </p>
   </div>
   <div class='ocr_carea' id='block_1_13' title="bbox 1006 1561 1674 1621">
    <p class='ocr_par' dir='ltr' id='par_1_17' title="bbox 1006 1561 1674 1621">
     <span class='ocr_line' id='line_1_55' title="bbox 1006 1561 1674 1621; baseline -0.016 -10"><span class='ocrx_word' id='word_1_258' title='bbox 1006 1569 1159 1621; x_wconf 85' lang='lat' dir='ltr'><strong>sapiens</strong></span> <span class='ocrx_word' id='word_1_259' title='bbox 1184 1576 1224 1606; x_wconf 89' lang='lat' dir='ltr'><strong>et</strong></span> <span class='ocrx_word' id='word_1_260' title='bbox 1241 1561 1424 1605; x_wconf 83' lang='lat' dir='ltr'><strong>sentiens.</strong></span> <span class='ocrx_word' id='word_1_261' title='bbox 1467 1563 1593 1610; x_wconf 73' lang='lat' dir='ltr'><em>Wuus,</em></span> <span class='ocrx_word' id='word_1_262' title='bbox 1612 1564 1674 1611; x_wconf 67' lang='lat' dir='ltr'><strong>vi-=</strong></span> 
     </span>
    </p>
   </div>
   <div class='ocr_carea' id='block_1_14' title="bbox 1007 1617 1677 2281">
    <p class='ocr_par' dir='ltr' id='par_1_18' title="bbox 1007 1617 1677 2281">
     <span class='ocr_line' id='line_1_56' title="bbox 1007 1617 1670 1680; baseline -0.015 -13"><span class='ocrx_word' id='word_1_263' title='bbox 1007 1628 1164 1680; x_wconf 79' lang='lat' dir='ltr'><strong>densque</strong></span> <span class='ocrx_word' id='word_1_264' title='bbox 1196 1621 1329 1675; x_wconf 86' lang='lat' dir='ltr'><strong>pereo]</strong></span> <span class='ocrx_word' id='word_1_265' title='bbox 1377 1624 1487 1660; x_wconf 87' lang='lat' dir='ltr'><strong>Bene</strong></span> <span class='ocrx_word' id='word_1_266' title='bbox 1518 1617 1670 1658; x_wconf 88' lang='lat' dir='ltr'>addidit</span> 
     </span>
     <span class='ocr_line' id='line_1_57' title="bbox 1007 1674 1670 1729; baseline -0.015 -7"><span class='ocrx_word' id='word_1_267' title='bbox 1007 1681 1161 1729; x_wconf 49' lang='lat' dir='ltr'><strong>videam</strong></span> <span class='ocrx_word' id='word_1_268' title='bbox 1189 1690 1282 1717; x_wconf 85' lang='lat' dir='ltr'><strong>nam</strong></span> <span class='ocrx_word' id='word_1_269' title='bbox 1301 1678 1420 1715; x_wconf 56' lang='lat' dir='ltr'><strong>*viuus</strong></span> <span class='ocrx_word' id='word_1_270' title='bbox 1442 1676 1566 1728; x_wconf 85' lang='lat' dir='ltr'><strong>perit,</strong></span> <span class='ocrx_word' id='word_1_271' title='bbox 1601 1674 1670 1726; x_wconf 88' lang='lat' dir='ltr'><strong>qui</strong></span> 
     </span>
     <span class='ocr_line' id='line_1_58' title="bbox 1011 1732 1669 1783; baseline -0.014 -5"><span class='ocrx_word' id='word_1_272' title='bbox 1011 1739 1129 1779; x_wconf 87' lang='lat' dir='ltr'><strong>etiam</strong></span> <span class='ocrx_word' id='word_1_273' title='bbox 1173 1733 1374 1774; x_wconf 86' lang='lat' dir='ltr'><strong>dormiens</strong></span> <span class='ocrx_word' id='word_1_274' title='bbox 1415 1732 1669 1783; x_wconf 80' lang='lat' dir='ltr'>opprimitur:</span> 
     </span>
     <span class='ocr_line' id='line_1_59' title="bbox 1010 1788 1670 1841; baseline -0.014 -7"><span class='ocrx_word' id='word_1_275' title='bbox 1010 1795 1139 1834; x_wconf 82' lang='lat' dir='ltr'><strong>videns</strong></span> <span class='ocrx_word' id='word_1_276' title='bbox 1158 1801 1300 1837; x_wconf 82' lang='lat' dir='ltr'><strong>autem,</strong></span> <span class='ocrx_word' id='word_1_277' title='bbox 1321 1789 1389 1841; x_wconf 90' lang='lat' dir='ltr'><strong>qui</strong></span> <span class='ocrx_word' id='word_1_278' title='bbox 1407 1788 1572 1840; x_wconf 84' lang='lat' dir='ltr'><strong>vigilans</strong></span> <span class='ocrx_word' id='word_1_279' title='bbox 1591 1788 1670 1825; x_wconf 86' lang='lat' dir='ltr'><strong>vim</strong></span> 
     </span>
     <span class='ocr_line' id='line_1_60' title="bbox 1011 1843 1663 1904; baseline -0.015 -14"><span class='ocrx_word' id='word_1_280' title='bbox 1011 1850 1155 1904; x_wconf 84' lang='lat' dir='ltr'><strong>patitur</strong></span> <span class='ocrx_word' id='word_1_281' title='bbox 1174 1858 1215 1886; x_wconf 88' lang='lat' dir='ltr'><strong>et</strong></span> <span class='ocrx_word' id='word_1_282' title='bbox 1236 1846 1351 1898; x_wconf 80' lang='lat' dir='ltr'><strong>perit.</strong></span> <span class='ocrx_word' id='word_1_283' title='bbox 1407 1847 1507 1885; x_wconf 89' lang='lat' dir='ltr'><strong>Nam</strong></span> <span class='ocrx_word' id='word_1_284' title='bbox 1525 1843 1663 1888; x_wconf 81' lang='lat' dir='ltr'><strong>videre,</strong></span> 
     </span>
     <span class='ocr_line' id='line_1_61' title="bbox 1011 1897 1672 1960; baseline -0.012 -15"><span class='ocrx_word' id='word_1_285' title='bbox 1011 1919 1083 1960; x_wconf 84' lang='lat' dir='ltr'><strong>pro</strong></span> <span class='ocrx_word' id='word_1_286' title='bbox 1113 1897 1440 1956; x_wconf 27' lang='lat' dir='ltr'><strong>vigilaressposuit.</strong></span> <span class='ocrx_word' id='word_1_287' title='bbox 1477 1909 1516 1938; x_wconf 84' lang='lat' dir='ltr'><strong>vt</strong></span> <span class='ocrx_word' id='word_1_288' title='bbox 1553 1899 1672 1938; x_wconf 87' lang='lat' dir='ltr'><strong>etiam</strong></span> 
     </span>
     <span class='ocr_line' id='line_1_62' title="bbox 1009 1955 1672 2013; baseline -0.012 -13"><span class='ocrx_word' id='word_1_289' title='bbox 1009 1960 1198 2013; x_wconf 85' lang='lat' dir='ltr'><strong>Virgilius</strong></span> <span class='ocrx_word' id='word_1_290' title='bbox 1216 1957 1310 2010; x_wconf 86' lang='lat' dir='ltr'><strong>(Ecl.</strong></span> <span class='ocrx_word' id='word_1_291' title='bbox 1334 1967 1389 2004; x_wconf 75' lang='lat' dir='ltr'><strong>vx,</strong></span> <span class='ocrx_word' id='word_1_292' title='bbox 1409 1955 1495 2007; x_wconf 78' lang='lat'><strong>21.)</strong></span> <span class='ocrx_word' id='word_1_293' title='bbox 1507 1985 1517 2004; x_wconf 86' lang='lat'>‚</span> <span class='ocrx_word' id='word_1_294' title='bbox 1549 1967 1672 2006; x_wconf 86' lang='lat' dir='ltr'>quum</span> 
     </span>
     <span class='ocr_line' id='line_1_63' title="bbox 1012 2012 1674 2063; baseline -0.014 -6"><span class='ocrx_word' id='word_1_295' title='bbox 1012 2017 1064 2057; x_wconf 88' lang='lat' dir='ltr'><strong>de</strong></span> <span class='ocrx_word' id='word_1_296' title='bbox 1091 2014 1245 2055; x_wconf 81' lang='lat' dir='ltr'><strong>{ilentio</strong></span> <span class='ocrx_word' id='word_1_297' title='bbox 1286 2012 1398 2060; x_wconf 80' lang='lat' dir='ltr'><strong>dicit,</strong></span> <span class='ocrx_word' id='word_1_298' title='bbox 1437 2031 1492 2041; x_wconf 89' lang='lat'><strong>·-</strong></span> <span class='ocrx_word' id='word_1_299' title='bbox 1530 2013 1674 2063; x_wconf 80' lang='lat' dir='ltr'><strong>iamque</strong></span> 
     </span>
     <span class='ocr_line' id='line_1_64' title="bbox 1013 2065 1675 2123; baseline -0.015 -11"><span class='ocrx_word' id='word_1_300' title='bbox 1013 2072 1155 2112; x_wconf 84' lang='lat' dir='ltr'><strong>videnti</strong></span> <span class='ocrx_word' id='word_1_301' title='bbox 1173 2069 1393 2123; x_wconf 77' lang='lat' dir='ltr'><strong>Sanguineis</strong></span> <span class='ocrx_word' id='word_1_302' title='bbox 1401 2065 1576 2117; x_wconf 80' lang='lat' dir='ltr'><em>frontem</em></span> <span class='ocrx_word' id='word_1_303' title='bbox 1595 2080 1675 2104; x_wconf 79' lang='lat' dir='ltr'><strong>mo-</strong></span> 
     </span>
     <span class='ocr_line' id='line_1_65' title="bbox 1016 2125 1674 2177; baseline -0.011 -9"><span class='ocrx_word' id='word_1_304' title='bbox 1016 2132 1068 2168; x_wconf 83' lang='lat' dir='ltr'><strong>ris</strong></span> <span class='ocrx_word' id='word_1_305' title='bbox 1105 2139 1140 2166; x_wconf 82' lang='lat' dir='ltr'><strong>et</strong></span> <span class='ocrx_word' id='word_1_306' title='bbox 1176 2135 1341 2177; x_wconf 76' lang='lat' dir='ltr'><em>tempora</em></span> <span class='ocrx_word' id='word_1_307' title='bbox 1370 2125 1512 2177; x_wconf 83' lang='lat' dir='ltr'><strong>pingit.</strong></span> <span class='ocrx_word' id='word_1_308' title='bbox 1568 2126 1674 2175; x_wconf 82' lang='lat' dir='ltr'><strong>Ergo</strong></span> 
     </span>
     <span class='ocr_line' id='line_1_66' title="bbox 1015 2178 1677 2231; baseline -0.009 -7"><span class='ocrx_word' id='word_1_309' title='bbox 1015 2187 1139 2231; x_wconf 77' lang='lat' dir='ltr'><strong>vinus,</strong></span> <span class='ocrx_word' id='word_1_310' title='bbox 1183 2193 1266 2220; x_wconf 83' lang='lat' dir='ltr'><strong>non</strong></span> <span class='ocrx_word' id='word_1_311' title='bbox 1301 2189 1495 2219; x_wconf 85' lang='lat' dir='ltr'>mortuus:</span> <span class='ocrx_word' id='word_1_312' title='bbox 1534 2178 1677 2228; x_wconf 80' lang='lat' dir='ltr'><strong>videns,</strong></span> 
     </span>
     <span class='ocr_line' id='line_1_67' title="bbox 1018 2235 1438 2281; baseline -0.019 1"><span class='ocrx_word' id='word_1_313' title='bbox 1018 2253 1102 2281; x_wconf 88' lang='lat' dir='ltr'><strong>non</strong></span> <span class='ocrx_word' id='word_1_314' title='bbox 1121 2237 1330 2280; x_wconf 84' lang='lat' dir='ltr'><strong>dormiens.</strong></span> <span class='ocrx_word' id='word_1_315' title='bbox 1386 2235 1438 2275; x_wconf 93' lang='lat' dir='ltr'><strong>D.</strong></span> 
     </span>
    </p>
   </div>
   <div class='ocr_carea' id='block_1_15' title="bbox 1018 2347 1682 2685">
    <p class='ocr_par' dir='ltr' id='par_1_19' title="bbox 1018 2347 1682 2685">
     <span class='ocr_line' id='line_1_68' title="bbox 1075 2347 1676 2405; baseline -0.002 -15"><span class='ocrx_word' id='word_1_316' title='bbox 1075 2362 1130 2405; x_wconf 84' lang='lat'><strong>29</strong></span> <span class='ocrx_word' id='word_1_317' title='bbox 1163 2347 1337 2403; x_wconf 81' lang='lat' dir='ltr'><em>Captum]</em></span> <span class='ocrx_word' id='word_1_318' title='bbox 1378 2347 1575 2387; x_wconf 80' lang='lat' dir='ltr'><strong>Sallustius</strong></span> <span class='ocrx_word' id='word_1_319' title='bbox 1606 2347 1676 2399; x_wconf 87' lang='lat' dir='ltr'><strong>(B.</strong></span> 
     </span>
     <span class='ocr_line' id='line_1_69' title="bbox 1018 2406 1679 2459; baseline -0.011 -10"><span class='ocrx_word' id='word_1_320' title='bbox 1018 2411 1056 2456; x_wconf 89' lang='lat'><strong>1,</strong></span> <span class='ocrx_word' id='word_1_321' title='bbox 1086 2408 1162 2459; x_wconf 89' lang='lat'><strong>1.)‚</strong></span> <span class='ocrx_word' id='word_1_322' title='bbox 1193 2407 1260 2447; x_wconf 88' lang='lat' dir='ltr'><strong>Sin</strong></span> <span class='ocrx_word' id='word_1_323' title='bbox 1288 2414 1413 2455; x_wconf 84' lang='lat' dir='ltr'><em>captus</em></span> <span class='ocrx_word' id='word_1_324' title='bbox 1429 2406 1560 2457; x_wconf 81' lang='lat' dir='ltr'><em>prauis</em></span> <span class='ocrx_word' id='word_1_325' title='bbox 1581 2407 1679 2457; x_wconf 84' lang='lat' dir='ltr'><strong>cupi-</strong></span> 
     </span>
     <span class='ocr_line' id='line_1_70' title="bbox 1020 2459 1679 2515; baseline -0.011 -11"><span class='ocrx_word' id='word_1_326' title='bbox 1020 2462 1180 2505; x_wconf 82' lang='lat' dir='ltr'><strong>dinibus.</strong></span> <span class='ocrx_word' id='word_1_327' title='bbox 1254 2459 1378 2515; x_wconf 74' lang='lat' dir='ltr'><strong>Qam</strong></span> <span class='ocrx_word' id='word_1_328' title='bbox 1411 2472 1524 2513; x_wconf 83' lang='lat' dir='ltr'><em>queas</em></span> <span class='ocrx_word' id='word_1_329' title='bbox 1564 2462 1679 2499; x_wconf 87' lang='lat' dir='ltr'><strong>mini-</strong></span> 
     </span>
     <span class='ocr_line' id='line_1_71' title="bbox 1021 2513 1678 2573; baseline -0.011 -12"><span class='ocrx_word' id='word_1_330' title='bbox 1021 2519 1130 2573; x_wconf 78' lang='lat' dir='ltr'><em>mo?]</em></span> <span class='ocrx_word' id='word_1_331' title='bbox 1159 2513 1425 2558; x_wconf 71' lang='lat' dir='ltr'><strong>Perseum-anit</strong></span> <span class='ocrx_word' id='word_1_332' title='bbox 1449 2516 1491 2554; x_wconf 87' lang='lat' dir='ltr'><strong>in</strong></span> <span class='ocrx_word' id='word_1_333' title='bbox 1520 2516 1678 2555; x_wconf 77' lang='lat' dir='ltr'>transla-</span> 
     </span>
     <span class='ocr_line' id='line_1_72' title="bbox 1024 2570 1682 2624; baseline -0.009 -8"><span class='ocrx_word' id='word_1_334' title='bbox 1024 2577 1146 2620; x_wconf 86' lang='lat' dir='ltr'><strong>tione,</strong></span> <span class='ocrx_word' id='word_1_335' title='bbox 1172 2586 1287 2624; x_wconf 85' lang='lat' dir='ltr'>quam</span> <span class='ocrx_word' id='word_1_336' title='bbox 1306 2571 1528 2612; x_wconf 79' lang='lat' dir='ltr'><strong>iamdudum</strong></span> <span class='ocrx_word' id='word_1_337' title='bbox 1554 2570 1682 2611; x_wconf 76' lang='lat' dir='ltr'><strong>sumsit</strong></span> 
     </span>
     <span class='ocr_line' id='line_1_73' title="bbox 1023 2625 1678 2685; baseline -0.009 -11"><span class='ocrx_word' id='word_1_338' title='bbox 1023 2648 1046 2674; x_wconf 80' lang='lat' dir='ltr'><strong>a</strong></span> <span class='ocrx_word' id='word_1_339' title='bbox 1062 2631 1168 2671; x_wconf 85' lang='lat' dir='ltr'><strong>bello</strong></span> <span class='ocrx_word' id='word_1_340' title='bbox 1187 2625 1373 2685; x_wconf 80' lang='lat' dir='ltr'><strong>(Respicit</strong></span> <span class='ocrx_word' id='word_1_341' title='bbox 1397 2626 1522 2670; x_wconf 83' lang='lat' dir='ltr'><strong>versus</strong></span> <span class='ocrx_word' id='word_1_342' title='bbox 1554 2634 1591 2680; x_wconf 79' lang='lat'><strong>8.</strong></span> <span class='ocrx_word' id='word_1_343' title='bbox 1612 2640 1678 2673; x_wconf 82' lang='lat'><strong>10.</strong></span> 
     </span>
    </p>
   </div>
   <div class='ocr_carea' id='block_1_16' title="bbox 1027 2685 1402 2743">
    <p class='ocr_par' dir='ltr' id='par_1_20' title="bbox 1027 2685 1402 2743">
     <span class='ocr_line' id='line_1_74' title="bbox 1027 2685 1402 2743; baseline -0.024 -9"><span class='ocrx_word' id='word_1_344' title='bbox 1027 2700 1091 2743; x_wconf 86' lang='lat'><strong>14.</strong></span> <span class='ocrx_word' id='word_1_345' title='bbox 1114 2697 1178 2742; x_wconf 71' lang='grc' dir='ltr'><strong>ις.</strong></span> <span class='ocrx_word' id='word_1_346' title='bbox 1202 2686 1297 2739; x_wconf 66' lang='grc'><strong>16.)</strong></span> <span class='ocrx_word' id='word_1_347' title='bbox 1352 2685 1402 2727; x_wconf 93' lang='lat' dir='ltr'><strong>D.</strong></span> 
     </span>
    </p>
   </div>
   <div class='ocr_carea' id='block_1_17' title="bbox 1802 1279 1815 1380">
    <p class='ocr_par' dir='ltr' id='par_1_21' title="bbox 1802 1279 1815 1380">
     <span class='ocr_line' id='line_1_75' title="bbox 1802 1279 1804 1290; baseline 0 0"><span class='ocrx_word' id='word_1_348' title='bbox 1802 1279 1804 1290; x_wconf 86' lang='grc' dir='ltr'>ι</span> 
     </span>
     <span class='ocr_line' id='line_1_76' title="bbox 1802 1293 1815 1355; baseline 0 -19"><span class='ocrx_word' id='word_1_349' title='bbox 1802 1293 1815 1355; x_wconf 53' lang='lat'><strong>{2</strong></span> 
     </span>
     <span class='ocr_line' id='line_1_77' title="bbox 1812 1350 1815 1380; baseline 0 0"><span class='ocrx_word' id='word_1_350' title='bbox 1812 1350 1815 1380; x_wconf 64' lang='lat'><strong>&#39;1</strong></span> 
     </span>
    </p>
   </div>
   <div class='ocr_carea' id='block_1_18' title="bbox 1800 1114 1810 1673">
    <p class='ocr_par' dir='ltr' id='par_1_22' title="bbox 1800 1114 1810 1673">
     <span class='ocr_line' id='line_1_78' title="bbox 1800 1114 1810 1673; baseline 0 0"><span class='ocrx_word' id='word_1_351' title='bbox 1800 1114 1810 1673; x_wconf 95' lang='lat' dir='ltr'><strong> </strong></span> 
     </span>
    </p>
   </div>
  </div>
 </body>
</html>
