1815 3168
458 156 806 221 PR'AEFAJP.
843 171 1230 219 LINDENBR.
1447 162 1519 236 xi<

143 295 269 340 nescio
295 295 360 345 qui
386 294 507 333 veluti
535 293 585 332 de
611 292 810 343 compasso
840 290 1000 342 saelum,
1034 303 1071 331 vt
1090 293 1235 332 Graeca
1263 291 1350 333 fere
1373 297 1506 336 omnia

139 357 180 396 in
200 351 378 403 omnibmj
405 349 511 390 libris
539 349 637 389 adeo
668 346 799 387 vitiose
829 345 982 400 scripta,
1018 358 1056 386 vt
1076 349 1158 386 r⁸aro
1180 348 1273 399 quid
1295 349 1388 388 inde
1408 351 1505 391 boni

139 409 323 450 extricare
350 407 517 453 licuerit,
557 405 617 443 rel
652 404 858 456 indagare,
902 403 1007 455 quod
1036 402 1162 455 specie
1194 406 1287 442 recii
1320 406 1502 457 placeret.

136 469 266 515 ltaque
294 476 375 502 non
405 461 544 501 nostro
562 459 702 508 saltim,
737 458 802 499 sed
821 460 1162 511 aliorumquoque
1179 459 1341 508 iudicio,
1374 462 1501 502 chara·

136 523 253 561 &eres
282 515 433 557 vitiosos
463 529 684 569 proponere
711 516 920 565 voluimus,
954 526 992 554 vt
1021 516 1181 555 cuilibet
1206 529 1279 568 pro
1312 528 1427 570 captu
1454 532 1499 558 ae

135 574 309 620 lubidine
328 574 565 614 emendandi
583 569 692 612 causa
708 573 996 625 relinqueretur
1014 572 1181 626 integra.

169 716 175 721 .
240 690 309 728 Ev
321 699 348 727 G
361 698 460 726 ΠΛΡ
474 698 500 725 Η
512 697 567 726 1v
581 696 614 724 M
644 696 727 722 non
748 684 814 723 vni
833 680 1034 725 debemus.
1090 686 1375 735 Praeterpauca
1393 684 1502 726 enim

132 744 219 791 illa,
250 756 351 795 quae
371 741 483 781 huius
503 740 733 782 Scholiastae
753 743 922 779 Faernus
940 740 997 778 vir
1017 738 1327 792 diligentissimus
1345 741 1437 780 olim
1453 743 1501 781 -in

131 801 238 841 Italia
263 799 527 851 prouulgauit,
559 797 633 836 alia
659 797 780 849 longe
807 795 917 847 plura
943 807 992 833 ex
1011 795 1269 847 antiquissimo
1287 795 1384 835 libro
1403 802 1496 838 Ant.

132 854 286 897 Loiselli
313 859 340 896 I.
370 855 414 898 C.
444 865 547 893 nunc
572 854 738 905 primum
771 852 897 911 edita?
929 862 966 891 et
984 864 1085 902 quae
1114 851 1204 891 huic
1233 852 1419 902 deerant,
1451 868 1500 894 ex

133 909 296 952 nobiliss.
327 913 458 962 Franci
490 909 653 949 Oliuarii
682 906 817 947 codice
849 904 1024 959 suppleta
1053 905 1149 947 sunt.
1209 909 1374 948 Caetera
1408 923 1499 950 vero

133 981 233 1019 quae
252 966 531 1015 defiderantur,
566 964 592 1004 fi
616 965 713 1003 tanti
737 961 990 1011 videbuntur,
1021 976 1043 1001 a
1069 962 1309 1003 felicioribus
1337 966 1497 1005 meliori

131 1021 258 1064 seculo
278 1022 356 1062 foi-'s
376 1022 456 1063 fuat
475 1036 524 1060 an
541 1022 582 1060 in
602 1022 728 1059 lucem
748 1019 912 1071 proferri
935 1029 1135 1069 poterunt:
1167 1019 1264 1059 nam'
1285 1030 1324 1058 vt
1343 1034 1416 1060 nos
1436 1021 1499 1061 hic

130 1081 232 1122 Italis
257 1081 367 1132 plura
390 1077 664 1131 praestitimus,
693 1075 742 1120 fic
770 1076 837 1115 alii
859 1074 1108 1128 diligentiam
1124 1072 1289 1115 nostram
1306 1076 1331 1115 fi
1350 1075 1500 1129 supple-

129 1136 246 1182 bunt,
274 1149 354 1175 non
375 1129 649 1174 inuidebimu}
680 1133 760 1171 laus
780 1131 834 1171 est
851 1129 1017 1183 publica.
1077 1134 1189 1172 Extat
1216 1131 1375 1185 quidem
1394 1135 1499 1175 Pari-

130 1192 189 1232 fiis
218 1193 259 1230 in
279 1190 520 1232 Bibliotheca
537 1191 657 1242 Regia
686 1198 946 1227 commentum
978 1187 1020 1225 in
1041 1186 1146 1228 hunc
1167 1189 1389 1238 Comicum,
1423 1193 1499 1231 Eu-

131 1248 285 1303 graphii
315 1248 430 1297 titulo}
445 1245 690 1299 insignitum:
720 1243 785 1285 sed
812 1242 910 1283 adeo
937 1244 1137 1294 ineptum,
1168 1243 1348 1296 adeoque
1378 1247 1496 1299 nugis

131 1306 312 1357 plenum,
346 1314 383 1342 vt
400 1312 491 1342 vere
514 1303 596 1353 quis
615 1314 665 1340 ex
681 1302 887 1341 Luciorum
898 1298 1037 1340 Schola
1056 1299 1205 1340 detonsi
1224 1299 1418 1341 cuiusdam
1439 1314 1496 1343 te-

132 1360 328 1400 nebrionis
349 1359 488 1403 dixerit
506 1358 857 1397 blatteramentum.
886 1355 1031 1394 idcirco
1049 1356 1166 1396 etiam
1194 1354 1382 1398 eiusmodi
1402 1356 1498 1399 affa-
1552 1379 1554 1388 v

131 1417 206 1455 niis
224 1416 446 1456 Editionem
463 1414 564 1453 hanc
585 1413 853 1453 contaminare
871 1411 985 1450 nobis
1004 1412 1142 1466 religio
1164 1409 1249 1453 fuit.

241 1525 457 1566 Postremo:
487 1521 790 1568 Obseruationes
816 1519 998 1575 quasdam
1021 1523 1256 1573 adiecimus,
1290 1524 1427 1567 breues
1454 1526 1498 1567 il-

131 1584 208 1633 las,
239 1593 277 1621 et
301 1581 427 1620 nostro
454 1594 563 1620 more
583 1579 780 1631 modoque
806 1578 943 1629 fa5la83
973 1580 1097 1633 magis
1119 1590 1158 1619 vt
1177 1579 1227 1620 de
1245 1583 1426 1622 varietate
1445 1583 1498 1623 le-

132 1639 277 1677 &ionis
300 1648 339 1676 et
365 1636 442 1676 fide
475 1637 556 1675 veri
584 1636 794 1682 constaret,
822 1649 937 1687 quam
965 1646 1003 1675 vt
1026 1635 1179 1685 prolixe
1198 1636 1261 1675 hic
1281 1640 1413 1677 omnia
1431 1652 1497 1679 ex-

129 1696 376 1747 plicarentur.
435 1692 555 1743 Quod
573 1693 710 1731 reffius
731 1690 861 1731 hercle
879 1704 970 1730 vero
1000 1689 1150 1730 facient
1173 1693 1342 1745 magistri
1371 1695 1412 1733 in
1441 1696 1497 1734 lu-

130 1750 181 1789 do
203 1760 242 1788 et
262 1748 411 1797 vmbra‚
442 1760 496 1787 ne
518 1747 673 1799 publice
701 1746 761 1791 τιῖν
785 1752 934 1795 &nemim
965 1750 1185 1795 ἐκθεατρίζειν
1213 1746 1410 1795 neceffum
1432 1750 1496 1790 ha·

127 1806 308 1852 beamus,
344 1815 410 1843 aut
445 1817 531 1842 cum
560 1801 840 1842 insanientibus
865 1803 1018 1848 furere3
1058 1804 1124 1854 qui
1152 1799 1496 1858 nullum'amplius

127 1862 268 1901 librum
289 1859 446 1911 prodire
461 1861 674 1912 patiuntur,
706 1858 1023 1912 nisiingentibus
1043 1862 1332 1900 commentariis
1360 1876 1495 1901 onera-

127 1929 233 1965 tum,
260 1917 301 1962 ὦς
329 1916 366 1955 ἇΙν
385 1915 482 1962 ἔχθος
502 1915 583 1954 εἶναι
609 1914 744 1961 ἡμιᾶνων
769 1918 909 1954 πολλῶν.
966 1915 1149 1964 Proinde,
1174 1919 1332 1969 L830r,
1362 1918 1388 1957 fi
1408 1933 1495 1970 pro-

125 1976 197 2015 bus
221 1986 282 2022 es,
317 1973 398 2013 laus
420 1973 535 2012 nobis
568 1971 775 2013 tribuenda
798 1971 852 2011 est
880 1970 985 2024 quod
1013 1972 1187 2026 egimus,
1225 1973 1494 2015 veniadanda

127 2032 234 2085 quod
258 2030 497 2084 reliquimus.
553 2029 742 2070 Feliciter.
786 2077 787 2082 Ἰ

823 2731 849 2772 b
1354 2728 1496 2779 ELQ-
