1815 3168
345 118 440 193 516

723 126 879 170 ACT.
910 125 963 167 v.
998 121 1187 166 SCEN.
1217 103 1323 166 vm.

482 260 634 304 Nemo
665 251 747 299 est:
787 251 1006 316 principio
1041 260 1085 296 et
1114 246 1246 294 habet
1281 245 1401 311 quod
1425 245 1522 302 det3
1562 254 1606 292 et
1644 245 1716 315 dat

582 346 712 376 nemo
736 328 911 387 largius.

484 410 647 455 Fatuus
668 403 741 458 est,
761 401 953 459 insulsus,
974 398 1134 453 tarduS,
1157 395 1292 445 stertit
1303 394 1537 461 nostesque
1548 407 1590 443 et
1602 395 1691 443 dies
1707 414 1715 441 :

411 607 491 648 Nec
519 607 638 660 magis
666 617 712 641 ex
730 600 795 653 vfic
813 600 893 656 tuo]
925 602 1012 640 Hoc

356 665 432 712 est,
460 677 531 703 nec
559 662 612 701 est
640 660 777 711 aliquis
805 658 870 709 qui
890 657 1012 709 magis

356 722 399 762 sit
425 734 474 759 ex
506 731 568 758 tua
587 717 769 760 vtilitate,
797 715 887 766 quia
907 712 1013 752 habet

355 777 450 831 quod
469 776 549 822 det,
578 787 613 812 ct
643 772 788 826 largius
808 783 911 809 nemo
931 769 1010 807 dat.

353 833 430 874 Sed
444 845 496 871 ne
514 829 660 870 incidat
679 826 868 878 quaestio,
899 825 1016 876 (adde

343 888 393 942 fi,
415 889 490 936 vel,
511 901 558 926 an
578 887 640 936 Z.)
668 882 768 922 sorte
787 882 960 920 datorem
982 895 1014 920 a·

355 958 464 985 mare
491 942 652 993 incipiat
689 939 892 984 meretrix,
934 934 1018 974 sub-

358 1001 506 1041 iunxit:
537 998 675 1036 Fatuus
684 994 741 1044 est,
761 992 926 1043 infhffus,
940 1005 1018 1030 tar-

362 1059 454 1102 dus,
472 1055 599 1105 stertit
627 1051 746 1090 noc‘tes
766 1063 798 1088 et
818 1048 910 1087 dies:
944 1046 1019 1085 Ne-

365 1127 434 1166 que
452 1110 560 1161 zstum
581 1118 739 1152 metuas,
769 1117 811 1144 ne
829 1117 926 1142 amet
944 1114 1021 1140 mu-

359 1170 449 1209 ller:
471 1164 590 1219 filcile
607 1161 729 1216 pellas,
751 1160 816 1200 vbi
833 1159 934 1199 velis.
958 1156 1021 1198 Ad

360 1225 430 1265 ista
455 1222 561 1261 omni
582 1231 733 1273 genere
750 1227 865 1269 aptus
880 1214 935 1254 est
954 1215 1023 1254 mi·

362 1283 442 1326 les3
472 1278 533 1317 vel
551 1287 590 1316 vt
614 1274 718 1313 dona
738 1273 814 1322 det,
837 1273 898 1312 vel
916 1281 954 1310 vt
973 1269 1024 1310 fa-

363 1339 437 1377 cile
456 1332 653 1373 contemni
674 1330 794 1382 possit.
849 1333 894 1369 E.

416 1396 477 1431 Ne
505 1403 554 1428 ex
571 1387 789 1429 Trochaico
809 1383 873 1424 fiat
889 1381 1025 1423 lambi-

367 1461 451 1495 cus,
482 1447 653 1498 priorem
681 1439 830 1481 versum
858 1451 899 1479 et
921 1439 1024 1479 hunc

368 1507 469 1558 lege,
492 1502 541 1541 Vt
560 1514 624 1540 zuo
641 1500 762 1538 amori
774 1497 1025 1549 fitppeditare

362 1559 496 1616 poffint
523 1555 604 1609 fine
630 1556 761 1607 fitmtu
797 1568 862 1593 tuo
892 1553 1025 1591 Omnia

369 1618 480 1657 baem
506 1615 624 1668 magis
646 1622 717 1651 etc.
774 1613 874 1651 Nam
891 1609 1028 1660 fitppe-

368 1676 489 1713 ditare
518 1670 578 1708 hic
605 1667 658 1708 est
678 1665 894 1719 suppetere.
951 1662 1029 1704 Nifi

367 1731 478 1769 malis
501 1739 585 1765 cum
608 1723 757 1763 duobus
786 1721 898 1761 codd.
919 1722 1034 1774 lege·x

370 1799 413 1825 re
430 1782 681 1835 fhppeditari.
736 1783 779 1820 B.

426 1848 477 1893 48
510 1836 635 1877 Habet
659 1835 755 1888 quod
781 1834 862 1888 det]
894 1833 951 1871 Vt
978 1831 1029 1871 di-

370 1911 449 1936 ueS.
496 1895 555 1932 *Et
574 1894 638 1931 dat
655 1905 756 1930 nemo
785 1889 946 1945 largius]
977 1890 1031 1929 Vt

369 1952 551 1992 liberalis.
605 1952 654 1990 D.

427 2021 482 2061 49
516 2004 676 2057 Fatuus]
699 2001 1030 2053 Ineptaloquens.

372 2069 409 2105 A
437 2062 555 2103 fando
573 2061 715 2113 fatuus
747 2057 904 2096 dicitur:
935 2056 1031 2094 inde

371 2119 619 2163 FaunisFatui
634 2132 647 2152 .·
678 2124 718 2161 et
736 2111 942 2166 Nymphae
961 2112 1031 2151 Fa-

372 2191 457 2217 tuae
482 2175 605 2214 difflae
629 2169 726 2211 sunt.
786 2169 927 2208 Fatuus
958 2167 1029 2222 est]

371 2237 457 2273 Hoc
479 2245 526 2269 ex
546 2227 607 2268 vsu
633 2240 710 2266 tuo.
765 2224 947 2278 1⁷²fi⁴lfi¹5]
977 2225 1031 2265 Si·

375 2296 428 2328 ne
456 2287 529 2326 sale
558 2298 597 2324 et
624 2282 828 2335 sapientia:
859 2279 924 2320 aut
952 2279 1033 2319 fine

374 2344 469 2385 saltu
503 2353 542 2381 et
568 2340 759 2382 facilitate.
801 2336 954 2376 ⁴Fatuus
975 2335 1032 2387 est,

375 2398 548 2452 infizlsits]
578 2398 687 2436 Fatui
705 2393 800 2443 sunt,
821 2393 886 2444 qui
908 2391 1033 2432 verbis

375 2469 415 2496 et
435 2456 544 2495 dieis
572 2452 665 2504 fatui
691 2449 797 2490 sunt:
827 2447 1033 2500 Infitlfi've-

373 2526 435 2560 ro,
472 2509 590 2549 corde
619 2520 656 2549 et
682 2507 828 2547 animo.
885 2506 1032 2545 Fatuus

370 2567 436 2619 cst,
464 2562 634 2619 infidfits]
663 2565 763 2605 Sunt
781 2562 848 2614 qui
862 2560 1030 2614 fatuum,

369 2625 500 2665 animo
513 2632 648 2674 putant
662 2636 670 2662 :
701 2618 895 2674 Insulsum,
907 2617 1028 2659 distis.

1653 488 1716 535 50

1062 597 1126 639 sed
1148 597 1261 638 male.
1319 599 1416 638 Nam
1428 596 1542 636 Fatui
1562 606 1721 648 quoque

1061 657 1128 697 Dii
1155 653 1258 703 sunt,
1286 655 1353 706 qui
1382 664 1421 692 et
1440 654 1560 693 Fauni
1586 653 1720 690 dicun-

1062 725 1145 752 tur:
1174 722 1214 751 ct
1234 724 1316 751 non
1339 709 1451 758 stulti,
1470 707 1535 748 sed
1555 708 1721 748 multum

1063 768 1204 817 fantes,
1229 767 1267 808 id
1291 765 1357 813 est,
1377 767 1592 818 loquentes.
1647 763 1721 803 Fa-

1063 838 1149 866 tuus
1178 823 1244 876 est,
1271 822 1450 876 infidsits]
1481 823 1592 861 Haec
1621 832 1723 871 quae

1066 894 1174 920 nune
1192 879 1358 925 addidit,
1390 892 1472 918 non
1490 891 1539 917 ex
1556 874 1726 929 superio·

1065 935 1171 976 ribus
1193 935 1389 987 pendent:
1415 933 1480 973 sed
1510 946 1598 972 cum
1619 929 1727 985 supe-

1067 993 1167 1031 riora
1190 992 1344 1030 valeant
1373 992 1602 1043 plurimum:
1633 1002 1728 1027 nam

1068 1047 1159 1098 quia
1185 1046 1294 1086 diues
1319 1058 1359 1085 et
1385 1047 1574 1094 liberalis,
1604 1045 1731 1097 potuit

1071 1099 1204 1141 obeffe
1228 1101 1429 1141 riualibus:
1465 1101 1561 1142 haec
1595 1101 1732 1140 omnia

1071 1159 1176 1198 bona
1202 1158 1245 1197 in
1270 1158 1393 1201 milite
1420 1169 1731 1209 confumpuntur,

1074 1214 1175 1266 quod
1195 1213 1335 1262 fatuus,
1357 1214 1463 1265 quod
1483 1211 1659 1261 insulsus,
1691 1222 1733 1252 et

1074 1283 1235 1319 caetera,
1257 1283 1357 1321 quae
1375 1269 1456 1320 ipse
1474 1266 1727 1320 persequitur.

1075 1328 1216 1367 Fatuus
1239 1326 1295 1378 est,
1330 1326 1504 1380 irfialsus]
1531 1328 1640 1364 Haec
1663 1323 1743 1378 be-‚

1075 1397 1127 1422 ne
1158 1383 1374 1423 adduntur:
1411 1384 1505 1434 quia
1532 1381 1647 1425 dixit,
1672 1382 1739 1419 Et,

1075 1440 1184 1479 habet
1203 1440 1303 1493 quod
1321 1440 1392 1487 det,
1412 1452 1449 1478 et
1458 1439 1525 1478 dat
1544 1450 1645 1490 ηυηιοι
1656 1436 1739 1489 lar->

1073 1499 1171 1551 gius.
1231 1496 1293 1536 Ad
1312 1509 1392 1534 rem
1412 1508 1498 1534 eam
1517 1493 1675 1542 valebat,
1697 1503 1740 1544 rt¹
1798 1500 1799 1503 ’

1073 1563 1263 1591 amaretur
1280 1552 1390 1594 miles
1414 1566 1435 1590 a
1452 1551 1667 1597 meretrice,
1697 1558 1737 1587 et

1077 1609 1378 1660 praeponendus
1416 1606 1594 1660 omnibus
1622 1600 1737 1644 esset:

1078 1662 1147 1704 sed·
1187 1665 1340 1718 ingrata
1379 1662 1465 1703 sunt
1495 1660 1736 1711 mulieribus,

1078 1721 1326 1772 maximeque
1337 1717 1594 1767 lasciuis‚haec
1606 1717 1740 1766 omnia

1079 1790 1178 1829 quae
1201 1775 1363 1825 subiicit.
1420 1777 1560 1817 Fatuus
1583 1773 1652 1825 est,
1682 1775 1744 1812 in-.

1065 1833 1214 1887 fityus]
1253 1831 1337 1872 Ho'c
1363 1845 1433 1884 pro
1460 1843 1598 1870 aceruo
1626 1829 1736 1869 vitio-

1079 1904 1184 1937 rum,
1215 1901 1302 1927 cum
1331 1887 1496 1939 quadam
1522 1887 1646 1925 vultus
1666 1886 1735 1923 im-

1079 1944 1270 1997 probitate
1279 1945 1469 1996 prolatum
1479 1949 1561 1994 (pro
1567 1944 1725 1980 nuncian
1736 1967 1739 1970 -

1080 2001 1165 2040 dum
1183 1996 1256 2042 Ms.
1279 2000 1339 2051 B.)
1364 1999 1427 2047 est,
1450 2012 1529 2050 quo
1541 1998 1664 2052 magis
1676 2009 1736 2036 res

1080 2057 1122 2096 in
1145 2055 1276 2096 medio
1304 2054 1422 2107 polita
1449 2051 1525 2094 effe
1552 2055 1736 2093 videatur.

1080 2112 1241 2166 Tardus]
1277 2114 1323 2151 In
1351 2115 1552 2152 Venerem
1588 2108 1739 2149 scilicet.

1088 2168 1254 2222 Tardus]
1285 2168 1463 2223 Corpore
1483 2179 1521 2205 et
1538 2166 1742 2206 membris:

1084 2238 1316 2277 quamquam
1339 2235 1378 2263 et
1394 2223 1591 2263 intelleRu
1612 2223 1740 2261 tardos

1083 2294 1273 2329 vocamus,
1295 2280 1359 2331 qui
1386 2279 1482 2318 stulti
1506 2276 1601 2318 sunt.
1621 2293 1623 2296 ·
1660 2278 1740 2317 Sed

1081 2337 1222 2376 melius
1255 2335 1307 2376 est
1332 2334 1379 2374 sic
1408 2335 1596 2388 intelligi,
1630 2346 1664 2372 rt
1693 2346 1738 2372 ea

1083 2394 1173 2433 vitia
1193 2393 1366 2432 videatur
1393 2391 1533 2440 dicere,
1556 2403 1654 2442 quae
1682 2390 1740 2427 in,

1082 2448 1287 2490 amabilem
1323 2447 1469 2486 faciant
1496 2447 1613 2487 etiam
1644 2445 1739 2484 diui-

1080 2518 1160 2545 tem
1175 2536 1184 2554 ‚
1242 2506 1471 2557 largumque
1514 2513 1737 2542 amatorem.

1080 2565 1179 2603 Nam
1207 2572 1271 2600 aut
1302 2559 1418 2599 verba
1440 2557 1736 2600 commendant:

1079 2628 1119 2658 vt
1144 2619 1261 2671 (Aen.
1289 2630 1355 2668 iv,
1385 2618 1493 2671 79),
1528 2615 1736 2666 Pena’etqe:

1675 2684 1737 2710 ιι.-
