1815 3168
378 201 467 247 DE
503 195 714 245 TRAG.
747 197 839 242 ET
875 195 1186 243 COMOED.
1320 212 1457 242 xxxin

107 322 293 369 solebant,
334 318 466 358 dextra
496 317 646 363 Liberi,
682 316 824 361 sinistra
858 317 938 357 eius
969 315 1051 365 dei,
1083 317 1144 356 cui
1178 314 1260 353 ludi
1289 314 1456 356 fiebant:

107 378 207 420 vnde
225 376 434 416 Terentius
453 377 495 414 in
517 375 666 414 Andria
688 374 759 422 ait,
790 373 851 412 Ex
869 386 938 412 ara
959 372 1026 410 hac
1035 371 1141 421 fiune
1161 369 1349 410 verbenas.

209 433 315 474 Hinc
332 428 502 483 Vlyffem
525 431 720 480 palliatum
741 426 893 479 semper
920 427 1129 466 inducunt:
1160 425 1238 466 fiue
1265 426 1368 477 quod
1391 427 1459 465 ali-

104 489 258 543 quando
279 484 465 526 insaniam
484 485 674 524 simulauit
691 500 699 526 :
729 497 807 535 quo
827 495 1005 534 tempore
1023 484 1164 522 tectum
1175 479 1213 520 se
1231 480 1309 520 esse
1321 483 1453 529 voluit,

103 560 155 587 ne
173 545 321 598 agnitus
340 552 544 596 cogeretur
560 543 602 580 in
621 541 724 580 bella
740 540 921 592 prodire3
949 536 1015 578 seu
1036 537 1087 577 ob
1114 537 1345 591 singularem
1366 535 1459 587 sapi-

103 602 267 648 entiam,
303 611 380 651 qua
400 598 519 637 tectus
534 594 783 648 munitusque
801 596 1011 647 plurimum
1036 591 1142 632 sociis
1161 592 1323 646 profuit.
1380 595 1461 632 Hu-

103 659 160 697 ius
189 656 293 696 enim
323 655 472 693 virtutis
501 664 601 701 erat,
640 653 760 692 animi
787 649 940 703 semper
973 650 1207 701 decipientis
1235 649 1455 701 ingenium.

101 711 292 755 Nonnulli
318 710 468 750 Ithacae
495 710 658 757 incolas,
697 707 787 747 ficut
813 710 977 755 Locros,
1005 706 1177 757 palliatos
1208 703 1320 744 fuifl'e
1351 717 1462 744 com·

101 778 328 808 memorant.
386 764 548 807 Achillis
575 775 615 804 et
642 763 893 815 Neoptolemi
928 760 1114 814 personae
1144 762 1363 800 diademata
1394 760 1462 799 ha-

102 823 220 866 bent:
250 823 425 874 quamuis
450 821 593 874 regalia
615 817 761 871 sceptra
789 831 990 870 nunquam
1016 818 1233 856 tenuerint:
1269 817 1376 855 cuius
1407 830 1462 854 ar·

103 880 278 934 gumenti
301 877 478 930 probatio
497 877 580 916 talis
607 876 821 922 inducitur,
851 873 955 925 quod
983 886 1184 925 nunquam
1205 885 1290 911 cum
1314 873 1464 923 reliqua

103 936 290 976 Graeciae
305 936 511 973 iuuentute
530 933 579 971 ad
598 930 772 984 gerenda
797 943 883 969 cum
902 930 1083 969 Troianis
1105 928 1219 977 bella,
1250 925 1465 967 sacramen-

103 1003 141 1031 ta
164 991 441 1030 coniurationis
460 990 652 1037 inierunt,
686 999 762 1027 nec
783 999 952 1038 vnquam
976 983 1045 1025 sub
1064 985 1376 1039 Agamemnonis
1395 985 1465 1024 im-

103 1049 215 1101 perio
236 1045 404 1085 fuerunt.

219 1104 374 1142 Comicis
402 1098 555 1140 senibus
579 1101 650 1151 18)
674 1097 860 1138 candidus
881 1096 1034 1136 vestitus
1052 1095 1269 1145 inducitur,
1301 1095 1406 1147 quod
1433 1096 1466 1134 is

105 1159 384 1210 antiquiffimus
403 1154 514 1195 fuiss'e
533 1166 780 1195 memoratur.
834 1151 1155 1195 Adolescentibus
1184 1150 1346 1192 discolor
1364 1153 1467 1190 attri-

104 1215 244 1254 buitur.
300 1214 412 1255 Serui
438 1214 588 1256 Comici
615 1211 753 1251 amictu
783 1212 927 1263 exiguo
954 1219 1241 1262 conteguntur,
1270 1217 1469 1261 pauperta-

106 1273 153 1310 tis
173 1271 354 1322 antiquae
372 1270 512 1322 gratia,
540 1268 601 1308 vel
619 1281 695 1319 quo
716 1266 977 1317 expeditiores
1011 1276 1139 1318 agant.
1196 1263 1347 1306 Parafiti
1377 1276 1470 1303 cum

108 1328 258 1366 intortis
287 1326 411 1377 palliis
439 1326 615 1364 veniunt.
672 1327 791 1364 Laeto
820 1321 970 1362 vestitus
1001 1319 1209 1360 candidus:
1236 1317 1470 1360 aerumnoso

110 1381 321 1422 obsoletus:
353 1393 570 1433 purpureus
589 1379 723 1419 diuiti:
756 1378 915 1430 pauperi
933 1376 1173 1429 phoeniceus
1193 1377 1323 1416 datur:
1351 1374 1470 1416 militi

111 1438 242 1477 clamis
259 1449 468 1488 purpurea:
499 1436 653 1487 puellae
671 1433 821 1474 habitus
838 1433 1069 1485 peregrinus
1094 1431 1302 1471 inducitur.
1356 1436 1470 1473 Leno

111 1494 231 1546 pallio
260 1492 353 1531 varii
380 1493 518 1530 coloris
545 1491 670 1530 vtitur.
726 1489 928 1532 Meretrici
954 1487 1004 1526 ob
1023 1488 1219 1528 auaritiam
1237 1488 1386 1526 luteum
1407 1487 1472 1526 da·

113 1561 182 1588 tur.
241 1549 410 1601 Syrmata
441 1547 536 1586 dicta
566 1545 650 1585 sunt
678 1544 725 1585 ab
746 1558 814 1593 ee,
844 1543 947 1596 quod
965 1542 1184 1584 trahuntur:
1219 1556 1321 1596 quae
1340 1556 1399 1582 res
1420 1542 1469 1581 ab

111 1604 260 1645 scenica
287 1604 435 1642 luxuria
460 1601 628 1641 instituta
658 1601 722 1641 est.
777 1601 923 1641 Eadem
947 1601 989 1638 in
1011 1598 1187 1638 lufituofis
1216 1596 1391 1651 personis
1412 1599 1472 1637 in-

113 1662 256 1700 curiam
285 1658 339 1698 sui
375 1673 443 1710 per
472 1658 753 1710 negligentiam
783 1654 1008 1709 significant.
1066 1656 1215 1696 Aulaea
1244 1667 1401 1706 quoque
1428 1655 1472 1693 in

111 1718 236 1757 Scena
265 1716 413 1753 intexta
439 1714 677 1759 sternuntur,
709 1712 815 1763 quod
847 1712 968 1762 pictus
998 1720 1154 1748 ornatus
1181 1721 1282 1759 erat,
1318 1715 1389 1763 19)
1421 1722 1472 1749 ex

110 1772 272 1814 Attalica
292 1770 410 1822 Regia
430 1772 589 1808 Romam
610 1765 728 1819 vsque
748 1767 936 1819 perlatus:
961 1779 1032 1817 pro
1053 1765 1189 1818 quibus
1209 1765 1341 1818 fiparia
1366 1775 1471 1804 aetas

111 1826 297 1880 posterior
314 1826 473 1877 accepit.
530 1824 593 1864 Est
613 1834 740 1863 autem
766 1825 841 1875 20)
861 1822 1236 1871 mimicum-velum,
1272 1821 1376 1873 quod
1404 1835 1473 1872 po·

111 1884 203 1935 pulo
235 1880 400 1927 obsistit,
432 1880 522 1919 dum
551 1878 768 1919 fabularum
798 1880 900 1918 actus
929 1887 1225 1917 commntantur.
1283 1877 1474 1919 Diuerbia

111 1938 315 1978 histriones
335 1935 657 1989 pronunciabant.
711 1936 875 1977 Cantica
894 1948 985 1974 vero
1008 1933 1328 1985 temperabantur
1346 1932 1473 1973 modis

113 2008 195 2034 non
223 2009 244 2033 a
269 1998 406 2040 Poeta,
436 1992 501 2032 sed
523 2007 544 2031 a
567 1993 693 2044 perito
720 1993 807 2031 artis
826 1989 992 2029 mufieae
1019 1989 1138 2029 factis.
1192 1992 1335 2040 Neque
1363 1989 1474 2029 enim

112 2051 243 2090 omnia
259 2048 394 2089 iisdem
414 2049 538 2088 modis
555 2049 598 2087 in
627 2062 702 2088 vno
724 2048 875 2087 cantico
906 2046 1141 2100 agebantur,
1167 2042 1232 2085 sed
1255 2043 1368 2097 saepe
1387 2058 1473 2084 mu·

112 2107 207 2145 tatis.
260 2109 312 2146 Vt
341 2103 555 2158 fignificant
580 2102 646 2156 qui
677 2115 752 2145 tres
779 2115 962 2142 numeros
994 2103 1036 2140 in
1053 2100 1281 2143 Comoediis
1302 2111 1473 2152 ponunt.

111 2163 181 2216 qui
209 2173 283 2202 tres
311 2162 516 2202 continent
542 2171 706 2201 mutatos
735 2160 872 2200 modos
894 2159 1034 2199 cantici
1060 2158 1176 2198 illius.
1238 2158 1319 2208 Qui
1344 2154 1473 2195 huius-

787 2229 807 2256 c
835 2227 862 2257 2
1361 2212 1471 2253 modi

166 2313 224 2357 18)
247 2310 424 2347 Candidus
440 2306 603 2359 vestitus]
633 2310 692 2346 De
705 2319 768 2345 ve-
815 2306 988 2343 mimicum
1005 2305 1189 2342 dimoueto.
1225 2301 1470 2353 Qinftilian.

112 2361 193 2398 stitu
213 2360 368 2399 Comico
387 2360 459 2396 vid.
476 2360 677 2397 Pollucem.
701 2360 742 2396 L.
816 2357 884 2393 lib.
903 2360 939 2393 6.
962 2368 1039 2403 cap.
1061 2369 1095 2401 4.
1121 2356 1206 2392 Cum
1232 2356 1304 2390 eius
1331 2352 1474 2402 accusa-

160 2435 220 2478 19)
250 2435 304 2470 Ex
333 2437 370 2469 A
372 2443 385 2467 t
388 2443 427 2469 ta
429 2433 498 2468 lica
529 2431 655 2480 Regia]
700 2431 752 2467 Sil
816 2416 876 2443 tor
907 2405 945 2441 in
955 2404 1091 2461 fipar{0
1110 2403 1264 2439 omnibus
1279 2403 1383 2444 locis,
1407 2411 1473 2458 auf

113 2483 253 2520 Indicus
272 2484 338 2519 fib·
362 2496 417 2529 14·
445 2501 510 2507 —
534 2493 685 2529 quaeque
699 2458 769 2515 At:
817 2457 944 2490 nudum
963 2467 1038 2490 eum
1057 2465 1094 2488 m
1110 2465 1229 2494 neruo,
1243 2462 1306 2488 aut
1322 2452 1367 2486 ab
1386 2463 1475 2486 atm-

113 2531 228 2567 talicis
251 2532 399 2567 variata
409 2541 476 2580 per
491 2540 606 2568 artem
624 2529 771 2568 Aulaeis
817 2517 866 2591 ἓξ
896 2505 1088 2540 redemtum
1123 2515 1168 2538 ex
1191 2502 1270 2586 aff?
1289 2499 1474 2586 pmxff’ss

147 2580 246 2616 ribun
248 2591 309 2616 tur
328 2593 392 2616 acu
447 2599 505 2607 -
532 2608 535 2613 Ι
860 2565 922 2609 aec
941 2553 1064 2608 eadem
1086 2563 1157 2587 vox
1178 2564 1215 2587 re
1248 2551 1397 2607 ituenda
1421 2561 1441 2605 e

107 2580 146 2631 sc
395 2607 403 2616 ’
817 2605 948 2640 Seruio
982 2614 1023 2638 in
1050 2602 1186 2649 Georg.
1223 2599 1354 2648 Virgil.
1387 2598 1471 2635 Vid-

165 2654 233 2699 20)
275 2653 455 2690 Mimicum
491 2654 622 2698 velum]
664 2653 765 2689 Haec
814 2652 906 2690 Fest.
948 2662 984 2688 et
1014 2651 1178 2688 quenal.
1208 2647 1396 2688 Scholiast.
1425 2647 1469 2687 aa!

117 2711 196 2739 vera
217 2702 266 2740 est
283 2703 405 2746 lectio.
449 2704 559 2753 Apul.
588 2701 764 2752 Siparinm
813 2703 926 2751 Satyr.
948 2709 981 2746 8.
1005 2711 1043 2739 et
1059 2698 1132 2740 affi-
1183 2698 1223 2737 L·
