1815 3168
1416 179 1522 234 xxo

240 300 291 367 ι)
343 296 457 350 DE
512 292 1086 374 TRAGOQEDIA
1143 291 1257 343 ET
1303 291 1443 345 CO-

644 390 1022 443 MOEDIA.

155 531 420 644 1N1T1vM
448 556 486 593 T
488 551 697 605 ragoediae
717 561 758 590 et
777 549 1023 592 comoediae
1040 564 1061 589 a
1079 547 1363 588 rebus‘diuinis
1391 547 1444 586 est
1461 548 1521 587 in«

227 609 427 650 choatum:
455 609 594 660 quibus
622 622 690 659 pro
725 607 908 647 frufflbus
935 619 1020 646 vota
1040 604 1232 644 soluentes
1262 603 1526 655 operabantur

158 666 318 716 antiqui.
374 667 474 704 Nam
495 663 661 702 incenfis
685 665 758 702 iam
778 663 970 711 altaribus,
994 673 1032 701 et
1055 661 1211 701 admoto
1229 660 1357 709 hirco,
1390 659 1430 698 id
1451 672 1522 712 ge-

158 735 230 762 nus
251 721 442 767 carminis,
463 720 569 771 quod
588 717 691 758 sacer
710 718 846 758 chorus
864 717 1051 758 reddebat
1060 717 1199 767 Libero
1213 716 1324 768 patri,
1349 719 1524 767 Tragoe-

157 777 221 817 dia
237 777 443 822 dicebatur,
464 777 526 815 vel
542 774 610 813 ἀνι-δ
629 779 677 817 τέ
696 781 804 821 τράγε
824 778 868 829 2)
892 783 948 821 nx}
964 777 1024 818 τῆς
1044 775 1138 820 daig,
1160 771 1232 810 hoc
1245 770 1310 819 est,
1331 770 1377 810 ab
1398 771 1523 821 hirco,

156 832 265 871 hoste
289 834 508 880 vinearum,
537 841 578 870 et
605 846 626 870 a
646 831 850 870 cantilena.
911 831 1004 871 Eius
1025 829 1140 881 ipfius
1169 828 1226 868 rei
1245 827 1347 879 apud
1368 828 1524 880 Virgili-

155 903 222 928 um
245 890 360 939 plena
381 887 421 927 fit
440 889 600 926 mentio.
658 888 733 926 Vel
753 886 858 938 quod
877 886 984 926 hirco
1004 885 1215 924 donabatur
1238 885 1319 922 eius
1339 883 1521 922 carminis

155 947 295 985 Poeta:
328 945 388 983 vel
409 944 514 995 quod
534 954 616 982 vter
634 943 718 982 eius
737 942 849 989 musti
863 944 1005 995 plenus
1020 940 1195 980 solemne
1206 939 1420 992 praemium
1434 952 1525 977 can-

156 1000 302 1042 toribus
322 999 450 1038 fuerat
464 1014 475 1047 ;
517 1000 580 1038 vel
598 999 703 1050 quod
727 1012 793 1038 ora
819 996 881 1039 sua
907 997 1056 1037 fecibus
1086 995 1338 1049 pel-linebant
1365 992 1528 1044 scenici,‘

156 1067 248 1096 ante
269 1054 373 1095 vsum
392 1053 651 1107 personarum,
673 1054 721 1094 ab
743 1052 933 1109 Aeschylo
954 1065 1165 1106 repertum.
1223 1055 1337 1091 Feces
1357 1052 1464 1089 enim
1477 1053 1526 1102 3)

157 1112 335 1152 dicuntur
354 1114 506 1152 Graece
522 1109 658 1159 τρύγες.
715 1115 765 1152 Et
786 1110 845 1149 his
867 1110 1026 1162 quidem
1050 1108 1165 1148 caufis
1185 1107 1432 1160 Tragoediae
1451 1119 1524 1144 no-

156 1182 251 1207 men
268 1168 322 1207 est
342 1169 561 1207 inuentum.
621 1173 671 1208 At
705 1179 798 1205 vero
822 1166 1000 1205 nondum
1028 1166 1163 1204 coaffiis
1189 1164 1231 1201 in
1254 1162 1386 1202 vrbem
1407 1161 1528 1203 Athe-

157 1223 367 1274 uienfibus,
396 1237 485 1263 cum
500 1227 546 1278 4)
567 1223 745 1276 Apollini
761 1224 922 1273 Nomio,
952 1223 1014 1262 vel
1032 1222 1251 1274 ΑΕγΑΘῶ
1279 1221 1301 1245 'f
1329 1218 1369 1257 id
1388 1217 1441 1258 est
1460 1232 1526 1270 pa-

209 1413 246 1458 1)
270 1412 374 1459 Qae
402 1410 463 1447 hic
490 1412 537 1448 de
552 1411 759 1460 Tragoedia
777 1420 818 1446 et
840 1402 844 1412 '

160 1461 365 1498 Comoedia
383 1459 605 1502 referunmr,
627 1474 667 1496 ea
685 1473 765 1498 non
778 1470 816 1495 vt

161 1510 224 1546 alii
255 1523 296 1545 ex
325 1511 491 1545 Cornuto
518 1510 576 1545 vel
610 1510 724 1557 Aspro
754 1510 816 1545 de-

158 1560 284 1600 sumta‚
303 1558 361 1594 sed
382 1571 424 1594 ex
444 1559 614 1594 Euanthii
627 1570 816 1594 commen-

158 1608 252 1644 tario
279 1607 319 1643 in
347 1607 568 1643 Terentium
596 1607 719 1643 scleEla
748 1606 817 1642 effe

158 1657 322 1693 arbitror.
371 1655 568 1703 Eiusceque
589 1655 641 1691 rei
664 1653 814 1692 euiden-

156 1705 327 1742 tiffimum
346 1716 595 1753 argumentum
616 1706 684 1747 est,
711 1704 812 1751 quod

157 1755 221 1791 sub
249 1754 356 1789 huius
385 1753 606 1790 eruditissimi
626 1755 813 1789 Gramma-

158 1803 221 1840 tici
249 1801 400 1838 nornine
426 1806 554 1850 (quem
580 1802 708 1839 iisdem
728 1814 812 1838 cum

155 1853 309 1888 Donato
329 1852 574 1899 temporibus,
598 1852 671 1887 hoc
692 1852 740 1887 est
760 1853 812 1886 O-

153 1901 264 1949 lymp.
283 1909 368 1944 285.
392 1911 568 1949 regnante
590 1899 811 1937 Constantio

154 1949 224 1987 Fil.
259 1949 513 1992 Constantini,
552 1950 582 1985 C
599 1952 637 1987 P.
655 1949 812 1986 floruisse

152 2010 259 2036 notat
277 1999 512 2047 Hieronym.)
533 1998 623 2034 haec
640 2000 748 2035 verba
760 1998 810 2034 af.

154 2048 246 2086 ferat
255 2046 408 2084 Rufinus
419 2048 810 2086 AntiochenfisGram-

155 2107 239 2134 mat.
259 2097 325 2132 lib.
350 2099 396 2133 de
414 2098 537 2134 metris
548 2096 810 2134 Terentianis:

155 2145 332 2184 Concinna
359 2157 578 2194 argumento,
598 2145 811 2195 consuetudi.

153 2207 195 2230 ne
210 2207 375 2241 congrua,
401 2196 500 2231 vtilis
509 2196 708 2245 sententiis,
720 2207 807 2244 gra-

151 2254 193 2281 ta
204 2243 350 2293 salibus,
375 2254 459 2294 apta
477 2255 601 2281 metro,
651 2247 694 2282 Et
715 2245 809 2292 post-

153 2306 195 2330 ea
213 2293 278 2329 fic:
308 2294 449 2329 Veteres
465 2296 535 2341 etsi
557 2307 583 2329 v
598 2309 610 2329 t
638 2293 708 2343 ipsi
727 2305 809 2341 quo-

151 2355 215 2391 que
241 2343 363 2378 metris
394 2353 462 2379 etc.
518 2346 623 2388 Quae
649 2342 808 2390 ipfissima

152 2393 193 2428 in
220 2391 317 2427 hisce
339 2392 614 2442 prolegomenis
633 2405 736 2428 nunc
756 2391 807 2427 le-

151 2451 297 2490 guntur.
348 2442 392 2478 L.

207 2493 251 2542 2)
280 2499 338 2529 Kx}
358 2494 421 2533 τῆς
439 2491 542 2545 daig]
571 2495 655 2532 Hoc
670 2506 712 2530 ex
724 2492 807 2531 Mff.

153 2545 327 2582 additum.
377 2546 419 2582 L.

205 2606 251 2654 3)
289 2616 510 2644 nlch'rvR
540 2615 689 2646 GRACE
716 2594 810 2645 'rpr-

150 2659 241 2714 rEc]
269 2659 415 2704 Athen.
442 2659 511 2701 lib.
541 2673 580 2703 2.
611 2661 690 2701 Α’πᾶ
711 2663 809 2713 μέθη,

1376 1273 1525 1315 storum

864 1417 918 1449 καὶ
952 1415 976 1454 ἧ
999 1412 1060 1453 τῆς
1084 1412 1273 1455 κωμωδίας,
1312 1413 1382 1444 καὶ]
1405 1411 1424 1449 ἢ
1460 1407 1526 1450 τῖἶς

854 1470 1054 1512 ’τραγωδίας
1093 1463 1217 1511 ἕυρεσις
1246 1467 1277 1500 ἐν
1315 1467 1431 1508 naen.»
1464 1464 1527 1505 vise

864 1524 1013 1565 Αττικῆς
1032 1522 1160 1568 ἕυςέθκ,
1179 1526 1235 1557 καὶ
1254 1519 1329 1556 κατ’
1347 1515 1453 1555 αότδν
1463 1515 1526 1556 τδν

864 1583 927 1621 τῆς
940 1575 1063 1624 τρύγης
1074 1575 1203 1623 amedu,
1218 1576 1280 1620 ἀφ’
1300 1572 1322 1612 t}
1333 1573 1374 1616 δή
1386 1583 1439 1611 καὶ
1450 1589 1527 1619 τρυ-

863 1639 964 1680 wala
982 1633 1025 1670 τὸ
1044 1635 1173 1676 πρῶτον
1195 1628 1526 1674 ἔκλῆἔὶηὴκωμωδίω.

863 1689 948 1725 Vid.
969 1684 1180 1736 Etymolog.
1192 1686 1370 1737 Magnum
1389 1684 1427 1720 in
1444 1699 1526 1732 ego-

858 1741 978 1784 ·γωδία.
1025 1737 1068 1772 L.

927 1832 974 1878 4)
1023 1834 1282 1867 APOLL1N1
1336 1834 1525 1865 NOM10

860 1887 960 1918 VEL
986 1880 1216 1926 ΑῈγΑΘω]
1242 1879 1342 1913 Haec
1371 1877 1419 1913 est
1437 1877 1526 1913 scri-

860 1934 976 1978 ptura}
992 1928 1189 1977 priscorum
1218 1925 1326 1962 codd.
1355 1938 1448 1974 quae
1467 1938 1525 1962 re-

860 1980 1029 2028 fingenda
1053 1977 1196 2013 viderur
1216 1977 1289 2011 hoc
1310 1976 1442 2011 modo:
1469 1977 1525 2011 A.

853 2027 979 2078 pollini
1012 2026 1138 2062 Nomio
1175 2026 1236 2060 vel
1265 2024 1410 2071 Agyieo.
1461 2026 1524 2061 De

860 2076 1037 2124 Apolline
1057 2075 1199 2112 Nomio
1214 2076 1318 2110 Seru.
1336 2087 1374 2119 4.
1402 2075 1521 2109 Geor-

859 2128 973 2177 gicor.
994 2126 1037 2161 ad
1059 2125 1123 2160 illa
1136 2125 1259 2164 verba,
1278 2122 1444 2169 auditque
1459 2133 1522 2157 vo..

857 2186 958 2212 catus
968 2175 1104 2223 Apollo.
1152 2173 1281 2218 Α’γυιοὶς
1301 2183 1420 2207 autem
1442 2169 1523 2207 Elei

858 2225 1099 2274 appellarunt,
1118 2222 1205 2258 teste
1224 2220 1392 2258 Pausania
1413 2221 1452 2256 in
1475 2220 1524 2256 E-

857 2275 975 2316 liaciS,'
991 2270 1052 2314 τές
1075 2271 1128 2308 ὄπ’
1147 2273 1305 2312 Αθηναίων
1333 2271 1524 2314 καλεμένι-ςς

857 2322 1013 2365 ςενωπές.
1065 2324 1108 2358 bt
1123 2321 1212 2355 hinc
1224 2320 1361 2366 Apollo
1381 2318 1524 2367 Agyie-

857 2387 920 2415 us,
946 2373 993 2408 de
1022 2383 1096 2418 quo
1118 2369 1195 2406 fuse
1223 2367 1366 2405 Graeci.
1387 2369 1518 2404 Horat.

858 2425 977 2459 Carm.
1006 2421 1071 2456 lib.
1091 2433 1124 2464 4.
1154 2418 1226 2454 Od.
1246 2421 1277 2452 6.
1304 2415 1404 2454 Lenis
1419 2420 1522 2462 Agy-

855 2471 929 2507 ieus
949 2481 987 2506 et
1000 2470 1053 2506 ibi
1072 2468 1252 2515 Prophyr.
1275 2467 1437 2503 Macrob.
1456 2466 1520 2501 Sa-

858 2520 991 2558 turnal.
1020 2519 1089 2554 lib.
1115 2529 1147 2552 1.
1171 2528 1251 2562 cap.
1270 2527 1302 2560 9.
1330 2515 1453 2551 Postea
1471 2513 1519 2550 lic

859 2569 993 2617 legitur
1013 2567 1053 2603 in
1075 2567 1157 2602 Mss'.
1189 2563 1366 2613 pastorum
1388 2562 1522 2599 vicino..

859 2631 936 2654 rum
955 2620 1042 2654 Deo.
1069 2615 1130 2652 vbi
1153 2614 1191 2650 in
1214 2613 1325 2650 editis
1345 2614 1405 2657 est,
1431 2611 1519 2649 vici.

858 2679 1044 2718 varumque
1055 2664 1215 2716 praastcli
1235 2664 1323 2706 Deo,
1373 2663 1415 2699 L.
