1815 3168
569 179 863 225 ANDRIA.

1337 185 1395 242 83

170 309 228 353 Et
251 306 304 352 ad
326 305 592 370 pudicitiam,
619 315 662 350 et
682 305 733 350 ad
755 321 851 349 rem
871 303 1096 350 tutandam
1126 301 1248 351 sient.

170 381 305 435 Quod
335 397 418 440 ego
449 392 491 426 te
513 397 593 443 per
615 380 727 425 hanc
752 379 942 425 dextram
965 397 1044 425 oro
1059 414 1072 431 ‚
1107 390 1150 424 ct
1169 381 1396 440 ingenium

264 466 404 508 tuum,

58 548 129 595 ¹55
164 534 245 578 Per
266 542 389 577 tuam
411 527 558 584 fidem,
580 545 749 595 perque
771 529 902 575 huius
925 528 1203 591 solitudinem

675 622 714 667 F

32 738 158 823 Qum
178 764 232 806 illi
254 776 351 805 nunc
368 776 542 818 vtraeque
560 777 617 804 res
634 765 690 804 in-

34 822 153 862 utiles.
209 825 249 862 L.

89 877 231 920 Codex
260 876 401 928 Regius
439 874 515 914 hoc
550 874 689 915 oidine

33 935 166 988 ponit,
199 933 280 972 Nec
307 933 400 971 clam
423 945 463 970 te
484 931 548 983 est,
579 945 690 984 quam

0 988 90 1034 illi
127 1001 299 1041 veraeque
324 1001 383 1026 res
409 999 507 1026 nunc
530 987 688 1027 inutiles.

34 1046 201 1097 Repone
215 1046 334 1090 miles,
356 1054 394 1082 et
412 1042 537 1084 versus
557 1042 610 1083 est
628 1041 692 1083 sal-

34 1113 116 1142 uus.
142 1100 190 1140 cf.
205 1099 304 1139 insi-a
319 1111 372 1147 ιν,
386 1110 422 1150 5,
445 1102 508 1142 16.
540 1103 582 1139 B.

86 1156 159 1198 Res
179 1169 279 1196 nunc
301 1154 421 1196 miles.
480 1157 553 1200 W.

87 1225 139 1266 53
171 1213 232 1252 Ad
252 1213 483 1265 pudicitiam
490 1224 526 1250 et
545 1211 595 1251 ad
617 1223 703 1256 rem,

36 1268 252 1321 tutandam]
280 1267 343 1308 Ad
353 1267 598 1318 pudicitiam,
615 1266 693 1309 foi-

36 1338 119 1365 ma:
147 1322 197 1362 ad
224 1337 306 1362 rem
329 1322 548 1369 tutandam,
576 1334 690 1362 aetaS.

3 1331 7 1419 l
37 1379 114 1420 Sed
136 1379 272 1418 melius
295 1389 499 1429 vtrumque
516 1377 563 1416 ad
583 1378 693 1429 pudi-

4 1438 7 1510 ε
39 1436 179 1475 citiam.
248 1435 349 1474 Nam
385 1445 516 1484 neque
555 1432 692 1481 forma,

40 1546 250 1585 custodire:

0 1634 1 1638 ,
39 1600 118 1642 sola
136 1612 238 1640 aetas
257 1598 406 1639 sufficit.
459 1602 502 1640 E.

0 1667 1 1671 ’
94 1658 211 1698 Reae
228 1670 303 1696 rem
320 1667 412 1696 ante
430 1655 624 1696 tutandam
640 1655 697 1694 loe

0 1754 2 1760 ,
39 1725 130 1752 curn
158 1712 336 1751 obtinet..
379 1715 421 1752 Β.

0 1772 3 1817 l
96 1780 150 1822 54
179 1769 295 1825 Q⁰d
309 1780 344 1807 te
353 1767 440 1821 per7
469 1765 592 1821 Qud,
611 1779 696 1818 p1·-o

0 1827 5 1862 l
40 1834 125 1877 pter
145 1824 261 1874 quod.
292 1833 341 1871 vt,
364 1825 486 1875 (Aen.
509 1836 556 1872 11,
584 1825 694 1875 141)

0 1894 3 1914 ὲ
40 1880 155 1975 &qod
170 1894 204 1918 te
218 1893 284 1933 per
293 1879 464 1930 fitperos.
498 1882 547 1919 Et
565 1877 619 1917 est
632 1892 694 1916 or-

71 1949 103 1984 o,
123 1946 282 1987 propter
300 1934 403 1987 quod
421 1945 459 1973 te
480 1947 560 1974 oro.
619 1936 694 1974 Per

8 1990 13 2045 l
43 1990 132 2032 hanc
150 1991 339 2046 dextram]
368 1994 503 2031 Tenet
514 2003 624 2038 eum,
652 2000 694 2029 vt

44 2058 213 2098 apparet.
270 2047 345 2087 Per
379 2046 470 2085 hanc
503 2045 690 2100 dextram]

44 2103 150 2143 Fidei
185 2115 224 2144 et
256 2102 429 2143 foederis
464 2101 694 2145 membrum,

46 2157 109 2199 Ad
128 2172 286 2199 manum
304 2159 348 2198 fit
365 2159 587 2198 conuentio.
645 2158 696 2198 Et

47 2215 257 2271 ingenium]
309 2216 468 2268 Legitur
516 2224 556 2254 et
592 2215 695 2268 geni-

47 2281 120 2310 um
175 2273 225 2312 D.

101 2324 213 2381 Qod
225 2339 291 2382 ego
309 2325 362 2380 te]
394 2327 532 2366 Omnis
558 2326 698 2366 allocu-

52 2381 106 2420 tio
125 2381 192 2422 has
211 2382 319 2422 dluls
323 2395 420 2422 ones
438 2382 573 2431 habet,
603 2380 696 2434 quid

51 2436 141 2477 velit
170 2450 208 2478 et
228 2439 320 2490 quid
339 2449 494 2479 metuat.
523 2441 574 2478 ita
593 2436 698 2490 quod

15 2498 19 2590 ἱ
51 2503 196 2534 metuat
221 2492 329 2546 supra
345 2492 519 2546 pofitum
547 2494 621 2543 est,
662 2507 700 2533 et

53 2560 194 2595 aetate,
221 2563 256 2588 et
282 2551 423 2601 fhrma.
466 2564 570 2589 nunc
605 2548 700 2601 quid

15 2595 19 2639 l
55 2604 161 2645 velit
213 2607 329 2666 Qtod
345 2620 426 2661 ego,
445 2608 578 2660 inquit,
606 2619 702 2646 nunc

17 2642 20 2712 ξ
56 2670 92 2696 u
113 2672 176 2712 per
204 2660 295 2701 hanc
321 2662 514 2702 dexteram
541 2676 617 2703 oro
669 2663 700 2702 1-

39 1504 201 1542 neque
189 1501 290 1529 aetas
310 1489 537 1541 pudicitiam
552 1489 708 1540 poterit»

295 1545 343 1584 ad
373 1557 454 1584 rem
496 1543 706 1583 tutandam.

759 629 876 667 2'
1078 632 1098 686 ᾗ
1245 626 1394 688 ΔΤε

738 760 847 815 psum
886 762 991 814 quod
1033 764 1126 803 velit
1156 763 1282 817 iun-git
1309 778 1397 806 cum

738 817 930 870 precibus.
995 819 1243 871 Imperi-abile
1290 822 1398 861 enim

737 873 790 923 tit,
820 873 859 913 {i
866 874 972 926 quod
990 877 1174 923 volumus,
1200 878 1240 914 in
1259 878 1397 916 allocu-

738 932 848 970 tione
860 943 947 969 cum
958 931 1138 981 precibus
1149 933 1396 973 collocemus.

741 990 804 1034 Vt,
824 987 953 1039 (Vh-‚g
975 990 1078 1027 Aen.
1101 992 1292 1041 1v‚314.J
1325 983 1397 1028 Per

742 1042 809 1082 has
819 1055 854 1081 te
865 1043 1047 1093 lacrymas
1059 1055 1200 1097 egomet
1208 1046 1320 1083 dextr
1321 1058 1396 1082 am-

743 1111 811 1152 que
839 1111 942 1137 tuam
971 1112 1026 1145 τες
1063 1103 1104 1138 Si
1130 1098 1217 1139 hene
1241 1101 1330 1152 quid
1355 1101 1399 1139 de

742 1166 780 1195 te
795 1157 923 1201 merui,
932 1155 1024 1205 fuit
1035 1168 1102 1194 aut
1112 1155 1184 1194 tihi
1203 1160 1400 1209 quicquam

741 1209 1008 1251 Dulcemeum
1041 1234 1098 1245 —-
1148 1214 1237 1252 Non
1265 1213 1399 1264 potuit

743 1266 851 1305 enim
888 1279 958 1318 per
999 1278 1126 1319 partes
1156 1268 1401 1319 impetrabile

740 1320 877 1368 facere,
903 1323 1008 1373 quod
1030 1322 1199 1377 rogabat.
1243 1325 1318 1364 Hic
1337 1337 1402 1370 au-

742 1388 823 1416 tem
839 1377 939 1426 vide,
960 1379 1065 1429 quod
1090 1380 1130 1418 in
1148 1379 1399 1419 iureiurando

744 1432 904 1471 collocat
920 1434 1045 1484 primo
1057 1434 1264 1482 dexteram,
1285 1448 1401 1485 quam

743 1487 906 1527 tenebat
914 1500 925 1536 3
949 1502 1048 1539 quae
1064 1486 1215 1542 semper
1233 1489 1324 1529 fidei
1346 1501 1402 1530 te-

743 1543 807 1581 stis
829 1542 894 1582 est.
950 1547 1049 1584 Nam
1068 1545 1163 1585 inde
1182 1547 1297 1585 etiam
1308 1546 1402 1585 Tul-

743 1600 833 1649 lius,
890 1599 967 1638 Per
1001 1601 1193 1640 dexteram
1230 1615 1332 1640 tuam
1365 1614 1403 1651 tq

745 1668 813 1693 oro
827 1682 836 1700 ‚
867 1668 941 1692 non
966 1668 1041 1694 tam
1068 1658 1108 1694 in
1133 1659 1289 1708 praelzis
1308 1671 1343 1696 et
1363 1660 1404 1696 in

744 1708 864 1757 hellis,
890 1722 996 1762 quam
1026 1715 1065 1751 in
1085 1723 1175 1764 pace
1192 1727 1229 1751 et
1243 1711 1318 1763 fide
1328 1711 1401 1764 fir-

744 1769 904 1804 miorem.
965 1769 1014 1806 Et
1051 1768 1257 1821 ingenium
1294 1769 1405 1809 fimul

744 1821 885 1861 adiecit
904 1831 943 1860 et
958 1821 1097 1862 fidem:
1125 1835 1207 1862 tum
1225 1825 1349 1866 etiam,
1361 1835 1403 1864 vt

742 1878 927 1929 pietatem
957 1889 1083 1929 captet
1102 1909 1112 1926 ‚
1153 1877 1403 1920 solitudinem

741 1933 923 1979 mulierisfi
947 1945 986 1974 et
1002 1933 1125 1987 ipsum
1135 1935 1327 1988 postremo
1338 1936 1402 1976 de-

740 1988 930 2029 fiderium.
987 1993 1029 2031 E.

794 2044 848 2084 Et
871 2047 1059 2099 ingenium
1079 2048 1200 2102 tuum]
1233 2048 1279 2086 al.
1292 2060 1328 2086 et
1336 2060 1402 2103 ge.-
1423 2058 1427 2061 ’

742 2103 844 2141 nium
867 2113 984 2140 tuum.
1041 2107 1082 2143 L.

800 2160 924 2210 Lege,
953 2156 1069 2211 de
1092 2171 1136 2197 te
1154 2172 1220 2214 ego
1235 2168 1300 2211 per
1319 2159 1405 2198 dex-

745 2227 845 2255 tram
871 2213 967 2253 hanc
994 2228 1077 2261 oro,
1105 2228 1140 2253 et
1164 2226 1204 2267 p:
1203 2229 1234 2252 r
1254 2218 1406 2269 genium

748 2283 862 2311 tuum.
900 2271 989 2308 Duo
1017 2270 1125 2309 codd
1158 2271 1319 2309 Palatini
1340 2271 1407 2311 ha-

746 2325 843 2364 bent
867 2324 1039 2374 Genium,
1068 2326 1170 2378 quod
1190 2338 1230 2364 et
1254 2325 1406 2369 senten-

747 2382 799 2421 tia
835 2378 914 2432 ipsa
940 2382 1097 2435 flagitat.
1155 2382 1314 2422 Deinde
1336 2396 1407 2434 per

745 2436 1006 2487 repetendum
1036 2436 1090 2476 est
1110 2448 1200 2477 ante
1219 2439 1403 2489 Genium,

749 2504 787 2533 vt
811 2493 1017 2544 aequalitas
1036 2493 1195 2532 constet.
1252 2497 1292 2534 B.
1336 2527 1338 2529 .
1397 2529 1402 2532 ,

807 2618 859 2658 ςς
901 2605 975 2644 Per
1019 2604 1123 2645 huius
1146 2605 1411 2669 solitudinem]

750 2662 907 2714 Legitur
931 2660 1280 2712 etsbllicitudinem.
1310 2665 1360 2707 D.
