1815 3168
341 133 440 186 480.

739 122 897 176 ACT.
933 121 988 167 V.
1022 121 1214 167 SCEN.
1239 122 1315 169 IV.

415 245 728 300 ACTVS
790 244 1141 314 QVINTl
1197 243 1489 296 scENA
1540 245 1634 298 lv.

699 334 1011 375 PARMENO.

477 468 562 582 R

701 560 835 609 gerat.

1069 333 1360 375 PYTHIAS.

588 492 611 520 E
645 492 673 520 v
706 492 723 518 1
753 490 771 518 s
802 489 829 518 o
858 507 872 524 ,
931 469 1142 536 quidnam
1197 470 1389 519 Chaerea
1439 471 1513 519 hic
1561 489 1711 521 rerum

477 625 615 682 Quod
636 623 664 670 fi
686 623 776 670 astu
796 640 891 669 rem
915 618 1127 674 tragiauit,
1152 624 1211 668 Di
1233 621 1418 670 vostram
1440 620 1597 674 fidem!

480 708 725 757 Quantum,
749 710 791 746 et
811 716 940 762 quam
965 715 1110 745 veram
1123 698 1296 745 laudem
1320 702 1459 763 capiet
1474 697 1710 749 Parmeno!

479 783 601 825 Nam
621 788 666 823 vt
684 777 865 826 mittam,
891 773 1011 837 quod
1035 776 1074 820 ei
1095 791 1291 821 amorem
1315 771 1635 829 difficillimum,
1669 787 1712 822 et

415 870 443 918 5
482 850 753 901 Carissimum
775 849 826 897 ab
850 853 1077 898 meretrice
1101 867 1250 897 auara:
1289 852 1508 912 virginem

402 1065 422 1098 1
463 1049 597 1103 Reuisb
627 1050 803 1104 quidnam
832 1048 1001 1099 Chaerea,

346 1110 444 1164 iffa]
475 1109 573 1161 Astu,
595 1121 664 1160 pro
676 1106 797 1158 astute,
810 1107 928 1146 modo
938 1106 1001 1145 ad-

340 1167 523 1207 uei-bium
545 1164 622 1211 est3
648 1164 739 1202 alias
760 1175 930 1208 nomen:
954 1174 1004 1212 vt,

341 1226 403 1264 An
423 1226 462 1261 in
480 1221 569 1273 Astu
590 1220 717 1263 venit?
773 1222 826 1259 D.
851 1218 859 1225 ’

330 1326 334 1331 ·
399 1278 544 1329 Reu{fi>‚
555 1277 746 1330 quidnam]
759 1276 866 1314 Haec
878 1276 1003 1314 Scena

340 1335 618 1376 allocutionem
638 1344 748 1371 tenet
767 1329 865 1371 serui
884 1331 1003 1384 glori-

340 1392 454 1441 antis,
477 1389 580 1442 quod
601 1388 758 1427 conlilio
780 1398 927 1426 tantum
939 1387 1003 1425 be·

340 1447 527 1487 neficium
549 1445 721 1496 dederit,
749 1445 801 1483 vti
830 1456 1002 1483 amorem

340 1507 377 1544 ei
420 1502 696 1542 difficillimum
735 1501 1000 1552 explicauerit.

339 1561 450 1606 cuius,
476 1570 604 1611 partes
635 1567 858 1601 enumerat,
897 1554 1001 1608 quod

339 1631 417 1657 eum
443 1616 600 1666 confecit
616 1612 697 1665 stne
723 1612 901 1664 molestia,
919 1612 1000 1665 fine

326 1673 480 1725 fillum,
521 1669 597 1720 fine
631 1670 831 1722 dispendio.
901 1668 1001 1709 Illud

338 1730 508 1769 maxime
548 1723 758 1780 prouidifi'e
804 1726 1000 1779 gloriatur,

338 1800 384 1826 vt
412 1785 617 1835 adolefiens
641 1785 874 1823 meretricum
901 1785 1002 1837 inge-

339 1846 404 1881 nia
439 1840 627 1893 morefilue
646 1843 905 1894 cognosceret,
943 1851 999 1884 vt,

339 1912 420 1945 cum
455 1899 614 1953 cognoui
642 1896 696 1945 ἐι,
723 1897 875 1948 fimper
901 1895 1001 1945 odifi

327 1956 405 2005 fit.
466 1956 510 1993 E.

395 2022 421 2051 2
448 2011 499 2049 Di
526 2007 684 2061 vostram
704 2004 837 2060 fidem]
876 2003 1000 2046 Modo

339 2081 420 2115 non
442 2066 661 2104 inuocantis
683 2063 756 2110 est,
788 2059 853 2101 sed
883 2062 1002 2101 admi-

338 2124 474 2169 rantis3
505 2132 544 2159 et
555 2120 609 2159 est
628 2119 753 2173 figura
773 2118 910 2165 ἐπιμονιὲ
929 2131 1002 2170 per

337 2178 522 2226 ἐκφῶνησιν
544 2175 655 2217 fagia.
713 2181 765 2218 D.
943 2214 945 2216 .

390 2233 557 2292 Qeodst
572 2233 666 2285 astu]
693 2231 904 2272 Seruiusin
915 2231 1000 2271 Vir-

339 2293 401 2343 gil.
424 2289 590 2334 Aeneid.
610 2302 680 2337 ΧΠ,
704 2291 797 2341 694.
853 2291 895 2328 L.

363 2393 369 2400 ..
391 2360 419 2400 4
448 2348 613 2397 Nambvt
634 2346 814 2390 omittam,
837 2345 937 2398 quod
963 2356 998 2383 et

339 2418 499 2443 amorem
530 2400 784 2455 diffi'cillimum
810 2414 846 2440 et
865 2397 1001 2454 cariffi-

336 2462 448 2508 mum]
488 2461 623 2511 Quum
658 2457 789 2498 dicere
825 2457 999 2503 deberet,

337 2517 438 2571 quod
453 2519 484 2554 ei
503 2529 665 2562 amorem
689 2528 724 2554 et
753 2513 1001 2567 difficillimum

340 2587 385 2629 et,
420 2570 634 2625 crirtffimum
668 2571 836 2622 conferi.-
874 2572 999 2622 primo

336 2629 441 2680 qnasi
482 2628 626 2668 oblitus
643 2626 746 2682 *dieu
782 2625 998 2678 superioris¹

1566 930 1715 982 Quam

1052 1048 1181 1090 transit
1214 1048 1263 1090 ad
1297 1050 1518 1105 virginem:
1565 1050 1712 1092 deinde

1054 1106 1162 1146 addit
1200 1103 1345 1146 causam
1392 1121 1441 1146 ex
1483 1107 1711 1148 abundanti.

1054 1161 1174 1213 Quod
1193 1161 1218 1200 fi
1246 1159 1416 1212 dixifl'et,
1447 1177 1609 1204 amorem
1630 1178 1711 1203 con-

1042 1219 1143 1270 feci:
1188 1216 1309 1270 poffet
1345 1220 1518 1274 intelligi
1554 1223 1708 1273 confici,

1054 1273 1257 1327 expediui,
1295 1274 1456 1328 perfeci.
1526 1279 1579 1316 At
1617 1290 1710 1316 vero

1052 1334 1241 1386 virginem
1267 1330 1424 1381 confici,
1455 1331 1548 1384 quid
1570 1333 1712 1373 intelli·

1053 1400 1201 1441 gemus,
1221 1387 1375 1427 uifihoc
1386 1401 1517 1437 vnum,
1538 1389 1711 1440 quodin·

1052 1443 1159 1483 saltat
1179 1446 1370 1484 Parmeno
1394 1444 1613 1484 confeeiam
1641 1448 1712 1485 vir-

1053 1501 1212 1554 ginem:
1244 1500 1347 1552 quali
1370 1500 1472 1541 dicat
1492 1498 1710 1552 superatam

1051 1569 1167 1608 atque
1186 1555 1398 1597 demetam?
1428 1561 1527 1598 Nam
1553 1561 1710 1610 proprie

1050 1612 1124 1652 hoc
1161 1612 1321 1652 verbum
1357 1615 1541 1655 conuenit
1568 1615 1711 1668 gladia-

1049 1668 1194 1709 toribus
1213 1670 1280 1717 iis,
1307 1670 1373 1721 qui
1391 1670 1617 1724 grauissimis
1637 1673 1713 1711 vul-

1050 1726 1213 1766 neribus
1234 1725 1510 1766 occubuerunt.
1567 1729 1630 1768 Sic
1647 1729 1711 1769 Ci-

1052 1796 1142 1823 cero
1172 1782 1216 1821 in
1243 1782 1453 1823 Catilinam
1483 1785 1551 1835 (11
1571 1788 1593 1831 ,“
1625 1787 1710 1837 11.)

1053 1839 1269 1879 Gladiatori
1294 1837 1351 1878 illi
1372 1841 1536 1891 confido
1564 1853 1600 1880 et
1616 1840 1706 1891 finc-

1052 1898 1120 1934 cio.
1182 1895 1383 1942 Conuenit
1395 1908 1490 1947 ergo
1504 1892 1708 1938 seruilibus

1051 1949 1193 1995 verbis,
1213 1959 1253 1988 et
1269 1950 1375 1989 velut
1398 1949 1525 1991 iocose
1553 1956 1709 1994 vernili-

1049 2018 1187 2058 terque
1207 2006 1376 2053 iasslanfi,
1398 2021 1478 2046 rem
1490 2008 1707 2051 conseeram
1730 2007 1739 2021 ⁸
1797 2004 1803 2010 ”

1051 2059 1130 2102 esse
1146 2063 1187 2101 in
1208 2063 1337 2113 puella
1360 2063 1530 2116 virgine,
1558 2075 1597 2104 et
1624 2081 1708 2107 non

1051 2118 1239 2159 exhibere
1275 2117 1475 2159 Chaereae
1519 2120 1708 2164 damnum

1052 2176 1116 2216 vel
1137 2174 1353 2228 negotium.
1406 2179 1456 2217 D.

1102 2235 1173 2271 Pro
1201 2234 1372 2272 omittam
1389 2232 1495 2271 reste
1512 2233 1643 2273 Bemb.
1669 2247 1709 2275 et

1050 2287 1130 2327 duo
1149 2298 1240 2328 vett.
1252 2300 1283 2326 -ε
1304 2287 1439 2328 nostris
1458 2288 1605 2331 habent
1622 2296 1709 2332 mit-

1046 2358 1135 2385 tam.
1176 2381 1181 2398 '¹
1197 2348 1238 2384 Β.

1103 2413 1127 2454 ς
1157 2399 1214 2439 Ab
1240 2402 1430 2440 meretrice
1457 2415 1600 2444 auara:
1627 2407 1706 2443 vir-

1048 2459 1172 2512 ginem
1200 2469 1322 2509 quam.
1343 2457 1511 2513 amabat]
1552 2458 1707 2499 Α’ποσιῶ-

1048 2529 1146 2562 πῃσις
1182 2509 1361 2552 secunda.
1418 2515 1705 2568 Diffi'cillimum,

1050 2571 1139 2622 quia
1166 2570 1361 2623 virginem
1392 2583 1508 2622 quam
1535 2573 1706 2613 amabat:

1051 2624 1298 2680 Carzffimum7
1343 2626 1434 2678 quia
1458 2643 1478 2669 a
1504 2630 1706 2669 meretrice

1592 2699 1705 2725 auara
