1815 3168
534 109 1090 165 ,HEAVTONTIM

1403 113 1500 171 647

134 289 137 292 ⁴
169 252 227 284 ιο
260 237 321 283 At
354 233 407 283 sic
445 237 619 300 opinor.
658 252 750 282 non
775 233 933 300 potest.
971 238 1110 283 immo
1133 246 1328 301 optume.
1361 235 1498 299 euge!

359 310 500 357 habeo
524 321 768 374 optumam.

259 387 490 433 Retraham
513 385 671 437 hercle,
706 388 880 450 opinor,
917 385 970 433 ad
989 402 1061 434 me
1080 386 1199 433 idem
1216 387 1328 435 illud
1348 366 1493 450 fugiti-

357 477 467 506 uum
488 469 718 521 argentum
738 474 897 512 tamen.

133 601 506 658 FACTVS
570 606 930 666 QVARTI
982 607 1274 661 SCENA
1325 608 1416 660 111.

512 696 782 737 CLINIA.

851 696 1091 738 SYRVS.

248 826 349 939 N
366 852 394 880 v
417 850 443 878 L
466 849 491 878 L
513 850 539 877 A
579 832 689 879 mihi
719 849 788 880 res
807 821 1000 899 ‘posthac
1018 831 1161 900 potest
1182 837 1269 885 iam
1295 839 1483 885 interue-

481 910 576 954 nire
601 918 731 961 tanta,

251 987 377 1039 Quae
400 984 510 1029 mihi
535 984 853 1043 aegritudinem
875 983 1047 1034 afferat:
1081 996 1199 1035 tanta
1226 987 1333 1036 haec
1365 989 1481 1038 laeti-

343 1062 401 1106 tia
423 1059 577 1105 oborta
597 1057 670 1107 est.

108 1273 262 1314 ponere
280 1257 425 1302 solent:
457 1259 707 1312 etaffilmma1e2
729 1273 770 1303 et

109 1317 292 1357 refellere
325 1317 430 1370 quod
463 1318 507 1358 fit
541 1318 767 1358 faciendum

108 1375 171 1413 vel
220 1374 551 1426 relinquendum.
604 1375 767 1414 Tantun-

106 1429 209 1483 dem]
240 1429 276 1467 h.
299 1443 334 1469 e.
368 1433 438 1469 Ta·
431 1441 541 1469 uum
567 1430 765 1480 ptoficiam

105 1487 148 1523 in
176 1485 251 1523 hoc
269 1478 470 1533 faciendo,
505 1498 703 1538 quantum
721 1487 763 1525 in

103 1542 181 1580 alio
207 1542 458 1593 praecedenti
492 1543 644 1581 iamiam
673 1556 764 1581 con·

102 1596 240 1637 furato.
337 1599 570 1637 Tantundem
626 1598 761 1653 egem]

101 1656 230 1696 Haec
233 1651 461 1692 consultatio
476 1653 519 1693 fit
543 1656 670 1706 aSyro
692 1668 762 1707 per

101 1710 455 1748 zatiocinationem.
511 1712 556 1751 C

154 1765 278 1818 Quid,
311 1763 356 1815 fi
374 1765 497 1819 hod]
538 1766 760 1818 Cogitantis

100 1823 253 1867 animo,
281 1820 384 1872 quasi
403 1821 497 1860 dum
526 1823 647 1860 multa
664 1822 761 1860 deli-

98 1875 274 1916 berando
296 1878 456 1927 quaerit,
476 1877 630 1916 inuenit
643 1890 758 1928 quae-

98 1932 213 1981 dam,
261 1946 343 1971 non
382 1933 521 1983 placita
566 1933 757 1984 repudiat.

97 1988 186 2030 Post
214 1987 255 2026 id
282 1988 387 2039 quod
419 1987 461 2027 fit
487 1989 675 2040 optimum
700 1990 758 2027 in-

97 2040 247 2085 uenifl'e
272 2042 310 2084 se
334 2044 447 2091 dicit,
477 2055 514 2083 vt
534 2044 582 2083 ad
605 2042 641 2083 se
661 2044 757 2083 illud

94 2110 372 2153 argumentum
406 2113 590 2140 reuocare
628 2101 753 2152 possit,

96 2155 205 2208 quod
226 2153 413 2195 omiserat.
466 2158 510 2195 E.

151 2209 290 2252 Versus
309 2209 416 2252 causa
435 2225 507 2264 pro
529 2225 637 2268 egero
664 2211 753 2264 lege

94 2280 183 2322 ago.
239 2271 282 2309 Β.

153 2389 205 2419 10
232 2377 298 2418 Sic
335 2380 485 2434 opinor]
523 2381 622 2420 Nam
653 2391 755 2430 quae

94 2436 299 2487 opinamur,
313 2447 489 2487 putamus
499 2451 513 2472 :
532 2448 633 2487 quae
641 2447 755 2487 puta-

91 2503 174 2530 mus
209 2491 354 2530 incerta
373 2489 467 2530 sunt.
521 2492 656 2545 Immo]
686 2491 754 2539 Illa

90 2547 244 2585 ratione
272 2547 508 2598 aliquamdiu
547 2544 752 2599 pe1-spc&a‚

91 2602 282 2658 cognouit
305 2615 389 2644 eam
417 2600 494 2643 effe
519 2602 687 2652 bonam,
715 2611 755 2642 et

1346 1140 1476 1187 Dedo

818 1273 910 1303 tunc
929 1260 967 1304 se
983 1264 1149 1318 corrigit}
1203 1263 1355 1320 Euge!]
1384 1267 1476 1306 vox

816 1321 994 1360 laetantis
1022 1321 1104 1360 eius
1124 1320 1191 1372 qui
1208 1324 1396 1373 optimum
1414 1322 1474 1360 in

813 1376 968 1415 uenerit
988 1376 1194 1417 confilium.
1251 1377 1296 1417 C.
1447 1395 1450 1399 ’

876 1443 892 1472 1
911 1444 929 1473 1
977 1433 1198 1487 Fugittuum
1247 1431 1471 1487 argentum]

813 1490 951 1527 Facete
961 1497 1000 1526 et
1018 1489 1234 1527 ioculariter
1250 1487 1378 1527 seruili
1392 1501 1472 1527 mo-

813 1544 864 1583 do
885 1543 936 1582 de
954 1557 1110 1598 argento
1129 1554 1312 1596 tanquam
1333 1543 1382 1582 de
1408 1543 1473 1582 ho-

811 1602 906 1639 mine
923 1598 1032 1640 dixit.
1088 1600 1134 1639 C.

869 1667 887 1696 Ι
929 1654 1045 1694 Nulla
1087 1654 1179 1695 mihi
1211 1669 1269 1695 res
1299 1654 1468 1709 posthac]

811 1711 940 1751 Nimia
959 1711 1113 1752 Cliniae
1132 1711 1361 1762 laetitiaexp
1365 1712 1470 1750 rimi-

811 1777 871 1806 tur
882 1766 932 1805 de
950 1767 1149 1820 recognita
1159 1765 1372 1817 Antiphila,
1391 1780 1468 1817 qua

810 1822 1059 1874 praepeditus
1089 1822 1152 1861 vix
1173 1821 1297 1873 potest
1323 1822 1466 1861 adduci

809 1892 830 1916 a
858 1880 957 1932 Syro
998 1889 1037 1917 vt
1069 1877 1289 1930 Clitiphom
1319 1875 1467 1917 succur-

809 1944 876 1973 rat.
932 1934 980 1976 C.

859 1990 974 2030 Nulla
1001 1992 1073 2030 iam
1093 1989 1186 2029 mihi
1206 1990 1280 2044 res]
1310 1991 1465 2032 Anacu-

808 2045 861 2084 tio
881 2045 934 2085 est
953 2046 1106 2086 Cliniae
1135 2043 1352 2086 exsultantis
1371 2060 1466 2109 gau-

809 2100 894 2150 dio,
926 2102 1031 2152 quod
1050 2100 1108 2141 sua
1128 2103 1250 2141 amica
1270 2101 1311 2141 fit
1331 2103 1466 2156 cogni-

804 2167 853 2196 ta.
907 2160 963 2197 Ita
991 2157 1083 2196 dicit
1111 2169 1285 2197 mentem
1304 2155 1407 2197 suam
1425 2173 1465 2197 ο-

805 2222 979 2252 neratam
1006 2213 1167 2266 gaudie,
1197 2225 1236 2253 vt
1265 2214 1372 2253 nulla
1402 2227 1464 2253 res

805 2269 918 2320 poffit
936 2268 1206 2318 intercedere,
1240 2283 1342 2321 quae
1371 2269 1465 2309 affe

805 2334 864 2363 rat
883 2324 1184 2377 aegritudinem.
1232 2328 1465 2388 Aegritudi-

804 2393 881 2418 nem
903 2380 1017 2427 dixit,
1046 2394 1114 2432 pro
1136 2393 1222 2434 aega
1212 2381 1397 2425 ·im0nia
1422 2382 1461 2420 id

804 2435 866 2484 est,
894 2434 1038 2475 tristitia
1058 2436 1360 2476 velinfirmitate.
1391 2441 1433 2477 E.

857 2502 883 2531 2
910 2493 1189 2546 Aegritudinem
1207 2492 1356 2547 affirat]
1386 2496 1423 2531 ’1
1425 2507 1462 2531 a·

803 2547 842 2586 le
858 2557 897 2585 et
917 2547 1029 2596 illud,
1057 2547 1223 2590 Deorum
1240 2552 1357 2591 vitam
1377 2550 1462 2589 ade-

798 2603 861 2656 pti
875 2602 1022 2653 fiamus.
1080 2606 1125 2647 C.

918 2661 942 2702 S
958 2673 974 2699 s
1002 2671 1031 2713 4
