1815 3168
767 192 1057 239 ANDRIA.
1513 198 1575 253 89

355 328 431 377 Ita,
453 319 680 388 postquam
703 320 871 368 ademta
891 319 983 384 spes
1007 315 1082 366 est,
1109 312 1234 364 laffus
1249 351 1263 370 ,
1299 334 1400 364 cura
1432 321 1575 366 confe-

456 396 552 444 &us
564 434 576 450 ,
612 395 768 461 stupet.

233 523 238 527 ,
287 490 315 536 5
355 471 393 521 B
408 487 453 519 Y.
495 472 664 527 Quaeso
687 470 884 535 aedepol,
912 469 1114 521 Charine,
1138 469 1346 529 quoniam
1367 484 1460 514 non
1481 479 1578 533 pot-

453 545 511 593 est
536 546 643 599 fieri,
667 546 786 609 quod
808 546 927 598 velis,

354 623 407 670 Id
428 623 556 675 velis,
591 621 709 685 quod
731 619 872 686 poffit·
916 616 1024 672 CH.
1060 617 1170 666 nihil
1191 617 1296 666 volo
1320 617 1460 672 aliud,
1498 617 1578 666 nifi

449 698 770 745 Philumenam.

225 892 429 943 Vtrumque
450 891 647 943 pendentis
670 890 788 928 animi
815 887 873 939 est,

219 960 417 999 utrumque
440 948 580 999 futuri
607 945 876 998 exspee‘tatione

1492 768 1523 811 B
1536 782 1580 811 Y.

927 888 1068 928 Comici
1079 884 1271 938 fintentia
1287 898 1363 924 non
1381 887 1499 925 minus
1523 899 1583 925 ve-

924 958 967 982 ra
994 942 1059 995 est:
1089 942 1278 996 Qtoniam
1308 955 1383 980 non
1405 941 1524 994 potest
1544 940 1586 982 id

209 1002 380 1055 solliciti.
414 1003 624 1056 Eleganter
651 1001 775 1043 Achil.
799 1004 876 1041 Ta·
917 998 1009 1052 fieri
1028 999 1128 1053 quod
1145 1002 1203 1038 vis
1212 1013 1228 1041 ;
1253 998 1295 1037 id
1305 996 1393 1036 velis
1404 996 1482 1047 dyc.
1513 1001 1552 1037 L.

223 1060 296 1098 tius
318 1058 384 1098 lib.
405 1072 437 1097 v.
476 1058 539 1101 τῆν
569 1059 678 1104 ψυχήν
706 1056 796 1103 εἶχον
822 1060 876 1092 ἐπὶ

221 1120 379 1163 τρυτάνης
412 1119 537 1158 ἐλπίδος
569 1123 623 1151 καὶ
660 1111 767 1160 φόβε.
821 1118 875 1150 καὶ

221 1176 375 1219 ἐφοβεῖτο
401 1173 446 1216 μῦ
464 1170 505 1208 *ro*
524 1174 674 1219 ἐλπίζον,
708 1176 763 1207 καὶ
783 1166 877 1212 s'q‘mrc-

222 1232 280 1275 ξεν
314 1227 358 1265 ‘rox
394 1225 584 1273 φοβέμενον.
621 1226 759 1279 Virgil.
802 1228 877 1265 Ae·

224 1282 329 1323 neid.
368 1295 401 1324 1..
468 1283 637 1336 Spemque
670 1292 878 1334 metumque

225 1341 325 1379 inter
351 1337 468 1378 dubii.
523 1341 562 1379 L.

279 1408 308 1448 4
335 1391 458 1445 Laffits
478 1393 582 1447 cura]
609 1406 658 1432 ex
677 1391 880 1442 praeterita

223 1448 311 1502 spe:
343 1463 446 1488 nunc
468 1450 674 1499 Cmffec‘ius,
688 1447 726 1486 id
747 1445 811 1495 est,
831 1446 879 1485 fic

224 1506 465 1553 vulneratus,
501 1515 567 1543 aut
594 1499 806 1556 percussus,
839 1511 881 1540 vt

224 1560 345 1602 sanari
377 1575 459 1600 non
490 1561 608 1612 poffit.
667 1557 812 1611 Laffits]
844 1570 881 1595 a·

225 1617 355 1656 demta
390 1618 610 1655 attentione.
668 1615 767 1654 Cura
799 1625 882 1651 con·

213 1672 361 1727 fea‘lus]
382 1670 603 1710 confirmato
615 1671 764 1708 timore.
795 1670 880 1708 Stu-

221 1730 302 1783 pet]
323 1723 556 1778 abiei‘mspe.
610 1728 660 1765 D.
687 1760 690 1761 γ

280 1796 303 1837 5
342 1782 592 1835 ohim-gantis
632 1780 688 1819 est
720 1777 880 1835 Qaqlb,

223 1840 287 1879 vel
309 1840 423 1879 etiam
453 1837 633 1891 rogantis.
690 1835 881 1891 Qoniam

225 1909 298 1936 non
322 1893 455 1948 potest]
501 1890 724 1935 Consolatio
753 1890 801 1930 ad
827 1890 879 1938 id,

222 1951 329 2003 quod
350 1949 433 1989 fieri
449 1962 532 1989 non
549 1947 685 2001 potest,
705 1946 880 1995 suadens,

223 2008 275 2048 Id
298 2006 387 2045 velis
419 2005 519 2059 quod
547 2002 669 2060 poffit.
721 2006 882 2045 Prouer·

225 2064 338 2104 biale.
395 2063 447 2102 D.

279 2118 393 2173 Qod
424 2119 484 2157 vis
517 2130 593 2156 non
617 2113 754 2168 potest,
791 2112 882 2154 velis

225 2175 284 2230 id]
314 2173 518 2228 Augustin.
541 2172 591 2213 de
600 2173 716 2212 Ciuit.
728 2170 791 2210 lib.
802 2183 883 2209 xlv.

226 2245 302 2283 cap.
322 2245 382 2270 xv.
401 2241 441 2270 et
458 2243 546 2268 xxv.
594 2229 709 2268 Viuat
728 2239 771 2266 vt
787 2226 883 2274 vult,

227 2289 400 2342 quoniam
430 2284 584 2338 extorfit
600 2283 742 2338 fibique
771 2284 882 2334 impe·

229 2345 333 2383 rauit
348 2356 422 2382 non
443 2340 549 2388 velle,
581 2342 685 2393 quod
699 2351 775 2378 non
791 2350 879 2391 pot-

231 2397 288 2448 qll,
314 2411 420 2451 atque
438 2391 505 2436 boc
525 2395 614 2435 velle
631 2395 733 2448 quod
753 2392 880 2447 potest.

231 2455 333 2494 Sicut
359 2456 414 2492 ait
439 2454 639 2493 Terentius.
696 2450 883 2504 Qconiam

230 2523 306 2549 non
319 2509 432 2562 potest
451 2506 591 2558 idfieri
609 2508 712 2562 quod
730 2509 810 2553 vis,
842 2505 884 2544 id

231 2565 322 2604 velis
342 2565 438 2618 quod
451 2563 580 2616 poffis:
607 2565 716 2605 ldem
737 2561 786 2601 de
807 2562 883 2600 vita

229 2620 366 2662 beata:
405 2620 551 2660 Etenim
584 2634 621 2670 et
645 2619 706 2660 illa
731 2617 884 2671 eiusdem

977 1060 1052 1096 Pro
1088 1056 1264 1107 quoniam
1306 1053 1402 1094 Cod.
1443 1056 1585 1107 Regius

925 1110 1047 1150 habet
1073 1112 1237 1163 quando,
1269 1108 1317 1148 fic
1339 1109 1469 1148 laudat
1491 1123 1586 1162 quo·

927 1180 1004 1219 que
1020 1168 1148 1206 locum
1170 1168 1346 1205 Donatus
1362 1164 1410 1204 ad
1429 1170 1532 1206 Aen.
1550 1179 1584 1214 v,

926 1234 1021 1276 704.
1052 1233 1091 1262 et
1116 1219 1208 1261 sane
1241 1222 1378 1260 melius
1400 1222 1587 1262 conuenit

928 1276 1065 1327 sensui,
1085 1288 1123 1316 vt
1142 1278 1242 1316 infra
1263 1291 1315 1325 xv,
1336 1290 1371 1330 ς,
1397 1289 1460 1319 10.
1491 1281 1585 1318 Cae-

929 1345 1013 1374 tera
1053 1336 1220 1374 Faernus
1260 1332 1483 1372 ernendauit
1520 1334 1585 1381 ita,

928 1403 1002 1429 non
1033 1388 1150 1442 potest
1178 1389 1218 1428 id
1237 1387 1344 1440 fieri,
1391 1391 1491 1441 quod
1515 1393 1584 1429 vis.

930 1445 1059 1486 Reae.
1119 1447 1160 1484 Β.

981 1503 1008 1543 6
1029 1499 1142 1539 Nihil
1149 1499 1272 1553 aliud]
1291 1500 1508 1552 Hocmagis
1520 1512 1587 1553 ge·

929 1556 1024 1596 mitu
1042 1556 1237 1607 amatorie,
1261 1569 1375 1606 quam
1387 1554 1588 1606 vtrespon-

931 1611 1040 1650 deret
1073 1611 1279 1663 Byrrhiae,
1325 1610 1436 1650 dicit:
1484 1610 1587 1662 quasi

922 1668 1053 1720 'magis
1065 1666 1332 1704 Philumenam
1350 1668 1452 1713 velit,
1471 1680 1589 1718 quam

929 1724 1046 1762 vitam
1081 1731 1121 1760 et
1151 1722 1289 1760 lucem.
1345 1721 1456 1760 Idem
1483 1721 1588 1768 alibi,

929 1778 974 1817 In
994 1791 1034 1816 eo
1056 1790 1111 1816 me
1140 1775 1300 1826 οὐΙςὲἶοε
1313 1777 1442 1829 sblum
1468 1777 1514 1829 est
1533 1792 1589 1816 ca-

930 1846 1013 1873 rum
1052 1832 1156 1872 mihi.
1210 1835 1300 1873 Non
1335 1833 1442 1873 enim
1480 1833 1589 1882 dixit,

931 1889 1085 1935 Nullam
1102 1889 1189 1929 volo
1207 1889 1338 1936 aliam,
1367 1902 1481 1940 quam
1499 1889 1589 1928 Phia

930 1946 1126 1984 lumenam
1138 1958 1146 1983 :
1162 1941 1238 1984 >sed
1258 1943 1355 1983 nihil
1366 1946 1453 1984 volo
1463 1945 1565 1983 aliud
1577 1960 1588 1985 t

931 2000 1037 2053 quod
1054 1998 1251 2039 infinitum
1269 1999 1334 2040 est.
1362 2000 1443 2055 Qi
1462 2001 1586 2055 zflum]

929 2056 1020 2112 Qi,
1040 2070 1112 2108 pro
1130 2067 1180 2096 vt.
1233 2058 1284 2096 D.

990 2110 1081 2162 Nist
1097 2111 1365 2167 Philumenam]
1411 2110 1588 2167 Augusti-

930 2182 1002 2210 nus
1025 2167 1075 2209 de
1093 2168 1213 2210 Ciuit.
1230 2167 1385 2207 lib.x1v.
1398 2181 1479 2219 cap.
1492 2181 1586 2208 v111.

931 2225 1043 2278 Apud
1058 2226 1266 2265 Terentium
1277 2222 1487 2278 flagitiosus
1500 2224 1589 2263 ado-

930 2280 1062 2331 lefiens
1093 2280 1222 2330 insana
1246 2278 1416 2335 flagrans
1443 2280 1591 2332 cupidi-

930 2350 986 2383 ne,
1007 2335 1120 2376 Nihil
1129 2337 1213 2375 volo
1225 2337 1337 2384 aliud,
1366 2339 1500 2389 inquit,
1519 2334 1598 2387 nist

931 2393 1194 2432 Philumenam.
1264 2392 1389 2445 Quam
1420 2393 1590 2431 volunta-

931 2462 1002 2489 tem
1014 2447 1132 2501 juiffi}
1151 2446 1359 2496 libidinem,
1397 2447 1590 2500 responsio,

932 2518 1023 2559 quae
1041 2503 1095 2543 ibi
1103 2503 1210 2554 strui
1226 2505 1301 2543 eius
1308 2503 1472 2555 finiaris
1485 2504 1592 2542 indu-

934 2564 1039 2608 citur,
1048 2560 1147 2613 stm's
1163 2560 1332 2604 indicam
1358 2561 1413 2600 ait
1436 2572 1591 2612 namque

931 2617 1077 2658 domino
1088 2616 1186 2667 fico:
1222 2615 1378 2672 Quum
1403 2614 1527 2672 satius
1553 2628 1592 2713 τὲ·

1043 2675 1071 2714 F
1101 2684 1126 2726 ς
1532 2672 1562 2711 a·
1631 2710 1633 2712 ,
