1815 3168
551 107 972 156 EVNVCHVS.

1344 120 1446 173 415⁷

210 237 387 288 Vestem
411 252 588 284 omnem
611 234 761 281 misere
781 233 965 281 discidit:
1002 243 1098 281 tum
1130 237 1263 302 ipsam
1289 240 1446 304 capillo

311 313 529 361 conscidit.

147 409 174 457 ς
218 391 316 439 Pu.
353 382 498 437 Hem!
537 384 572 433 P
588 400 634 454 Y·
667 386 743 449 qui
762 401 882 430 nunc
901 383 931 430 si
953 383 1080 430 detur
1099 385 1232 442 mihi3

216 471 278 516 Vt
299 481 381 524 ego
414 461 634 523 vnguibus
668 460 790 509 facile
821 459 885 507 illi
905 461 953 507 in
976 460 1126 509 oculos
1153 462 1350 510 inuolem
1374 482 1444 512 ve·-

312 536 453 588 nefico
467 534 481 589 l

82 763 155 802 vix
171 773 317 801 carcere
342 760 492 816 dignus.
547 758 741 814 Postquam

83 816 292 868 ludificatus
317 816 369 868 est·
391 818 585 870 virginem]
617 823 741 869 Argu-

83 885 263 916 mentum
284 871 330 911 ab
351 871 407 910 his
428 885 525 922 quae
554 869 639 911 sunt
660 871 742 924 post

85 930 292 983 negotium
313 927 559 979 (prostenium
590 931 648 978 Z.)
677 941 743 981 ge-

84 985 150 1025 sta.
202 988 249 1024 Et
264 983 373 1031 mire,
409 983 602 1036 Postquam
623 983 744 1034 ludifi-

86 1054 189 1081 catus
221 1040 283 1090 est,
311 1038 478 1091 Discidit
509 1040 626 1079 dixit:
657 1052 745 1078 cum

85 1098 154 1138 ille
173 1096 372 1144 videlicet,
405 1095 498 1134 dum
517 1097 628 1148 virgo
648 1096 746 1135 relu-

87 1155 226 1202 θεων,
270 1152 347 1190 hoc
372 1150 517 1191 fecerit.
573 1154 621 1192 Et
646 1153 745 1191 mire

85 1207 266 1260 expreffit
291 1209 425 1246 vitium
442 1208 588 1247 illatum
606 1207 748 1261 virgini

87 1264 136 1304 ab
157 1277 205 1302 eo
225 1263 402 1314 quidem,
430 1264 498 1314 qui
517 1264 651 1301 vitiare
669 1265 748 1302 iam

89 1317 215 1371 posset
232 1335 239 1359 :
271 1316 334 1358 sed
353 1329 484 1357 tamen
503 1316 692 1357 eiusmodi
712 1332 748 1356 a·

89 1373 364 1422 dulescentum,
391 1375 496 1413 euius
519 1385 675 1426 propter
692 1385 748 1412 te-

93 1445 205 1471 neras
234 1429 357 1468 adhuc
382 1430 478 1468 vires
514 1430 749 1482 ad‘expleu-

94 1488 185 1527 dam
205 1499 407 1533 venerem,
437 1486 618 1538 longiore
648 1499 751 1524 noxa

94 1544 226 1595 (lege,
257 1543 318 1580 vel
337 1555 459 1588 mora,
485 1542 545 1581 vel
561 1545 660 1591 rixa,
689 1542 751 1581 vel

94 1599 210 1650 luera)
241 1594 417 1636 aduersus
435 1598 625 1649 virginem
645 1608 750 1636 vten—

96 1657 190 1695 dum
207 1652 291 1692 fuit.
351 1655 449 1692 Nam
475 1652 566 1691 ideo
597 1663 750 1704 praeter

97 1709 336 1750 occasionem
361 1708 533 1747 familiae
551 1708 750 1748 disceden-

96 1768 165 1815 εἰς,
194 1776 368 1816 tempus,
393 1766 516 1813 locus,
545 1777 583 1804 et
601 1775 751 1804 caetera

94 1821 271 1863 attributa
282 1821 457 1872 negotio,
468 1821 583 1859 etiam
598 1819 750 1859 somnus

96 1876 290 1930 virginem
322 1878 566 1927 opprimens,
596 1876 752 1915 adiuuat

95 1935 325 1976 Chaeream.
382 1936 432 1972 Et
448 1933 546 1970 mire
567 1930 752 1982 Ludifica-

98 2005 163 2033 της
183 1989 328 2041 potius,
371 2001 497 2039 quam,
527 1989 751 2039 complexus

98 2047 163 2093 est,
182 2055 245 2084 aut
264 2045 341 2082 tale
364 2043 520 2095 aliquid,
540 2044 643 2095 quod
653 2058 754 2084 amo-

101 2115 186 2144 rem
203 2100 404 2140 indicaret.
461 2102 510 2140 D.

162 2155 385 2208 Ludificazus
413 2155 475 2207 est]
518 2158 590 2195 Pei·
619 2153 755 2194 ludum

104 2224 147 2255 et
166 2215 292 2255 iocum
311 2211 429 2255 ixi-isit.
481 2213 524 2251 E.

1348 619 1444 663 Pu.

788 769 882 800 nem
907 757 1128 798 1·elu&atam
1154 754 1243 798 esse.
1305 757 1399 798 Tum
1419 761 1449 796 i-

787 815 890 867 pfizm
930 814 1058 868 capillo
1089 814 1282 867 conscidit]
1320 816 1446 855 Multo

790 872 949 919 melius,
984 884 1099 922 quam
1121 869 1148 908 fi
1177 869 1341 919 diceret,
1377 872 1446 911 Ca-

784 925 913 980 pillum
933 926 988 966 illi
1009 926 1193 976 confiidit.
1250 930 1302 969 D.

847 983 1046 1024 Bentleius
1082 981 1222 1031 edidit,
1272 981 1449 1032 mifi’rae5

795 1039 901 1090 quod
918 1040 1048 1078 minus
1068 1039 1213 1090 placet:
1244 1038 1335 1089 quia
1363 1039 1449 1092 Ipsa

794 1097 837 1134 in
872 1093 1047 1134 membro
1076 1091 1261 1146 sequente
1289 1097 1452 1146 opponi-

796 1161 858 1190 tur
883 1149 973 1202 Vesti
1001 1153 1113 1189 omni.
1143 1149 1234 1189 Vid.
1262 1151 1306 1188 cl.
1329 1154 1453 1190 Esne-¹

796 1206 841 1246 sti
860 1206 908 1246 ad
927 1207 968 1246 11.
989 1211 1023 1252 ἐι,
1034 1218 1073 1257 4,
1092 1205 1156 1245 vbi
1177 1203 1390 1257 dffputatui·
1401 1207 1452 1248 de

798 1264 836 1303 vi
856 1262 1100 1315 pronominis
1125 1261 1238 1305 ᾰυτδς.
1292 1265 1333 1304 Ζ.

855 1374 882 1414 6
913 1372 979 1412 Vti
997 1385 1063 1427 ego
1081 1371 1265 1428 vnguibus
1273 1373 1391 1424 facile
1411 1373 1454 1413 il-

799 1428 829 1468 Ii
860 1431 899 1466 in
930 1428 1048 1467 oculos
1081 1428 1258 1483 inuolem]
1303 1432 1453 1470 Nonne

800 1483 921 1522 credis
945 1484 1119 1537 Pythiam
1146 1484 1187 1523 id
1208 1487 1451 1536 comminari,

801 1539 904 1590 quod
933 1554 955 1578 a
983 1541 1138 1593 virgine
1166 1542 1295 1579 minus
1315 1540 1456 1583 saaum

797 1595 866 1635 fit?
897 1595 1015 1646 quod,
1038 1596 1280 1648 quiapuella,
1291 1610 1373 1635 non
1387 1611 1458 1650 po·

798 1651 883 1689 tuit.
939 1650 1160 1706 Vnguibus]
1207 1652 1360 1701 Quibus
1401 1668 1457 1692 ar-

799 1716 924 1745 matur
960 1705 1022 1757 hic
1055 1705 1172 1746 sexus.
1226 1708 1274 1747 In
1310 1709 1456 1763 oculos]

802 1762 917 1813 Quasi
939 1765 1106 1802 amatori.
1168 1761 1348 1818 Venefico]
1369 1767 1458 1804 Mu-

801 1819 899 1857 tanti
916 1817 1097 1858 homines
1115 1821 1343 1870 <Eoec'lerus
1354 1822 1460 1860 reete

801 1885 966 1913 acumen
988 1873 1064 1913 hoc
1085 1876 1379 1915 Grammaticale
1399 1878 1459 1915 in-

801 1931 922 1981 eptias
954 1941 1077 1970 vocat.
1134 1932 1280 1972 Melius
1313 1936 1459 1985 migra·-

800 1986 948 2038 phius),
967 1997 1007 2024 et
1025 2000 1074 2025 ex
1090 1987 1305 2040 virginibus
1323 1989 1461 2026 mulie·

801 2055 862 2081 res
879 2041 1048 2082 facienti.
1105 2047 1170 2083 An
1189 2041 1345 2094 venefico
1362 2058 1461 2083 ama-

804 2100 906 2138 tori?
932 2099 1024 2149 quia
1049 2111 1156 2137 amor
1176 2111 1377 2145 venenum
1399 2113 1451 2139 oc,

805 2156 950 2193 cultum
975 2154 1040 2195 est.
1072 2164 1111 2194 vt
1131 2155 1241 2208 Virg.
1273 2157 1396 2207 (Aen.
1429 2172 1458 2203 ς,

804 2211 922 2261 688.)
956 2210 1145 2249 Occultum
1162 2210 1313 2263 inspires
1325 2213 1459 2267 ignem,

161 2260 652 2323 Ludificcitusefflvirginem]
681 2267 757 2308 Pri·
793 2265 980 2319 fallasque
1001 2280 1145 2306 veneno.
1203 2270 1251 2308 Et
1268 2269 1394 2318 (Aen.
1422 2280 1456 2315 1,

104 2322 217 2372 teian.
235 2324 299 2363 lib.
321 2337 397 2364 nx.
452 2326 493 2364 L.

162 2449 191 2489 4
222 2434 354 2486 Vestem
381 2448 519 2477 omnem
542 2436 669 2489 ’msere
687 2435 758 2487 dist

107 2492 215 2542 cidit]
245 2493 353 2531 Adeo
379 2503 416 2531 vt
446 2506 529 2531 non
548 2506 680 2532 amore
700 2493 756 2532 fe·

109 2549 214 2588 cerit,
235 2544 297 2586 sed
316 2548 466 2589 initu-ia.
521 2552 570 2589 Et
590 2548 688 2597 vide,
719 2559 758 2587 vt

109 2616 159 2644 ex
176 2603 233 2649 his
252 2615 442 2657 appareat,
463 2606 625 2646 multum
646 2606 756 2658 virgi-

805 2325 942 2374 749.),
986 2323 1222 2378 Longumque
1249 2321 1396 2364 bibebat
1423 2339 1460 2363 ιε-

805 2392 954 2418 morem.
1009 2381 1071 2426 D„
1416 2388 1418 2391 ’

864 2435 916 2474 Vt
942 2448 1009 2490 ego
1035 2434 1222 2489 vnguibus
1238 2435 1378 2490 fictile]
1415 2437 1462 2477 In

806 2492 890 2531 eius
913 2491 1045 2530 oculos
1067 2491 1259 2544 vnguibus
1286 2495 1384 2532 meis
1406 2494 1465 2532 in·

805 2548 947 2586 uolem.
1016 2546 1209 2606 Venefico]
1254 2548 1458 2598 Scelerato:

804 2604 917 2648 malm
973 2606 1017 2647 E,
