<?xml version="1.0" encoding="UTF-8"?>
<!DOCTYPE html PUBLIC "-//W3C//DTD XHTML 1.0 Transitional//EN"
    "http://www.w3.org/TR/xhtml1/DTD/xhtml1-transitional.dtd">
<html xmlns="http://www.w3.org/1999/xhtml" xml:lang="en" lang="en">
 <head>
  <title>
</title>
<meta http-equiv="Content-Type" content="text/html;charset=utf-8" />
  <meta name='ocr-system' content='tesseract 3.04.00' />
  <meta name='ocr-capabilities' content='ocr_page ocr_carea ocr_par ocr_line ocrx_word'/>
</head>
<body>
  <div class='ocr_page' id='page_1' title='image "./comoediaesexexre01tereuoft_0332.png"; bbox 0 0 1815 3168; ppageno 0'>
   <div class='ocr_carea' id='block_1_1' title="bbox 293 165 394 224">
    <p class='ocr_par' dir='ltr' id='par_1_1' title="bbox 293 165 394 224">
     <span class='ocr_line' id='line_1_1' title="bbox 293 165 394 224; baseline -0.01 -14"><span class='ocrx_word' id='word_1_1' title='bbox 293 165 394 224; x_wconf 80' lang='lat'>236</span> 
     </span>
    </p>
   </div>
   <div class='ocr_carea' id='block_1_2' title="bbox 673 153 1277 202">
    <p class='ocr_par' dir='ltr' id='par_1_2' title="bbox 673 153 1277 202">
     <span class='ocr_line' id='line_1_2' title="bbox 673 153 1277 202; baseline -0.008 0"><span class='ocrx_word' id='word_1_2' title='bbox 673 158 830 202; x_wconf 86' lang='lat' dir='ltr'>ACT.</span> <span class='ocrx_word' id='word_1_3' title='bbox 868 157 920 200; x_wconf 89' lang='lat' dir='ltr'>V.</span> <span class='ocrx_word' id='word_1_4' title='bbox 968 154 1162 199; x_wconf 87' lang='lat' dir='ltr'>SCEN.</span> <span class='ocrx_word' id='word_1_5' title='bbox 1199 153 1277 197; x_wconf 90' lang='lat' dir='ltr'>IV.</span> 
     </span>
    </p>
   </div>
   <div class='ocr_carea' id='block_1_3' title="bbox 331 276 1659 653">
    <p class='ocr_par' dir='ltr' id='par_1_3' title="bbox 331 276 1659 653">
     <span class='ocr_line' id='line_1_3' title="bbox 430 276 1659 335; baseline -0.007 -1"><span class='ocrx_word' id='word_1_6' title='bbox 430 290 526 335; x_wconf 79' lang='lat' dir='ltr'>CH.</span> <span class='ocrx_word' id='word_1_7' title='bbox 561 288 743 332; x_wconf 84' lang='lat' dir='ltr'>Nomen</span> <span class='ocrx_word' id='word_1_8' title='bbox 768 301 859 331; x_wconf 86' lang='lat' dir='ltr'>non</span> <span class='ocrx_word' id='word_1_9' title='bbox 884 282 1104 329; x_wconf 86' lang='lat' dir='ltr'>conuenit.</span> <span class='ocrx_word' id='word_1_10' title='bbox 1140 276 1240 327; x_wconf 83' lang='lat' dir='ltr'>CR.</span> <span class='ocrx_word' id='word_1_11' title='bbox 1270 279 1353 326; x_wconf 81' lang='lat' dir='ltr'>fuit</span> <span class='ocrx_word' id='word_1_12' title='bbox 1387 278 1531 326; x_wconf 86' lang='lat' dir='ltr'>hercle</span> <span class='ocrx_word' id='word_1_13' title='bbox 1556 279 1659 326; x_wconf 92' lang='lat' dir='ltr'>huic</span> 
     </span>
     <span class='ocr_line' id='line_1_4' title="bbox 525 354 1333 425; baseline -0.009 -16"><span class='ocrx_word' id='word_1_14' title='bbox 525 361 639 409; x_wconf 82' lang='lat' dir='ltr'>aliud</span> <span class='ocrx_word' id='word_1_15' title='bbox 662 377 833 425; x_wconf 83' lang='lat' dir='ltr'>paruae.</span> <span class='ocrx_word' id='word_1_16' title='bbox 871 354 978 404; x_wconf 80' lang='lat' dir='ltr'>CH.</span> <span class='ocrx_word' id='word_1_17' title='bbox 1020 355 1154 420; x_wconf 91' lang='lat' dir='ltr'>quod,</span> <span class='ocrx_word' id='word_1_18' title='bbox 1179 355 1333 402; x_wconf 71' lang='lat' dir='ltr'>Crito?</span> 
     </span>
     <span class='ocr_line' id='line_1_5' title="bbox 331 426 1658 503; baseline -0.011 -15"><span class='ocrx_word' id='word_1_19' title='bbox 331 458 397 503; x_wconf 84' lang='lat'>40</span> <span class='ocrx_word' id='word_1_20' title='bbox 431 436 664 500; x_wconf 86' lang='lat' dir='ltr'><strong>Numquid</strong></span> <span class='ocrx_word' id='word_1_21' title='bbox 685 432 948 482; x_wconf 78' lang='lat' dir='ltr'>meministi?</span> <span class='ocrx_word' id='word_1_22' title='bbox 986 430 1090 481; x_wconf 77' lang='lat' dir='ltr'>CR.</span> <span class='ocrx_word' id='word_1_23' title='bbox 1124 431 1170 477; x_wconf 91' lang='lat' dir='ltr'>id</span> <span class='ocrx_word' id='word_1_24' title='bbox 1193 446 1368 493; x_wconf 84' lang='lat' dir='ltr'>quaero.</span> <span class='ocrx_word' id='word_1_25' title='bbox 1402 426 1534 478; x_wconf 76' lang='lat' dir='ltr'><strong>PAM.</strong></span> <span class='ocrx_word' id='word_1_26' title='bbox 1557 445 1658 490; x_wconf 87' lang='lat' dir='ltr'>ego-</span> 
     </span>
     <span class='ocr_line' id='line_1_6' title="bbox 525 509 1404 572; baseline -0.01 -13"><span class='ocrx_word' id='word_1_27' title='bbox 525 531 580 560; x_wconf 86' lang='lat' dir='ltr'>ne</span> <span class='ocrx_word' id='word_1_28' title='bbox 601 514 728 558; x_wconf 87' lang='lat' dir='ltr'>huius</span> <span class='ocrx_word' id='word_1_29' title='bbox 751 511 1007 556; x_wconf 86' lang='lat' dir='ltr'>memoriam</span> <span class='ocrx_word' id='word_1_30' title='bbox 1027 509 1163 572; x_wconf 84' lang='lat' dir='ltr'>patiar</span> <span class='ocrx_word' id='word_1_31' title='bbox 1181 522 1302 565; x_wconf 75' lang='lat' dir='ltr'>meae</span> <span class='ocrx_word' id='word_1_32' title='bbox 1401 553 1404 555; x_wconf 14' lang='grc' dir='ltr'><strong>Α</strong></span> 
     </span>
     <span class='ocr_line' id='line_1_7' title="bbox 348 578 1658 653; baseline -0.008 -18"><span class='ocrx_word' id='word_1_33' title='bbox 348 626 353 635; x_wconf 73' lang='lat'><em>.</em></span> <span class='ocrx_word' id='word_1_34' title='bbox 425 590 654 653; x_wconf 81' lang='lat' dir='ltr'>Voluptati</span> <span class='ocrx_word' id='word_1_35' title='bbox 680 586 859 638; x_wconf 84' lang='lat' dir='ltr'>obstare,</span> <span class='ocrx_word' id='word_1_36' title='bbox 882 601 982 631; x_wconf 89' lang='lat' dir='ltr'>cum</span> <span class='ocrx_word' id='word_1_37' title='bbox 1003 600 1086 644; x_wconf 86' lang='lat' dir='ltr'>ego</span> <span class='ocrx_word' id='word_1_38' title='bbox 1104 580 1260 648; x_wconf 72' lang='lat' dir='ltr'>Poffim</span> <span class='ocrx_word' id='word_1_39' title='bbox 1282 583 1327 626; x_wconf 89' lang='lat' dir='ltr'>in</span> <span class='ocrx_word' id='word_1_40' title='bbox 1352 579 1431 626; x_wconf 90' lang='lat' dir='ltr'>hac</span> <span class='ocrx_word' id='word_1_41' title='bbox 1454 596 1502 626; x_wconf 85' lang='lat' dir='ltr'>re</span> <span class='ocrx_word' id='word_1_42' title='bbox 1525 578 1658 626; x_wconf 87' lang='lat' dir='ltr'>medi-</span> 
     </span>
    </p>
   </div>
   <div class='ocr_carea' id='block_1_4' title="bbox 527 661 780 711">
    <p class='ocr_par' dir='ltr' id='par_1_4' title="bbox 527 661 780 711">
     <span class='ocr_line' id='line_1_8' title="bbox 527 661 780 711; baseline 0 0"><span class='ocrx_word' id='word_1_43' title='bbox 527 666 612 711; x_wconf 89' lang='lat' dir='ltr'>cari</span> <span class='ocrx_word' id='word_1_44' title='bbox 641 661 780 711; x_wconf 83' lang='lat' dir='ltr'>mihi?</span> 
     </span>
    </p>
   </div>
   <div class='ocr_carea' id='block_1_5' title="bbox 423 727 1659 803">
    <p class='ocr_par' dir='ltr' id='par_1_5' title="bbox 423 727 1659 803">
     <span class='ocr_line' id='line_1_9' title="bbox 423 727 1659 803; baseline -0.011 -14"><span class='ocrx_word' id='word_1_45' title='bbox 423 745 536 789; x_wconf 86' lang='lat' dir='ltr'>Non</span> <span class='ocrx_word' id='word_1_46' title='bbox 567 743 726 803; x_wconf 80' lang='lat' dir='ltr'>patiar:</span> <span class='ocrx_word' id='word_1_47' title='bbox 760 738 883 789; x_wconf 87' lang='lat' dir='ltr'>heus,</span> <span class='ocrx_word' id='word_1_48' title='bbox 907 736 1108 787; x_wconf 86' lang='lat' dir='ltr'>Chreme,</span> <span class='ocrx_word' id='word_1_49' title='bbox 1129 732 1250 797; x_wconf 89' lang='lat' dir='ltr'>quod</span> <span class='ocrx_word' id='word_1_50' title='bbox 1270 732 1462 796; x_wconf 78' lang='lat' dir='ltr'>quaeriS,</span> <span class='ocrx_word' id='word_1_51' title='bbox 1492 727 1659 777; x_wconf 76' lang='lat' dir='ltr'>Pasibu-</span> 
     </span>
    </p>
   </div>
   <div class='ocr_carea' id='block_1_6' title="bbox 523 807 955 877">
    <p class='ocr_par' dir='ltr' id='par_1_6' title="bbox 523 807 955 877">
     <span class='ocr_line' id='line_1_10' title="bbox 523 807 955 877; baseline -0.007 -15"><span class='ocrx_word' id='word_1_52' title='bbox 523 809 627 862; x_wconf 74' lang='lat' dir='ltr'>la’st.</span> <span class='ocrx_word' id='word_1_53' title='bbox 666 811 767 861; x_wconf 82' lang='lat' dir='ltr'>CR.</span> <span class='ocrx_word' id='word_1_54' title='bbox 806 807 955 877; x_wconf 84' lang='lat' dir='ltr'>ipsa’st.</span> 
     </span>
    </p>
   </div>
   <div class='ocr_carea' id='block_1_7' title="bbox 996 804 1254 858">
    <p class='ocr_par' dir='ltr' id='par_1_7' title="bbox 996 804 1254 858">
     <span class='ocr_line' id='line_1_11' title="bbox 996 804 1254 858; baseline -0.019 0"><span class='ocrx_word' id='word_1_55' title='bbox 996 809 1041 858; x_wconf 84' lang='lat' dir='ltr'>C</span> <span class='ocrx_word' id='word_1_56' title='bbox 1055 824 1102 856; x_wconf 85' lang='lat' dir='ltr'>H.</span> <span class='ocrx_word' id='word_1_57' title='bbox 1143 804 1254 855; x_wconf 75' lang='lat' dir='ltr'>ea&#39;st.</span> 
     </span>
    </p>
   </div>
   <div class='ocr_carea' id='block_1_8' title="bbox 421 882 1659 951">
    <p class='ocr_par' dir='ltr' id='par_1_8' title="bbox 421 882 1659 951">
     <span class='ocr_line' id='line_1_12' title="bbox 421 882 1659 951; baseline -0.008 -14"><span class='ocrx_word' id='word_1_58' title='bbox 421 891 462 942; x_wconf 90' lang='lat' dir='ltr'>P</span> <span class='ocrx_word' id='word_1_59' title='bbox 480 905 512 936; x_wconf 88' lang='lat' dir='ltr'>A</span> <span class='ocrx_word' id='word_1_60' title='bbox 527 906 577 938; x_wconf 83' lang='lat' dir='ltr'>M.</span> <span class='ocrx_word' id='word_1_61' title='bbox 614 894 677 936; x_wconf 83' lang='lat' dir='ltr'>Ex</span> <span class='ocrx_word' id='word_1_62' title='bbox 697 888 784 951; x_wconf 85' lang='lat' dir='ltr'>ipsa</span> <span class='ocrx_word' id='word_1_63' title='bbox 807 887 960 933; x_wconf 88' lang='lat' dir='ltr'>millies</span> <span class='ocrx_word' id='word_1_64' title='bbox 984 886 1145 933; x_wconf 85' lang='lat' dir='ltr'>audiui.</span> <span class='ocrx_word' id='word_1_65' title='bbox 1183 882 1258 932; x_wconf 87' lang='lat' dir='ltr'>SI.</span> <span class='ocrx_word' id='word_1_66' title='bbox 1294 899 1446 930; x_wconf 86' lang='lat' dir='ltr'>omnes</span> <span class='ocrx_word' id='word_1_67' title='bbox 1459 899 1539 928; x_wconf 90' lang='lat' dir='ltr'>nos</span> <span class='ocrx_word' id='word_1_68' title='bbox 1554 897 1659 943; x_wconf 86' lang='lat' dir='ltr'>gau-</span> 
     </span>
    </p>
   </div>
   <div class='ocr_carea' id='block_1_9' title="bbox 522 962 974 1019">
    <p class='ocr_par' dir='ltr' id='par_1_9' title="bbox 522 962 974 1019">
     <span class='ocr_line' id='line_1_13' title="bbox 522 962 974 1019; baseline -0.011 -8"><span class='ocrx_word' id='word_1_69' title='bbox 522 966 623 1011; x_wconf 84' lang='lat' dir='ltr'>dere</span> <span class='ocrx_word' id='word_1_70' title='bbox 646 965 745 1019; x_wconf 84' lang='lat' dir='ltr'>hoc,</span> <span class='ocrx_word' id='word_1_71' title='bbox 771 962 974 1016; x_wconf 86' lang='lat' dir='ltr'>Chreme,</span> 
     </span>
    </p>
   </div>
   <div class='ocr_carea' id='block_1_10' title="bbox 298 1031 1656 1255">
    <p class='ocr_par' dir='ltr' id='par_1_10' title="bbox 298 1031 1656 1255">
     <span class='ocr_line' id='line_1_14' title="bbox 422 1031 1655 1091; baseline -0.009 -3"><span class='ocrx_word' id='word_1_72' title='bbox 422 1046 495 1089; x_wconf 85' lang='lat' dir='ltr'>Te</span> <span class='ocrx_word' id='word_1_73' title='bbox 516 1040 661 1091; x_wconf 86' lang='lat' dir='ltr'>credo,</span> <span class='ocrx_word' id='word_1_74' title='bbox 685 1036 875 1088; x_wconf 84' lang='lat' dir='ltr'>credere,</span> <span class='ocrx_word' id='word_1_75' title='bbox 913 1032 1019 1081; x_wconf 79' lang='lat' dir='ltr'>CH.</span> <span class='ocrx_word' id='word_1_76' title='bbox 1057 1036 1115 1080; x_wconf 83' lang='lat' dir='ltr'>ita</span> <span class='ocrx_word' id='word_1_77' title='bbox 1140 1050 1211 1080; x_wconf 89' lang='lat' dir='ltr'>me</span> <span class='ocrx_word' id='word_1_78' title='bbox 1233 1036 1294 1081; x_wconf 90' lang='lat' dir='ltr'>Di</span> <span class='ocrx_word' id='word_1_79' title='bbox 1315 1042 1475 1087; x_wconf 81' lang='lat' dir='ltr'>ament,</span> <span class='ocrx_word' id='word_1_80' title='bbox 1508 1031 1655 1079; x_wconf 83' lang='lat' dir='ltr'>credo.</span> 
     </span>
     <span class='ocr_line' id='line_1_15' title="bbox 523 1109 1147 1175; baseline -0.013 -13"><span class='ocrx_word' id='word_1_81' title='bbox 523 1114 558 1162; x_wconf 80' lang='lat' dir='ltr'>P</span> <span class='ocrx_word' id='word_1_82' title='bbox 571 1129 603 1160; x_wconf 85' lang='lat' dir='ltr'><strong>A</strong></span> <span class='ocrx_word' id='word_1_83' title='bbox 618 1129 670 1160; x_wconf 88' lang='grc' dir='ltr'>Μ.</span> <span class='ocrx_word' id='word_1_84' title='bbox 705 1111 812 1175; x_wconf 90' lang='lat' dir='ltr'>quid</span> <span class='ocrx_word' id='word_1_85' title='bbox 830 1109 969 1162; x_wconf 87' lang='lat' dir='ltr'>restat,</span> <span class='ocrx_word' id='word_1_86' title='bbox 990 1120 1113 1174; x_wconf 81' lang='lat' dir='ltr'>pater</span> <span class='ocrx_word' id='word_1_87' title='bbox 1126 1110 1147 1153; x_wconf 70' lang='grc' dir='ltr'>’ἓ</span> 
     </span>
     <span class='ocr_line' id='line_1_16' title="bbox 298 1183 1656 1255; baseline -0.007 -16"><span class='ocrx_word' id='word_1_88' title='bbox 298 1209 390 1255; x_wconf 80' lang='lat'>,45</span> <span class='ocrx_word' id='word_1_89' title='bbox 423 1189 499 1240; x_wconf 83' lang='lat' dir='ltr'>SI.</span> <span class='ocrx_word' id='word_1_90' title='bbox 557 1188 821 1237; x_wconf 83' lang='lat' dir='ltr'>Iamdudum</span> <span class='ocrx_word' id='word_1_91' title='bbox 865 1203 933 1233; x_wconf 88' lang='lat' dir='ltr'>res</span> <span class='ocrx_word' id='word_1_92' title='bbox 969 1185 1141 1232; x_wconf 84' lang='lat' dir='ltr'>reduxit</span> <span class='ocrx_word' id='word_1_93' title='bbox 1161 1201 1233 1231; x_wconf 86' lang='lat' dir='ltr'>me</span> <span class='ocrx_word' id='word_1_94' title='bbox 1264 1183 1352 1250; x_wconf 86' lang='lat' dir='ltr'>ipsa</span> <span class='ocrx_word' id='word_1_95' title='bbox 1382 1186 1429 1231; x_wconf 88' lang='lat' dir='ltr'>in</span> <span class='ocrx_word' id='word_1_96' title='bbox 1461 1184 1656 1245; x_wconf 83' lang='lat' dir='ltr'>gratiam.</span> 
     </span>
    </p>
   </div>
   <div class='ocr_carea' id='block_1_11' title="bbox 520 1260 1201 1329">
    <p class='ocr_par' dir='ltr' id='par_1_11' title="bbox 520 1260 1201 1329">
     <span class='ocr_line' id='line_1_17' title="bbox 520 1260 1201 1329; baseline -0.007 -17"><span class='ocrx_word' id='word_1_97' title='bbox 520 1263 556 1311; x_wconf 87' lang='lat' dir='ltr'>P</span> <span class='ocrx_word' id='word_1_98' title='bbox 574 1282 604 1311; x_wconf 85' lang='lat' dir='ltr'>A</span> <span class='ocrx_word' id='word_1_99' title='bbox 622 1279 677 1312; x_wconf 92' lang='lat' dir='ltr'>M.</span> <span class='ocrx_word' id='word_1_100' title='bbox 716 1282 743 1311; x_wconf 97' lang='lat' dir='ltr'>o</span> <span class='ocrx_word' id='word_1_101' title='bbox 763 1262 961 1329; x_wconf 85' lang='lat' dir='ltr'>lepidum</span> <span class='ocrx_word' id='word_1_102' title='bbox 981 1260 1175 1328; x_wconf 76' lang='lat' dir='ltr'>patrem!</span> <span class='ocrx_word' id='word_1_103' title='bbox 1199 1273 1201 1277; x_wconf 85' lang='grc'><strong>“</strong></span> 
     </span>
    </p>
   </div>
   <div class='ocr_carea' id='block_1_12' title="bbox 282 1479 951 2654">
    <p class='ocr_par' dir='ltr' id='par_1_12' title="bbox 286 1479 951 1641">
     <span class='ocr_line' id='line_1_18' title="bbox 344 1479 949 1540; baseline -0.015 -11"><span class='ocrx_word' id='word_1_104' title='bbox 344 1499 398 1539; x_wconf 87' lang='grc'>40</span> <span class='ocrx_word' id='word_1_105' title='bbox 427 1486 476 1526; x_wconf 75' lang='lat' dir='ltr'>ld</span> <span class='ocrx_word' id='word_1_106' title='bbox 505 1484 658 1540; x_wconf 82' lang='lat' dir='ltr'>quaero]</span> <span class='ocrx_word' id='word_1_107' title='bbox 681 1479 815 1525; x_wconf 82' lang='lat' dir='ltr'>Rursus</span> <span class='ocrx_word' id='word_1_108' title='bbox 842 1483 949 1524; x_wconf 82' lang='lat' dir='ltr'>Crito</span> 
     </span>
     <span class='ocr_line' id='line_1_19' title="bbox 287 1541 951 1593; baseline -0.008 -11"><span class='ocrx_word' id='word_1_109' title='bbox 287 1542 493 1583; x_wconf 84' lang='lat' dir='ltr'>obliuiosus</span> <span class='ocrx_word' id='word_1_110' title='bbox 507 1541 575 1588; x_wconf 67' lang='lat' dir='ltr'>est,⁴</span> <span class='ocrx_word' id='word_1_111' title='bbox 592 1551 726 1593; x_wconf 86' lang='lat' dir='ltr'>vtpote</span> <span class='ocrx_word' id='word_1_112' title='bbox 737 1541 951 1579; x_wconf 84' lang='lat' dir='ltr'>alienarum</span> 
     </span>
     <span class='ocr_line' id='line_1_20' title="bbox 286 1602 532 1641; baseline -0.024 0"><span class='ocrx_word' id='word_1_113' title='bbox 286 1613 446 1641; x_wconf 69' lang='lat' dir='ltr'>rerum.⁴</span> <span class='ocrx_word' id='word_1_114' title='bbox 485 1602 532 1639; x_wconf 90' lang='lat' dir='ltr'>D.</span> 
     </span>
    </p>

    <p class='ocr_par' dir='ltr' id='par_1_13' title="bbox 283 1652 950 2199">
     <span class='ocr_line' id='line_1_21' title="bbox 343 1652 949 1710; baseline -0.01 -16"><span class='ocrx_word' id='word_1_115' title='bbox 343 1656 470 1710; x_wconf 78' lang='lat' dir='ltr'>Egone</span> <span class='ocrx_word' id='word_1_116' title='bbox 481 1654 585 1693; x_wconf 82' lang='lat' dir='ltr'>huius</span> <span class='ocrx_word' id='word_1_117' title='bbox 597 1652 830 1705; x_wconf 78' lang='lat' dir='ltr'>memoriam]</span> <span class='ocrx_word' id='word_1_118' title='bbox 843 1654 949 1690; x_wconf 84' lang='lat' dir='ltr'>Pam-</span> 
     </span>
     <span class='ocr_line' id='line_1_22' title="bbox 283 1707 948 1765; baseline -0.012 -14"><span class='ocrx_word' id='word_1_119' title='bbox 283 1712 412 1765; x_wconf 81' lang='lat' dir='ltr'>philus</span> <span class='ocrx_word' id='word_1_120' title='bbox 448 1710 512 1749; x_wconf 79' lang='lat' dir='ltr'>seit</span> <span class='ocrx_word' id='word_1_121' title='bbox 537 1722 645 1749; x_wconf 84' lang='lat' dir='ltr'>nune</span> <span class='ocrx_word' id='word_1_122' title='bbox 673 1708 777 1760; x_wconf 90' lang='lat' dir='ltr'>quod</span> <span class='ocrx_word' id='word_1_123' title='bbox 801 1707 948 1758; x_wconf 80' lang='lat' dir='ltr'>quaeri-</span> 
     </span>
     <span class='ocr_line' id='line_1_23' title="bbox 286 1761 948 1816; baseline -0.011 -8"><span class='ocrx_word' id='word_1_124' title='bbox 286 1780 358 1808; x_wconf 86' lang='lat' dir='ltr'>tur.</span> <span class='ocrx_word' id='word_1_125' title='bbox 412 1769 517 1806; x_wconf 82' lang='lat' dir='ltr'>Nam</span> <span class='ocrx_word' id='word_1_126' title='bbox 561 1764 609 1804; x_wconf 81' lang='lat' dir='ltr'>ab</span> <span class='ocrx_word' id='word_1_127' title='bbox 652 1761 732 1816; x_wconf 84' lang='lat' dir='ltr'>ipsa</span> <span class='ocrx_word' id='word_1_128' title='bbox 768 1763 948 1816; x_wconf 77' lang='lat' dir='ltr'>Glycerio</span> 
     </span>
     <span class='ocr_line' id='line_1_24' title="bbox 286 1820 950 1875; baseline -0.011 -11"><span class='ocrx_word' id='word_1_129' title='bbox 286 1824 522 1875; x_wconf 83' lang='lat' dir='ltr'>frequenter</span> <span class='ocrx_word' id='word_1_130' title='bbox 548 1821 714 1868; x_wconf 86' lang='lat' dir='ltr'>audiuit,</span> <span class='ocrx_word' id='word_1_131' title='bbox 750 1820 852 1872; x_wconf 84' lang='lat' dir='ltr'>quali</span> <span class='ocrx_word' id='word_1_132' title='bbox 880 1832 950 1858; x_wconf 87' lang='lat' dir='ltr'>no-</span> 
     </span>
     <span class='ocr_line' id='line_1_25' title="bbox 286 1876 948 1922; baseline -0.014 -1"><span class='ocrx_word' id='word_1_133' title='bbox 286 1882 399 1921; x_wconf 86' lang='lat' dir='ltr'>mine</span> <span class='ocrx_word' id='word_1_134' title='bbox 438 1888 671 1918; x_wconf 73' lang='lat' dir='ltr'>vocaretur.‘</span> <span class='ocrx_word' id='word_1_135' title='bbox 708 1876 948 1922; x_wconf 76' lang='lat' dir='ltr'>Idcircoait,</span> 
     </span>
     <span class='ocr_line' id='line_1_26' title="bbox 285 1931 946 1986; baseline -0.015 -9"><span class='ocrx_word' id='word_1_136' title='bbox 285 1949 369 1977; x_wconf 84' lang='lat' dir='ltr'>non</span> <span class='ocrx_word' id='word_1_137' title='bbox 401 1935 479 1986; x_wconf 86' lang='lat' dir='ltr'>pati</span> <span class='ocrx_word' id='word_1_138' title='bbox 509 1931 547 1971; x_wconf 86' lang='lat' dir='ltr'>fe</span> <span class='ocrx_word' id='word_1_139' title='bbox 566 1931 739 1973; x_wconf 80' lang='lat' dir='ltr'>Critonis</span> <span class='ocrx_word' id='word_1_140' title='bbox 766 1931 946 1969; x_wconf 85' lang='lat' dir='ltr'>memori-</span> 
     </span>
     <span class='ocr_line' id='line_1_27' title="bbox 284 1986 949 2041; baseline -0.011 -10"><span class='ocrx_word' id='word_1_141' title='bbox 284 2007 346 2032; x_wconf 87' lang='lat' dir='ltr'>am</span> <span class='ocrx_word' id='word_1_142' title='bbox 369 1987 553 2041; x_wconf 81' lang='lat' dir='ltr'>voluptati</span> <span class='ocrx_word' id='word_1_143' title='bbox 576 1986 665 2027; x_wconf 85' lang='lat' dir='ltr'>suae</span> <span class='ocrx_word' id='word_1_144' title='bbox 683 1986 839 2025; x_wconf 77' lang='lat' dir='ltr'>obstare.</span> <span class='ocrx_word' id='word_1_145' title='bbox 860 1998 949 2024; x_wconf 85' lang='lat' dir='ltr'>cum</span> 
     </span>
     <span class='ocr_line' id='line_1_28' title="bbox 284 2041 945 2098; baseline -0.014 -10"><span class='ocrx_word' id='word_1_146' title='bbox 284 2048 353 2088; x_wconf 82' lang='lat' dir='ltr'>fibi</span> <span class='ocrx_word' id='word_1_147' title='bbox 379 2043 458 2098; x_wconf 85' lang='lat' dir='ltr'>ipse</span> <span class='ocrx_word' id='word_1_148' title='bbox 488 2044 673 2083; x_wconf 80' lang='lat' dir='ltr'>auxilium</span> <span class='ocrx_word' id='word_1_149' title='bbox 701 2042 805 2081; x_wconf 82' lang='lat' dir='ltr'>ferre</span> <span class='ocrx_word' id='word_1_150' title='bbox 825 2041 945 2092; x_wconf 84' lang='lat' dir='ltr'>poffit,</span> 
     </span>
     <span class='ocr_line' id='line_1_29' title="bbox 284 2097 948 2154; baseline -0.014 -10"><span class='ocrx_word' id='word_1_151' title='bbox 284 2115 432 2144; x_wconf 82' lang='lat' dir='ltr'>nomen</span> <span class='ocrx_word' id='word_1_152' title='bbox 454 2099 724 2154; x_wconf 80' lang='lat' dir='ltr'>suggerendO,</span> <span class='ocrx_word' id='word_1_153' title='bbox 759 2097 866 2149; x_wconf 86' lang='lat' dir='ltr'>quod</span> <span class='ocrx_word' id='word_1_154' title='bbox 885 2111 948 2136; x_wconf 82' lang='lat' dir='ltr'>au-</span> 
     </span>
     <span class='ocr_line' id='line_1_30' title="bbox 286 2161 523 2199; baseline -0.017 0"><span class='ocrx_word' id='word_1_155' title='bbox 286 2161 422 2199; x_wconf 82' lang='lat' dir='ltr'>dierat.</span> <span class='ocrx_word' id='word_1_156' title='bbox 479 2161 523 2197; x_wconf 81' lang='lat' dir='ltr'>E.</span> 
     </span>
    </p>

    <p class='ocr_par' dir='ltr' id='par_1_14' title="bbox 285 2208 947 2321">
     <span class='ocr_line' id='line_1_31' title="bbox 340 2208 947 2268; baseline -0.01 -16"><span class='ocrx_word' id='word_1_157' title='bbox 340 2223 402 2268; x_wconf 51' lang='lat'>41⁷</span> <span class='ocrx_word' id='word_1_158' title='bbox 427 2213 620 2265; x_wconf 82' lang='lat' dir='ltr'>Voluptati</span> <span class='ocrx_word' id='word_1_159' title='bbox 642 2208 802 2260; x_wconf 76' lang='lat' dir='ltr'>obstare]</span> <span class='ocrx_word' id='word_1_160' title='bbox 829 2211 947 2248; x_wconf 85' lang='lat' dir='ltr'>Nunc</span> 
     </span>
     <span class='ocr_line' id='line_1_32' title="bbox 285 2266 795 2321; baseline -0.016 -11"><span class='ocrx_word' id='word_1_161' title='bbox 285 2272 455 2311; x_wconf 79' lang='lat' dir='ltr'>laetitiae</span> <span class='ocrx_word' id='word_1_162' title='bbox 475 2281 513 2308; x_wconf 88' lang='lat' dir='ltr'>et</span> <span class='ocrx_word' id='word_1_163' title='bbox 529 2266 684 2321; x_wconf 80' lang='lat' dir='ltr'>gaudio.</span> <span class='ocrx_word' id='word_1_164' title='bbox 745 2268 795 2305; x_wconf 90' lang='lat' dir='ltr'>D.</span> 
     </span>
    </p>

    <p class='ocr_par' dir='ltr' id='par_1_15' title="bbox 285 2318 941 2432">
     <span class='ocr_line' id='line_1_33' title="bbox 338 2318 941 2380; baseline -0.01 -14"><span class='ocrx_word' id='word_1_165' title='bbox 338 2331 407 2366; x_wconf 90' lang='lat' dir='ltr'>Pro</span> <span class='ocrx_word' id='word_1_166' title='bbox 428 2340 493 2380; x_wconf 81' lang='lat' dir='ltr'>ego</span> <span class='ocrx_word' id='word_1_167' title='bbox 516 2336 591 2363; x_wconf 78' lang='lat' dir='ltr'>tres</span> <span class='ocrx_word' id='word_1_168' title='bbox 611 2320 722 2360; x_wconf 79' lang='lat' dir='ltr'>codd.</span> <span class='ocrx_word' id='word_1_169' title='bbox 748 2334 835 2360; x_wconf 87' lang='lat' dir='ltr'>curn</span> <span class='ocrx_word' id='word_1_170' title='bbox 853 2318 941 2360; x_wconf 80' lang='lat' dir='ltr'>edd.</span> 
     </span>
     <span class='ocr_line' id='line_1_34' title="bbox 285 2379 896 2432; baseline -0.011 -10"><span class='ocrx_word' id='word_1_171' title='bbox 285 2394 373 2423; x_wconf 81' lang='lat' dir='ltr'>vett.</span> <span class='ocrx_word' id='word_1_172' title='bbox 394 2384 497 2421; x_wconf 50' lang='lat' dir='ltr'>recle</span> <span class='ocrx_word' id='word_1_173' title='bbox 514 2379 660 2424; x_wconf 74' lang='lat' dir='ltr'>hahent</span> <span class='ocrx_word' id='word_1_174' title='bbox 677 2380 828 2432; x_wconf 57' lang='lat' dir='ltr'>egomet.</span> <span class='ocrx_word' id='word_1_175' title='bbox 858 2379 896 2416; x_wconf 89' lang='lat' dir='ltr'>B.</span> 
     </span>
    </p>

    <p class='ocr_par' dir='ltr' id='par_1_16' title="bbox 282 2431 943 2594">
     <span class='ocr_line' id='line_1_35' title="bbox 340 2431 943 2492; baseline -0.015 -13"><span class='ocrx_word' id='word_1_176' title='bbox 340 2452 392 2492; x_wconf 86' lang='lat'>42</span> <span class='ocrx_word' id='word_1_177' title='bbox 427 2439 541 2484; x_wconf 81' lang='lat' dir='ltr'>Heus,</span> <span class='ocrx_word' id='word_1_178' title='bbox 564 2434 732 2481; x_wconf 79' lang='lat' dir='ltr'>Chreme]</span> <span class='ocrx_word' id='word_1_179' title='bbox 761 2434 863 2473; x_wconf 83' lang='lat' dir='ltr'>Heus</span> <span class='ocrx_word' id='word_1_180' title='bbox 883 2431 943 2471; x_wconf 82' lang='lat' dir='ltr'>di-</span> 
     </span>
     <span class='ocr_line' id='line_1_36' title="bbox 285 2489 943 2542; baseline -0.011 -8"><span class='ocrx_word' id='word_1_181' title='bbox 285 2495 454 2534; x_wconf 80' lang='lat' dir='ltr'>cendum</span> <span class='ocrx_word' id='word_1_182' title='bbox 493 2503 594 2540; x_wconf 84' lang='lat' dir='ltr'>erat,</span> <span class='ocrx_word' id='word_1_183' title='bbox 631 2491 721 2542; x_wconf 82' lang='lat' dir='ltr'>quia</span> <span class='ocrx_word' id='word_1_184' title='bbox 751 2489 943 2532; x_wconf 82' lang='lat' dir='ltr'>Chremes</span> 
     </span>
     <span class='ocr_line' id='line_1_37' title="bbox 282 2547 840 2594; baseline -0.016 -3"><span class='ocrx_word' id='word_1_185' title='bbox 282 2553 488 2594; x_wconf 78' lang='lat' dir='ltr'>Critonem</span> <span class='ocrx_word' id='word_1_186' title='bbox 509 2547 737 2587; x_wconf 81' lang='lat' dir='ltr'>intuebatur.</span> <span class='ocrx_word' id='word_1_187' title='bbox 791 2548 840 2586; x_wconf 92' lang='lat' dir='ltr'>D.</span> 
     </span>
    </p>

    <p class='ocr_par' dir='ltr' id='par_1_17' title="bbox 366 2600 944 2654">
     <span class='ocr_line' id='line_1_38' title="bbox 366 2600 944 2654; baseline -0.012 -8"><span class='ocrx_word' id='word_1_188' title='bbox 366 2605 503 2647; x_wconf 79' lang='lat' dir='ltr'>&#39;Scribe</span> <span class='ocrx_word' id='word_1_189' title='bbox 565 2602 785 2654; x_wconf 81' lang='lat' dir='ltr'>{impliciter</span> <span class='ocrx_word' id='word_1_190' title='bbox 829 2600 944 2640; x_wconf 86' lang='lat' dir='ltr'>metri</span> 
     </span>
    </p>
   </div>
   <div class='ocr_carea' id='block_1_13' title="bbox 287 2657 943 2713">
    <p class='ocr_par' dir='ltr' id='par_1_18' title="bbox 287 2657 943 2713">
     <span class='ocr_line' id='line_1_39' title="bbox 287 2657 943 2713; baseline -0.011 -10"><span class='ocrx_word' id='word_1_191' title='bbox 287 2661 422 2713; x_wconf 81' lang='lat' dir='ltr'>causa,</span> <span class='ocrx_word' id='word_1_192' title='bbox 471 2657 657 2712; x_wconf 69' lang='lat' dir='ltr'>Pastbzua.</span> <span class='ocrx_word' id='word_1_193' title='bbox 735 2659 943 2701; x_wconf 84' lang='lat' dir='ltr'>Caeterum</span> 
     </span>
    </p>
   </div>
   <div class='ocr_carea' id='block_1_14' title="bbox 1587 1336 1675 1380">
    <p class='ocr_par' dir='ltr' id='par_1_19' title="bbox 1512 1336 1675 1394">
     <span class='ocr_line' id='line_1_40' title="bbox 1587 1336 1675 1380; baseline 0 0"><span class='ocrx_word' id='word_1_194' title='bbox 1587 1336 1675 1380; x_wconf 88' lang='lat' dir='ltr'>De-</span> 
     </span>
    </p>
   </div>
   <div class='ocr_carea' id='block_1_15' title="bbox 998 1475 1659 1870">
    <p class='ocr_par' dir='ltr' id='par_1_20' title="bbox 999 1475 1658 1578">
     <span class='ocr_line' id='line_1_41' title="bbox 1000 1475 1658 1535; baseline -0.006 -15"><span class='ocrx_word' id='word_1_195' title='bbox 1000 1481 1123 1535; x_wconf 77' lang='lat' dir='ltr'>ipfizss</span> <span class='ocrx_word' id='word_1_196' title='bbox 1148 1480 1242 1520; x_wconf 85' lang='lat' dir='ltr'>dicit</span> <span class='ocrx_word' id='word_1_197' title='bbox 1259 1478 1472 1528; x_wconf 88' lang='lat' dir='ltr'>Chremes,</span> <span class='ocrx_word' id='word_1_198' title='bbox 1502 1487 1544 1517; x_wconf 89' lang='lat' dir='ltr'>et</span> <span class='ocrx_word' id='word_1_199' title='bbox 1561 1475 1658 1532; x_wconf 77' lang='lat' dir='ltr'>eass,</span> 
     </span>
     <span class='ocr_line' id='line_1_42' title="bbox 999 1539 1214 1578; baseline -0.009 0"><span class='ocrx_word' id='word_1_200' title='bbox 999 1539 1131 1578; x_wconf 59' lang='lat' dir='ltr'>Crito„</span> <span class='ocrx_word' id='word_1_201' title='bbox 1173 1540 1214 1577; x_wconf 90' lang='grc' dir='ltr'>Β.</span> 
     </span>
    </p>

    <p class='ocr_par' dir='ltr' id='par_1_21' title="bbox 998 1586 1659 1870">
     <span class='ocr_line' id='line_1_43' title="bbox 1052 1586 1657 1646; baseline -0.008 -12"><span class='ocrx_word' id='word_1_202' title='bbox 1052 1604 1103 1646; x_wconf 86' lang='lat'>43</span> <span class='ocrx_word' id='word_1_203' title='bbox 1148 1595 1209 1633; x_wconf 88' lang='lat' dir='ltr'>Ex</span> <span class='ocrx_word' id='word_1_204' title='bbox 1244 1591 1322 1644; x_wconf 82' lang='lat' dir='ltr'>ipsa</span> <span class='ocrx_word' id='word_1_205' title='bbox 1356 1590 1485 1631; x_wconf 87' lang='lat' dir='ltr'>audiui</span> <span class='ocrx_word' id='word_1_206' title='bbox 1508 1586 1657 1644; x_wconf 77' lang='lat' dir='ltr'>millies]</span> 
     </span>
     <span class='ocr_line' id='line_1_44' title="bbox 999 1645 1657 1698; baseline -0.011 -8"><span class='ocrx_word' id='word_1_207' title='bbox 999 1652 1106 1690; x_wconf 84' lang='lat' dir='ltr'>Duas</span> <span class='ocrx_word' id='word_1_208' title='bbox 1139 1661 1199 1689; x_wconf 86' lang='lat' dir='ltr'>res</span> <span class='ocrx_word' id='word_1_209' title='bbox 1231 1647 1397 1689; x_wconf 81' lang='lat' dir='ltr'>ostendit</span> <span class='ocrx_word' id='word_1_210' title='bbox 1428 1645 1657 1698; x_wconf 75' lang='lat' dir='ltr'>Pamphilus,</span> 
     </span>
     <span class='ocr_line' id='line_1_45' title="bbox 999 1699 1659 1757; baseline -0.008 -12"><span class='ocrx_word' id='word_1_211' title='bbox 999 1717 1038 1745; x_wconf 87' lang='lat' dir='ltr'>et</span> <span class='ocrx_word' id='word_1_212' title='bbox 1054 1705 1158 1757; x_wconf 88' lang='lat' dir='ltr'>quod</span> <span class='ocrx_word' id='word_1_213' title='bbox 1176 1716 1310 1743; x_wconf 87' lang='lat' dir='ltr'>verum</span> <span class='ocrx_word' id='word_1_214' title='bbox 1328 1703 1371 1742; x_wconf 85' lang='lat' dir='ltr'>{it</span> <span class='ocrx_word' id='word_1_215' title='bbox 1390 1702 1494 1755; x_wconf 83' lang='lat' dir='ltr'>quod</span> <span class='ocrx_word' id='word_1_216' title='bbox 1513 1716 1560 1742; x_wconf 84' lang='lat' dir='ltr'>ex</span> <span class='ocrx_word' id='word_1_217' title='bbox 1579 1699 1659 1754; x_wconf 78' lang='lat' dir='ltr'>ipsa</span> 
     </span>
     <span class='ocr_line' id='line_1_46' title="bbox 998 1758 1657 1814; baseline -0.006 -13"><span class='ocrx_word' id='word_1_218' title='bbox 998 1761 1112 1814; x_wconf 82' lang='lat' dir='ltr'>saepe</span> <span class='ocrx_word' id='word_1_219' title='bbox 1133 1760 1298 1800; x_wconf 87' lang='lat' dir='ltr'>audierit</span> <span class='ocrx_word' id='word_1_220' title='bbox 1310 1775 1317 1799; x_wconf 90' lang='lat'>:</span> <span class='ocrx_word' id='word_1_221' title='bbox 1350 1769 1388 1798; x_wconf 89' lang='lat' dir='ltr'>et</span> <span class='ocrx_word' id='word_1_222' title='bbox 1400 1758 1504 1811; x_wconf 87' lang='lat' dir='ltr'>quod</span> <span class='ocrx_word' id='word_1_223' title='bbox 1513 1758 1554 1798; x_wconf 84' lang='lat' dir='ltr'>fit</span> <span class='ocrx_word' id='word_1_224' title='bbox 1564 1759 1657 1812; x_wconf 85' lang='lat' dir='ltr'>Gly-</span> 
     </span>
     <span class='ocr_line' id='line_1_47' title="bbox 999 1815 1657 1870; baseline -0.006 -13"><span class='ocrx_word' id='word_1_225' title='bbox 999 1819 1155 1857; x_wconf 79' lang='lat' dir='ltr'>cerium.</span> <span class='ocrx_word' id='word_1_226' title='bbox 1225 1817 1357 1855; x_wconf 75' lang='lat' dir='ltr'>Omnes·</span> <span class='ocrx_word' id='word_1_227' title='bbox 1400 1829 1466 1854; x_wconf 84' lang='lat' dir='ltr'>nos</span> <span class='ocrx_word' id='word_1_228' title='bbox 1494 1815 1657 1870; x_wconf 82' lang='lat' dir='ltr'>gaudere</span> 
     </span>
    </p>
   </div>
   <div class='ocr_carea' id='block_1_16' title="bbox 993 1869 1657 2762">
    <p class='ocr_par' dir='ltr' id='par_1_22' title="bbox 996 1869 1657 2318">
     <span class='ocr_line' id='line_1_48' title="bbox 998 1869 1657 1926; baseline -0.006 -13"><span class='ocrx_word' id='word_1_229' title='bbox 998 1875 1086 1920; x_wconf 89' lang='lat' dir='ltr'>hoc,</span> <span class='ocrx_word' id='word_1_230' title='bbox 1116 1872 1284 1926; x_wconf 68' lang='lat' dir='ltr'>Chreme]</span> <span class='ocrx_word' id='word_1_231' title='bbox 1339 1875 1419 1912; x_wconf 82' lang='lat' dir='ltr'>Aut</span> <span class='ocrx_word' id='word_1_232' title='bbox 1444 1869 1513 1908; x_wconf 81' lang='lat' dir='ltr'>hoc</span> <span class='ocrx_word' id='word_1_233' title='bbox 1534 1883 1657 1909; x_wconf 84' lang='lat' dir='ltr'>corre-</span> 
     </span>
     <span class='ocr_line' id='line_1_49' title="bbox 998 1924 1652 1981; baseline -0.006 -14"><span class='ocrx_word' id='word_1_234' title='bbox 998 1940 1085 1981; x_wconf 78' lang='lat' dir='ltr'>pte,</span> <span class='ocrx_word' id='word_1_235' title='bbox 1115 1938 1180 1966; x_wconf 84' lang='lat' dir='ltr'>aut</span> <span class='ocrx_word' id='word_1_236' title='bbox 1211 1927 1279 1965; x_wconf 80' lang='lat' dir='ltr'>hoc</span> <span class='ocrx_word' id='word_1_237' title='bbox 1298 1926 1502 1977; x_wconf 68' lang='lat' dir='ltr'>produC&#39;ie:</span> <span class='ocrx_word' id='word_1_238' title='bbox 1531 1936 1569 1963; x_wconf 92' lang='lat' dir='ltr'>vt</span> <span class='ocrx_word' id='word_1_239' title='bbox 1595 1924 1652 1975; x_wconf 83' lang='lat' dir='ltr'>fit,</span> 
     </span>
     <span class='ocr_line' id='line_1_50' title="bbox 998 1982 1654 2036; baseline -0.006 -13"><span class='ocrx_word' id='word_1_240' title='bbox 998 1985 1067 2023; x_wconf 87' lang='lat' dir='ltr'>hac</span> <span class='ocrx_word' id='word_1_241' title='bbox 1098 1997 1140 2022; x_wconf 88' lang='lat' dir='ltr'>re</span> <span class='ocrx_word' id='word_1_242' title='bbox 1167 1982 1347 2034; x_wconf 84' lang='lat' dir='ltr'>gaudere.</span> <span class='ocrx_word' id='word_1_243' title='bbox 1404 1984 1452 2020; x_wconf 83' lang='lat' dir='ltr'>Et</span> <span class='ocrx_word' id='word_1_244' title='bbox 1481 1982 1654 2036; x_wconf 79' lang='lat' dir='ltr'>gaudere,</span> 
     </span>
     <span class='ocr_line' id='line_1_51' title="bbox 998 2035 1657 2088; baseline -0.006 -9"><span class='ocrx_word' id='word_1_245' title='bbox 998 2039 1132 2079; x_wconf 84' lang='lat' dir='ltr'>nostris</span> <span class='ocrx_word' id='word_1_246' title='bbox 1159 2037 1233 2087; x_wconf 86' lang='lat' dir='ltr'>est,</span> <span class='ocrx_word' id='word_1_247' title='bbox 1261 2048 1300 2076; x_wconf 89' lang='lat' dir='ltr'>vt</span> <span class='ocrx_word' id='word_1_248' title='bbox 1326 2035 1441 2088; x_wconf 85' lang='lat' dir='ltr'>supra</span> <span class='ocrx_word' id='word_1_249' title='bbox 1458 2037 1657 2076; x_wconf 80' lang='lat' dir='ltr'>adnoraui-</span> 
     </span>
     <span class='ocr_line' id='line_1_52' title="bbox 996 2093 1652 2147; baseline -0.005 -12"><span class='ocrx_word' id='word_1_250' title='bbox 996 2108 1103 2135; x_wconf 87' lang='lat' dir='ltr'>mus:</span> <span class='ocrx_word' id='word_1_251' title='bbox 1141 2094 1278 2133; x_wconf 86' lang='lat' dir='ltr'>alienis</span> <span class='ocrx_word' id='word_1_252' title='bbox 1304 2106 1416 2141; x_wconf 81' lang='lat' dir='ltr'>vero,</span> <span class='ocrx_word' id='word_1_253' title='bbox 1450 2093 1652 2147; x_wconf 79' lang='lat' dir='ltr'>gratulari.</span> 
     </span>
     <span class='ocr_line' id='line_1_53' title="bbox 996 2149 1654 2204; baseline -0.006 -12"><span class='ocrx_word' id='word_1_254' title='bbox 996 2150 1200 2198; x_wconf 78' lang='lat' dir='ltr'>Sallustius,</span> <span class='ocrx_word' id='word_1_255' title='bbox 1220 2149 1270 2188; x_wconf 85' lang='lat' dir='ltr'>Et</span> <span class='ocrx_word' id='word_1_256' title='bbox 1290 2153 1322 2188; x_wconf 88' lang='lat' dir='ltr'>ei</span> <span class='ocrx_word' id='word_1_257' title='bbox 1340 2163 1427 2187; x_wconf 83' lang='lat' dir='ltr'>voce</span> <span class='ocrx_word' id='word_1_258' title='bbox 1445 2163 1577 2204; x_wconf 82' lang='lat' dir='ltr'>magna</span> <span class='ocrx_word' id='word_1_259' title='bbox 1595 2164 1654 2188; x_wconf 84' lang='lat' dir='ltr'>ve-</span> 
     </span>
     <span class='ocr_line' id='line_1_54' title="bbox 996 2204 1653 2260; baseline -0.005 -12"><span class='ocrx_word' id='word_1_260' title='bbox 996 2209 1179 2248; x_wconf 76' lang='lat' dir='ltr'>hementer</span> <span class='ocrx_word' id='word_1_261' title='bbox 1184 2204 1484 2260; x_wconf 78' lang='lat' dir='ltr'>gratulabantur.</span> <span class='ocrx_word' id='word_1_262' title='bbox 1497 2207 1584 2245; x_wconf 84' lang='lat' dir='ltr'>Plus</span> <span class='ocrx_word' id='word_1_263' title='bbox 1598 2205 1653 2245; x_wconf 91' lang='lat' dir='ltr'>est</span> 
     </span>
     <span class='ocr_line' id='line_1_55' title="bbox 996 2262 1654 2318; baseline -0.003 -14"><span class='ocrx_word' id='word_1_264' title='bbox 996 2277 1090 2318; x_wconf 83' lang='lat' dir='ltr'>ergo</span> <span class='ocrx_word' id='word_1_265' title='bbox 1102 2263 1284 2317; x_wconf 84' lang='lat' dir='ltr'>gaudere,</span> <span class='ocrx_word' id='word_1_266' title='bbox 1307 2275 1419 2312; x_wconf 88' lang='lat' dir='ltr'>quam</span> <span class='ocrx_word' id='word_1_267' title='bbox 1434 2262 1576 2301; x_wconf 81' lang='lat' dir='ltr'>laetari.</span> <span class='ocrx_word' id='word_1_268' title='bbox 1604 2265 1654 2302; x_wconf 91' lang='lat' dir='ltr'>D.</span> 
     </span>
    </p>

    <p class='ocr_par' dir='ltr' id='par_1_23' title="bbox 1047 2315 1621 2373">
     <span class='ocr_line' id='line_1_56' title="bbox 1047 2315 1621 2373; baseline -0.003 -14"><span class='ocrx_word' id='word_1_269' title='bbox 1047 2320 1125 2359; x_wconf 70' lang='lat' dir='ltr'>Nos</span> <span class='ocrx_word' id='word_1_270' title='bbox 1145 2319 1319 2373; x_wconf 83' lang='lat' dir='ltr'>gaudere]</span> <span class='ocrx_word' id='word_1_271' title='bbox 1346 2315 1454 2358; x_wconf 81' lang='lat' dir='ltr'>Prisc.</span> <span class='ocrx_word' id='word_1_272' title='bbox 1470 2331 1547 2358; x_wconf 83' lang='lat' dir='ltr'>vn.</span> <span class='ocrx_word' id='word_1_273' title='bbox 1580 2321 1621 2360; x_wconf 92' lang='lat' dir='ltr'>L.</span> 
     </span>
    </p>

    <p class='ocr_par' dir='ltr' id='par_1_24' title="bbox 993 2373 1653 2481">
     <span class='ocr_line' id='line_1_57' title="bbox 1045 2373 1653 2430; baseline 0.003 -18"><span class='ocrx_word' id='word_1_274' title='bbox 1045 2388 1101 2430; x_wconf 84' lang='lat'>44</span> <span class='ocrx_word' id='word_1_275' title='bbox 1128 2376 1235 2430; x_wconf 67' lang='lat' dir='ltr'>Qud</span> <span class='ocrx_word' id='word_1_276' title='bbox 1250 2373 1534 2430; x_wconf 66' lang='lat' dir='ltr'>rqstat‚pater?]</span> <span class='ocrx_word' id='word_1_277' title='bbox 1565 2377 1653 2415; x_wconf 86' lang='lat' dir='ltr'>Hoc</span> 
     </span>
     <span class='ocr_line' id='line_1_58' title="bbox 993 2429 1428 2481; baseline -0.014 -7"><span class='ocrx_word' id='word_1_278' title='bbox 993 2434 1057 2481; x_wconf 88' lang='lat' dir='ltr'>est,</span> <span class='ocrx_word' id='word_1_279' title='bbox 1078 2445 1131 2472; x_wconf 88' lang='lat' dir='ltr'>ne</span> <span class='ocrx_word' id='word_1_280' title='bbox 1154 2429 1329 2471; x_wconf 80' lang='lat' dir='ltr'>irascaris.</span> <span class='ocrx_word' id='word_1_281' title='bbox 1383 2432 1428 2470; x_wconf 91' lang='lat' dir='ltr'>D.</span> 
     </span>
    </p>

    <p class='ocr_par' dir='ltr' id='par_1_25' title="bbox 995 2484 1652 2651">
     <span class='ocr_line' id='line_1_59' title="bbox 1048 2484 1652 2542; baseline -0.007 -14"><span class='ocrx_word' id='word_1_282' title='bbox 1048 2489 1156 2542; x_wconf 78' lang='lat' dir='ltr'>Qid</span> <span class='ocrx_word' id='word_1_283' title='bbox 1174 2486 1297 2538; x_wconf 79' lang='lat' dir='ltr'>restat,</span> <span class='ocrx_word' id='word_1_284' title='bbox 1313 2498 1421 2539; x_wconf 83' lang='lat' dir='ltr'>pater</span> <span class='ocrx_word' id='word_1_285' title='bbox 1432 2486 1468 2540; x_wconf 67' lang='grc' dir='ltr'>ἒ]</span> <span class='ocrx_word' id='word_1_286' title='bbox 1498 2484 1598 2526; x_wconf 85' lang='lat' dir='ltr'>Illud</span> <span class='ocrx_word' id='word_1_287' title='bbox 1609 2485 1652 2525; x_wconf 86' lang='lat' dir='ltr'>fi-</span> 
     </span>
     <span class='ocr_line' id='line_1_60' title="bbox 995 2543 1650 2599; baseline -0.006 -14"><span class='ocrx_word' id='word_1_288' title='bbox 995 2545 1151 2599; x_wconf 81' lang='lat' dir='ltr'>gnificat</span> <span class='ocrx_word' id='word_1_289' title='bbox 1176 2555 1214 2583; x_wconf 91' lang='lat' dir='ltr'>vt</span> <span class='ocrx_word' id='word_1_290' title='bbox 1240 2556 1325 2581; x_wconf 77' lang='lat' dir='ltr'>eam</span> <span class='ocrx_word' id='word_1_291' title='bbox 1345 2543 1460 2581; x_wconf 82' lang='lat' dir='ltr'>ducat</span> <span class='ocrx_word' id='word_1_292' title='bbox 1481 2555 1650 2591; x_wconf 78' lang='lat' dir='ltr'>vxorem,</span> 
     </span>
     <span class='ocr_line' id='line_1_61' title="bbox 995 2600 1649 2651; baseline -0.008 -9"><span class='ocrx_word' id='word_1_293' title='bbox 995 2613 1035 2643; x_wconf 89' lang='lat' dir='ltr'>et</span> <span class='ocrx_word' id='word_1_294' title='bbox 1054 2601 1121 2641; x_wconf 83' lang='lat' dir='ltr'>fibi</span> <span class='ocrx_word' id='word_1_295' title='bbox 1139 2600 1211 2639; x_wconf 88' lang='lat' dir='ltr'>hoc</span> <span class='ocrx_word' id='word_1_296' title='bbox 1231 2600 1428 2651; x_wconf 79' lang='lat' dir='ltr'>permittat</span> <span class='ocrx_word' id='word_1_297' title='bbox 1448 2610 1566 2650; x_wconf 83' lang='lat' dir='ltr'>pater.</span> <span class='ocrx_word' id='word_1_298' title='bbox 1604 2602 1649 2649; x_wconf 82' lang='lat' dir='ltr'>E.</span> 
     </span>
    </p>

    <p class='ocr_par' dir='ltr' id='par_1_26' title="bbox 1046 2655 1650 2713">
     <span class='ocr_line' id='line_1_62' title="bbox 1046 2655 1650 2713; baseline -0.01 -14"><span class='ocrx_word' id='word_1_299' title='bbox 1046 2670 1099 2713; x_wconf 82' lang='lat'>45¹</span> <span class='ocrx_word' id='word_1_300' title='bbox 1140 2658 1173 2698; x_wconf 93' lang='grc' dir='ltr'>Ο</span> <span class='ocrx_word' id='word_1_301' title='bbox 1205 2656 1361 2710; x_wconf 87' lang='lat' dir='ltr'>lepidum</span> <span class='ocrx_word' id='word_1_302' title='bbox 1383 2655 1546 2710; x_wconf 80' lang='lat' dir='ltr'>patrem]</span> <span class='ocrx_word' id='word_1_303' title='bbox 1603 2657 1650 2694; x_wconf 83' lang='lat'>111</span> 
     </span>
    </p>

    <p class='ocr_par' dir='ltr' id='par_1_27' title="bbox 1572 2723 1650 2762">
     <span class='ocr_line' id='line_1_63' title="bbox 1572 2723 1650 2762; baseline 0.013 -13"><span class='ocrx_word' id='word_1_304' title='bbox 1572 2723 1650 2762; x_wconf 89' lang='lat' dir='ltr'>quo</span> 
     </span>
    </p>
   </div>
   <div class='ocr_carea' id='block_1_17' title="bbox 1792 199 1815 1357">
    <p class='ocr_par' dir='ltr' id='par_1_28' title="bbox 1792 199 1815 1357">
     <span class='ocr_line' id='line_1_64' title="bbox 1792 199 1815 1357; baseline 0 0"><span class='ocrx_word' id='word_1_305' title='bbox 1792 199 1815 1357; x_wconf 95' lang='lat' dir='ltr'> </span> 
     </span>
    </p>
   </div>
  </div>
 </body>
</html>
