<?xml version="1.0" encoding="UTF-8"?>
<!DOCTYPE html PUBLIC "-//W3C//DTD XHTML 1.0 Transitional//EN"
    "http://www.w3.org/TR/xhtml1/DTD/xhtml1-transitional.dtd">
<html xmlns="http://www.w3.org/1999/xhtml" xml:lang="en" lang="en">
 <head>
  <title>
</title>
<meta http-equiv="Content-Type" content="text/html;charset=utf-8" />
  <meta name='ocr-system' content='tesseract 3.04.00' />
  <meta name='ocr-capabilities' content='ocr_page ocr_carea ocr_par ocr_line ocrx_word'/>
</head>
<body>
  <div class='ocr_page' id='page_1' title='image "./comoediaesexexre01tereuoft_0417.png"; bbox 0 0 1815 3168; ppageno 0'>
   <div class='ocr_carea' id='block_1_1' title="bbox 595 71 1011 116">
    <p class='ocr_par' dir='ltr' id='par_1_1' title="bbox 595 71 1011 116">
     <span class='ocr_line' id='line_1_1' title="bbox 595 71 1011 116; baseline 0.002 -1"><span class='ocrx_word' id='word_1_1' title='bbox 595 71 1011 116; x_wconf 84' lang='lat' dir='ltr'>EVNVCHVS.</span> 
     </span>
    </p>
   </div>
   <div class='ocr_carea' id='block_1_2' title="bbox 1395 88 1485 146">
    <p class='ocr_par' dir='ltr' id='par_1_2' title="bbox 1395 88 1485 146">
     <span class='ocr_line' id='line_1_2' title="bbox 1395 88 1485 146; baseline 0 -10"><span class='ocrx_word' id='word_1_2' title='bbox 1395 88 1485 146; x_wconf 69' lang='lat'>321</span> 
     </span>
    </p>
   </div>
   <div class='ocr_carea' id='block_1_3' title="bbox 250 194 1488 335">
    <p class='ocr_par' dir='ltr' id='par_1_3' title="bbox 250 194 1488 335">
     <span class='ocr_line' id='line_1_3' title="bbox 251 194 1417 261; baseline 0.001 -15"><span class='ocrx_word' id='word_1_3' title='bbox 251 196 487 249; x_wconf 83' lang='lat' dir='ltr'>Vocabula,</span> <span class='ocrx_word' id='word_1_4' title='bbox 508 194 678 261; x_wconf 72' lang='lat' dir='ltr'>parasiti</span> <span class='ocrx_word' id='word_1_5' title='bbox 704 197 810 243; x_wconf 86' lang='lat' dir='ltr'>item</span> <span class='ocrx_word' id='word_1_6' title='bbox 830 207 877 243; x_wconf 86' lang='lat' dir='ltr'>vt</span> <span class='ocrx_word' id='word_1_7' title='bbox 898 195 1168 243; x_wconf 84' lang='lat' dir='ltr'>Gnathonici</span> <span class='ocrx_word' id='word_1_8' title='bbox 1191 211 1417 247; x_wconf 81' lang='lat' dir='ltr'>vocentur.</span> 
     </span>
     <span class='ocr_line' id='line_1_4' title="bbox 250 267 1488 335; baseline 0.001 -14"><span class='ocrx_word' id='word_1_9' title='bbox 250 271 393 322; x_wconf 84' lang='lat' dir='ltr'>PAR.</span> <span class='ocrx_word' id='word_1_10' title='bbox 433 267 591 320; x_wconf 83' lang='lat' dir='ltr'>Viden’</span> <span class='ocrx_word' id='word_1_11' title='bbox 613 273 767 324; x_wconf 84' lang='lat' dir='ltr'>otium,</span> <span class='ocrx_word' id='word_1_12' title='bbox 790 283 833 318; x_wconf 85' lang='lat' dir='ltr'>et</span> <span class='ocrx_word' id='word_1_13' title='bbox 855 271 976 318; x_wconf 86' lang='lat' dir='ltr'>cibus</span> <span class='ocrx_word' id='word_1_14' title='bbox 1000 273 1104 335; x_wconf 83' lang='lat' dir='ltr'>quid</span> <span class='ocrx_word' id='word_1_15' title='bbox 1135 272 1260 319; x_wconf 70' lang='lat' dir='ltr'>faciat</span> <span class='ocrx_word' id='word_1_16' title='bbox 1288 277 1488 325; x_wconf 65' lang='lat' dir='ltr'>alienus?</span> 
     </span>
    </p>
   </div>
   <div class='ocr_carea' id='block_1_4' title="bbox 347 344 817 408">
    <p class='ocr_par' dir='ltr' id='par_1_4' title="bbox 347 344 817 408">
     <span class='ocr_line' id='line_1_5' title="bbox 347 344 817 408; baseline -0.009 -11"><span class='ocrx_word' id='word_1_17' title='bbox 347 345 463 397; x_wconf 85' lang='lat' dir='ltr'>GN.</span> <span class='ocrx_word' id='word_1_18' title='bbox 501 347 571 394; x_wconf 86' lang='lat' dir='ltr'>sed</span> <span class='ocrx_word' id='word_1_19' title='bbox 599 363 682 408; x_wconf 86' lang='lat' dir='ltr'>ego</span> <span class='ocrx_word' id='word_1_20' title='bbox 706 344 817 394; x_wconf 81' lang='lat' dir='ltr'>ceffo</span> 
     </span>
    </p>
   </div>
   <div class='ocr_carea' id='block_1_5' title="bbox 157 420 1489 491">
    <p class='ocr_par' dir='ltr' id='par_1_5' title="bbox 157 420 1489 491">
     <span class='ocr_line' id='line_1_6' title="bbox 157 420 1489 491; baseline 0.004 -21"><span class='ocrx_word' id='word_1_21' title='bbox 157 443 216 491; x_wconf 82' lang='lat'>35</span> <span class='ocrx_word' id='word_1_22' title='bbox 250 425 321 471; x_wconf 91' lang='lat' dir='ltr'>Ad</span> <span class='ocrx_word' id='word_1_23' title='bbox 341 420 566 470; x_wconf 85' lang='lat' dir='ltr'><strong>Thaidem</strong></span> <span class='ocrx_word' id='word_1_24' title='bbox 589 423 700 469; x_wconf 89' lang='lat' dir='ltr'>hanc</span> <span class='ocrx_word' id='word_1_25' title='bbox 721 422 950 477; x_wconf 88' lang='lat' dir='ltr'>deducere,</span> <span class='ocrx_word' id='word_1_26' title='bbox 972 433 1015 470; x_wconf 87' lang='lat' dir='ltr'>et</span> <span class='ocrx_word' id='word_1_27' title='bbox 1036 425 1226 485; x_wconf 84' lang='lat' dir='ltr'>rogitare</span> <span class='ocrx_word' id='word_1_28' title='bbox 1239 425 1292 472; x_wconf 85' lang='lat' dir='ltr'>ad</span> <span class='ocrx_word' id='word_1_29' title='bbox 1306 443 1489 476; x_wconf 79' lang='lat' dir='ltr'>coenam</span> 
     </span>
    </p>
   </div>
   <div class='ocr_carea' id='block_1_6' title="bbox 348 499 600 545">
    <p class='ocr_par' dir='ltr' id='par_1_6' title="bbox 348 499 600 545">
     <span class='ocr_line' id='line_1_7' title="bbox 348 499 600 545; baseline -0.008 0"><span class='ocrx_word' id='word_1_30' title='bbox 348 510 395 545; x_wconf 91' lang='lat' dir='ltr'>vt</span> <span class='ocrx_word' id='word_1_31' title='bbox 425 500 568 544; x_wconf 78' lang='lat' dir='ltr'>veniat</span> <span class='ocrx_word' id='word_1_32' title='bbox 578 499 600 542; x_wconf 72' lang='lat' dir='ltr'>&#39;t’</span> 
     </span>
    </p>
   </div>
   <div class='ocr_carea' id='block_1_7' title="bbox 247 571 1487 633">
    <p class='ocr_par' dir='ltr' id='par_1_7' title="bbox 247 571 1487 633">
     <span class='ocr_line' id='line_1_8' title="bbox 247 571 1487 633; baseline 0.003 -11"><span class='ocrx_word' id='word_1_33' title='bbox 247 575 334 623; x_wconf 86' lang='lat' dir='ltr'>Sed</span> <span class='ocrx_word' id='word_1_34' title='bbox 343 579 661 624; x_wconf 86' lang='lat' dir='ltr'>Parmenonem</span> <span class='ocrx_word' id='word_1_35' title='bbox 673 584 772 622; x_wconf 87' lang='lat' dir='ltr'>ante</span> <span class='ocrx_word' id='word_1_36' title='bbox 794 571 952 624; x_wconf 84' lang='lat' dir='ltr'>ostium</span> <span class='ocrx_word' id='word_1_37' title='bbox 966 573 1152 624; x_wconf 82' lang='lat' dir='ltr'>Thaidis</span> <span class='ocrx_word' id='word_1_38' title='bbox 1166 573 1329 623; x_wconf 84' lang='lat' dir='ltr'>tristem</span> <span class='ocrx_word' id='word_1_39' title='bbox 1342 579 1487 633; x_wconf 66' lang='lat' dir='ltr'>video,</span> 
     </span>
    </p>
   </div>
   <div class='ocr_carea' id='block_1_8' title="bbox 94 773 774 1054">
    <p class='ocr_par' dir='ltr' id='par_1_8' title="bbox 94 773 774 1054">
     <span class='ocr_line' id='line_1_9' title="bbox 164 773 774 832; baseline -0.003 -15"><span class='ocrx_word' id='word_1_40' title='bbox 164 787 215 832; x_wconf 85' lang='lat'>13</span> <span class='ocrx_word' id='word_1_41' title='bbox 248 774 414 828; x_wconf 78' lang='lat' dir='ltr'>Parafi&#39;ti</span> <span class='ocrx_word' id='word_1_42' title='bbox 430 777 516 816; x_wconf 79' lang='lat' dir='ltr'>item</span> <span class='ocrx_word' id='word_1_43' title='bbox 543 788 586 815; x_wconf 86' lang='lat' dir='ltr'>vt</span> <span class='ocrx_word' id='word_1_44' title='bbox 608 773 774 815; x_wconf 78' lang='lat' dir='ltr'>Gnatho-</span> 
     </span>
     <span class='ocr_line' id='line_1_10' title="bbox 113 830 772 882; baseline -0.006 -8"><span class='ocrx_word' id='word_1_45' title='bbox 113 837 189 874; x_wconf 79' lang='lat' dir='ltr'>nici</span> <span class='ocrx_word' id='word_1_46' title='bbox 208 834 400 882; x_wconf 82' lang='lat' dir='ltr'>vocentur]</span> <span class='ocrx_word' id='word_1_47' title='bbox 432 835 522 871; x_wconf 83' lang='lat' dir='ltr'>Non</span> <span class='ocrx_word' id='word_1_48' title='bbox 542 830 614 870; x_wconf 86' lang='lat' dir='ltr'>hoc</span> <span class='ocrx_word' id='word_1_49' title='bbox 631 833 772 881; x_wconf 80' lang='lat' dir='ltr'>intulit,</span> 
     </span>
     <span class='ocr_line' id='line_1_11' title="bbox 94 887 773 941; baseline -0.003 -13"><span class='ocrx_word' id='word_1_50' title='bbox 94 890 217 941; x_wconf 68' lang='lat' dir='ltr'>,quod</span> <span class='ocrx_word' id='word_1_51' title='bbox 235 900 415 940; x_wconf 86' lang='lat' dir='ltr'>coeperat</span> <span class='ocrx_word' id='word_1_52' title='bbox 426 888 578 927; x_wconf 83' lang='lat' dir='ltr'>dicere:</span> <span class='ocrx_word' id='word_1_53' title='bbox 607 887 676 927; x_wconf 81' lang='lat' dir='ltr'>nifi</span> <span class='ocrx_word' id='word_1_54' title='bbox 697 887 773 927; x_wconf 87' lang='lat' dir='ltr'>for-</span> 
     </span>
     <span class='ocr_line' id='line_1_12' title="bbox 111 941 771 999; baseline -0.002 -15"><span class='ocrx_word' id='word_1_55' title='bbox 111 956 153 985; x_wconf 88' lang='lat' dir='ltr'>te</span> <span class='ocrx_word' id='word_1_56' title='bbox 173 946 402 999; x_wconf 83' lang='lat' dir='ltr'><em>disciplinam</em></span> <span class='ocrx_word' id='word_1_57' title='bbox 420 956 490 995; x_wconf 84' lang='lat' dir='ltr'>pro</span> <span class='ocrx_word' id='word_1_58' title='bbox 510 941 702 995; x_wconf 80' lang='lat' dir='ltr'>discipulis</span> <span class='ocrx_word' id='word_1_59' title='bbox 712 957 771 983; x_wconf 80' lang='lat' dir='ltr'>ac-</span> 
     </span>
     <span class='ocr_line' id='line_1_13' title="bbox 111 1002 398 1054; baseline 0 -14"><span class='ocrx_word' id='word_1_60' title='bbox 111 1002 292 1054; x_wconf 61' lang='lat' dir='ltr'>cipimus,</span> <span class='ocrx_word' id='word_1_61' title='bbox 348 1003 398 1042; x_wconf 91' lang='lat' dir='ltr'>D.</span> 
     </span>
    </p>
   </div>
   <div class='ocr_carea' id='block_1_9' title="bbox 110 1109 775 1278">
    <p class='ocr_par' dir='ltr' id='par_1_9' title="bbox 110 1109 775 1278">
     <span class='ocr_line' id='line_1_14' title="bbox 165 1109 775 1161; baseline -0.003 -8"><span class='ocrx_word' id='word_1_62' title='bbox 165 1115 251 1153; x_wconf 89' lang='lat' dir='ltr'>Nec</span> <span class='ocrx_word' id='word_1_63' title='bbox 270 1115 328 1154; x_wconf 85' lang='lat' dir='ltr'>ita</span> <span class='ocrx_word' id='word_1_64' title='bbox 354 1124 442 1151; x_wconf 90' lang='lat' dir='ltr'>cum</span> <span class='ocrx_word' id='word_1_65' title='bbox 458 1109 671 1161; x_wconf 70' lang='lat' dir='ltr'>Bet-sibim,</span> <span class='ocrx_word' id='word_1_66' title='bbox 700 1124 775 1152; x_wconf 86' lang='lat' dir='ltr'>nee</span> 
     </span>
     <span class='ocr_line' id='line_1_15' title="bbox 111 1165 773 1210; baseline -0.003 0"><span class='ocrx_word' id='word_1_67' title='bbox 111 1169 244 1210; x_wconf 82' lang='lat' dir='ltr'>itidem</span> <span class='ocrx_word' id='word_1_68' title='bbox 263 1182 351 1209; x_wconf 89' lang='lat' dir='ltr'>cum</span> <span class='ocrx_word' id='word_1_69' title='bbox 369 1168 453 1207; x_wconf 84' lang='lat' dir='ltr'>aliis</span> <span class='ocrx_word' id='word_1_70' title='bbox 472 1167 584 1207; x_wconf 90' lang='lat' dir='ltr'>codd.</span> <span class='ocrx_word' id='word_1_71' title='bbox 605 1165 669 1208; x_wconf 85' lang='lat' dir='ltr'>sed</span> <span class='ocrx_word' id='word_1_72' title='bbox 683 1171 773 1209; x_wconf 72' lang='lat' dir='ltr'>item</span> 
     </span>
     <span class='ocr_line' id='line_1_16' title="bbox 110 1222 770 1278; baseline 0 -13"><span class='ocrx_word' id='word_1_73' title='bbox 110 1222 240 1265; x_wconf 75' lang='lat' dir='ltr'>versus</span> <span class='ocrx_word' id='word_1_74' title='bbox 264 1224 398 1278; x_wconf 85' lang='lat' dir='ltr'>exigit.</span> <span class='ocrx_word' id='word_1_75' title='bbox 415 1226 584 1263; x_wconf 80' lang='lat' dir='ltr'>Faernus</span> <span class='ocrx_word' id='word_1_76' title='bbox 596 1224 700 1276; x_wconf 86' lang='lat' dir='ltr'>apud</span> <span class='ocrx_word' id='word_1_77' title='bbox 728 1227 770 1265; x_wconf 86' lang='grc' dir='ltr'>Β.</span> 
     </span>
    </p>
   </div>
   <div class='ocr_carea' id='block_1_10' title="bbox 103 1332 779 1725">
    <p class='ocr_par' dir='ltr' id='par_1_10' title="bbox 103 1332 779 1725">
     <span class='ocr_line' id='line_1_17' title="bbox 168 1332 777 1390; baseline -0.007 -14"><span class='ocrx_word' id='word_1_78' title='bbox 168 1348 225 1390; x_wconf 84' lang='lat'>34</span> <span class='ocrx_word' id='word_1_79' title='bbox 255 1335 381 1375; x_wconf 85' lang='lat' dir='ltr'>Viden&#39;</span> <span class='ocrx_word' id='word_1_80' title='bbox 400 1335 515 1374; x_wconf 85' lang='lat' dir='ltr'>otium</span> <span class='ocrx_word' id='word_1_81' title='bbox 532 1347 568 1374; x_wconf 86' lang='lat' dir='ltr'>et</span> <span class='ocrx_word' id='word_1_82' title='bbox 580 1332 678 1374; x_wconf 84' lang='lat' dir='ltr'>cibus</span> <span class='ocrx_word' id='word_1_83' title='bbox 687 1334 777 1387; x_wconf 79' lang='lat' dir='ltr'>quid</span> 
     </span>
     <span class='ocr_line' id='line_1_18' title="bbox 104 1388 774 1446; baseline -0.003 -15"><span class='ocrx_word' id='word_1_84' title='bbox 104 1392 235 1446; x_wconf 74' lang='lat' dir='ltr'>fizciat</span> <span class='ocrx_word' id='word_1_85' title='bbox 254 1391 442 1444; x_wconf 71' lang='lat' dir='ltr'>alienus?]</span> <span class='ocrx_word' id='word_1_86' title='bbox 470 1388 604 1430; x_wconf 85' lang='lat' dir='ltr'>Rursus</span> <span class='ocrx_word' id='word_1_87' title='bbox 623 1394 774 1430; x_wconf 83' lang='lat' dir='ltr'>Parme-</span> 
     </span>
     <span class='ocr_line' id='line_1_19' title="bbox 116 1445 775 1494; baseline -0.006 -5"><span class='ocrx_word' id='word_1_88' title='bbox 116 1463 170 1489; x_wconf 87' lang='lat' dir='ltr'>no</span> <span class='ocrx_word' id='word_1_89' title='bbox 202 1458 241 1488; x_wconf 91' lang='lat' dir='ltr'>et</span> <span class='ocrx_word' id='word_1_90' title='bbox 262 1446 419 1486; x_wconf 82' lang='lat' dir='ltr'>facetias</span> <span class='ocrx_word' id='word_1_91' title='bbox 442 1446 554 1494; x_wconf 86' lang='lat' dir='ltr'>dicit,</span> <span class='ocrx_word' id='word_1_92' title='bbox 581 1457 620 1485; x_wconf 89' lang='lat' dir='ltr'>et</span> <span class='ocrx_word' id='word_1_93' title='bbox 646 1445 775 1485; x_wconf 83' lang='lat' dir='ltr'>distin-</span> 
     </span>
     <span class='ocr_line' id='line_1_20' title="bbox 114 1501 775 1559; baseline -0.006 -16"><span class='ocrx_word' id='word_1_94' title='bbox 114 1506 201 1559; x_wconf 84' lang='lat' dir='ltr'>guit</span> <span class='ocrx_word' id='word_1_95' title='bbox 259 1502 546 1556; x_wconf 82' lang='lat' dir='ltr'>longiloquium</span> <span class='ocrx_word' id='word_1_96' title='bbox 611 1501 775 1553; x_wconf 78' lang='lat' dir='ltr'>parasiti,</span> 
     </span>
     <span class='ocr_line' id='line_1_21' title="bbox 114 1557 779 1616; baseline -0.003 -18"><span class='ocrx_word' id='word_1_97' title='bbox 114 1558 376 1616; x_wconf 69' lang='lat' dir='ltr'>Qidfizciat]</span> <span class='ocrx_word' id='word_1_98' title='bbox 406 1559 566 1610; x_wconf 82' lang='lat' dir='ltr'>Legitur</span> <span class='ocrx_word' id='word_1_99' title='bbox 594 1568 650 1605; x_wconf 88' lang='lat' dir='ltr'>et,</span> <span class='ocrx_word' id='word_1_100' title='bbox 687 1557 779 1609; x_wconf 77' lang='lat' dir='ltr'>quid</span> 
     </span>
     <span class='ocr_line' id='line_1_22' title="bbox 103 1611 776 1670; baseline -0.004 -15"><span class='ocrx_word' id='word_1_101' title='bbox 103 1618 232 1670; x_wconf 83' lang='lat' dir='ltr'>facit:</span> <span class='ocrx_word' id='word_1_102' title='bbox 261 1626 298 1654; x_wconf 81' lang='lat' dir='ltr'>vt</span> <span class='ocrx_word' id='word_1_103' title='bbox 320 1613 364 1652; x_wconf 86' lang='lat' dir='ltr'>{it</span> <span class='ocrx_word' id='word_1_104' title='bbox 388 1611 510 1666; x_wconf 77' lang='lat' dir='ltr'>figura</span> <span class='ocrx_word' id='word_1_105' title='bbox 528 1626 601 1665; x_wconf 84' lang='lat' dir='ltr'>per</span> <span class='ocrx_word' id='word_1_106' title='bbox 627 1613 776 1662; x_wconf 84' lang='lat' dir='ltr'>modos,</span> 
     </span>
     <span class='ocr_line' id='line_1_23' title="bbox 122 1669 578 1725; baseline -0.004 -13"><span class='ocrx_word' id='word_1_107' title='bbox 122 1684 205 1723; x_wconf 77' lang='lat' dir='ltr'>pro,</span> <span class='ocrx_word' id='word_1_108' title='bbox 230 1671 322 1725; x_wconf 83' lang='lat' dir='ltr'>quid</span> <span class='ocrx_word' id='word_1_109' title='bbox 329 1669 471 1721; x_wconf 72' lang='lat' dir='ltr'>ficiat.</span> <span class='ocrx_word' id='word_1_110' title='bbox 525 1671 578 1710; x_wconf 88' lang='lat' dir='ltr'>D.</span> 
     </span>
    </p>
   </div>
   <div class='ocr_carea' id='block_1_11' title="bbox 112 1778 775 2228">
    <p class='ocr_par' dir='ltr' id='par_1_11' title="bbox 112 1778 775 2228">
     <span class='ocr_line' id='line_1_24' title="bbox 171 1778 773 1833; baseline -0.005 -10"><span class='ocrx_word' id='word_1_111' title='bbox 171 1782 313 1830; x_wconf 80' lang='lat' dir='ltr'>Viden’,</span> <span class='ocrx_word' id='word_1_112' title='bbox 334 1782 462 1830; x_wconf 84' lang='lat' dir='ltr'>otium,</span> <span class='ocrx_word' id='word_1_113' title='bbox 480 1795 515 1821; x_wconf 86' lang='lat' dir='ltr'>et</span> <span class='ocrx_word' id='word_1_114' title='bbox 541 1778 653 1833; x_wconf 82' lang='lat' dir='ltr'>cibus]</span> <span class='ocrx_word' id='word_1_115' title='bbox 682 1783 773 1822; x_wconf 90' lang='lat' dir='ltr'>Duo</span> 
     </span>
     <span class='ocr_line' id='line_1_25' title="bbox 117 1835 772 1890; baseline -0.005 -10"><span class='ocrx_word' id='word_1_116' title='bbox 117 1838 172 1880; x_wconf 37' lang='lat' dir='ltr'>ad*</span> <span class='ocrx_word' id='word_1_117' title='bbox 188 1838 504 1878; x_wconf 71' lang='lat' dir='ltr'>detrectationem</span> <span class='ocrx_word' id='word_1_118' title='bbox 536 1835 670 1890; x_wconf 87' lang='lat' dir='ltr'>posuit.</span> <span class='ocrx_word' id='word_1_119' title='bbox 727 1839 772 1877; x_wconf 88' lang='lat'>0-</span> 
     </span>
     <span class='ocr_line' id='line_1_26' title="bbox 115 1895 774 1944; baseline -0.003 -9"><span class='ocrx_word' id='word_1_120' title='bbox 115 1898 220 1942; x_wconf 83' lang='lat' dir='ltr'>tium‚</span> <span class='ocrx_word' id='word_1_121' title='bbox 241 1907 330 1933; x_wconf 90' lang='lat' dir='ltr'>cum</span> <span class='ocrx_word' id='word_1_122' title='bbox 350 1906 482 1944; x_wconf 89' lang='lat' dir='ltr'>neque</span> <span class='ocrx_word' id='word_1_123' title='bbox 505 1895 678 1943; x_wconf 87' lang='lat' dir='ltr'>animus,</span> <span class='ocrx_word' id='word_1_124' title='bbox 706 1907 774 1934; x_wconf 89' lang='lat' dir='ltr'>ne-</span> 
     </span>
     <span class='ocr_line' id='line_1_27' title="bbox 116 1950 774 2003; baseline -0.005 -12"><span class='ocrx_word' id='word_1_125' title='bbox 116 1964 196 2003; x_wconf 90' lang='lat' dir='ltr'>que</span> <span class='ocrx_word' id='word_1_126' title='bbox 214 1963 349 2002; x_wconf 82' lang='lat' dir='ltr'>corpus</span> <span class='ocrx_word' id='word_1_127' title='bbox 367 1950 512 1988; x_wconf 80' lang='lat' dir='ltr'>excitus</span> <span class='ocrx_word' id='word_1_128' title='bbox 532 1951 774 1989; x_wconf 83' lang='lat' dir='ltr'>curationem</span> 
     </span>
     <span class='ocr_line' id='line_1_28' title="bbox 112 2003 775 2059; baseline -0.002 -13"><span class='ocrx_word' id='word_1_129' title='bbox 112 2005 448 2046; x_wconf 79' lang='lat' dir='ltr'>&#39;humanitatemue</span> <span class='ocrx_word' id='word_1_130' title='bbox 459 2003 668 2059; x_wconf 85' lang='lat' dir='ltr'>cognoscit.</span> <span class='ocrx_word' id='word_1_131' title='bbox 697 2009 775 2047; x_wconf 90' lang='lat' dir='ltr'>Ve-</span> 
     </span>
     <span class='ocr_line' id='line_1_29' title="bbox 118 2062 773 2113; baseline -0.003 -11"><span class='ocrx_word' id='word_1_132' title='bbox 118 2075 204 2102; x_wconf 77' lang='lat' dir='ltr'>rum</span> <span class='ocrx_word' id='word_1_133' title='bbox 233 2062 326 2101; x_wconf 84' lang='lat' dir='ltr'>istud</span> <span class='ocrx_word' id='word_1_134' title='bbox 353 2076 487 2113; x_wconf 85' lang='lat' dir='ltr'>parum</span> <span class='ocrx_word' id='word_1_135' title='bbox 505 2062 578 2108; x_wconf 89' lang='lat' dir='ltr'>est,</span> <span class='ocrx_word' id='word_1_136' title='bbox 610 2062 773 2109; x_wconf 80' lang='lat' dir='ltr'>&#39;adiecit3</span> 
     </span>
     <span class='ocr_line' id='line_1_30' title="bbox 119 2117 774 2162; baseline 0 -5"><span class='ocrx_word' id='word_1_137' title='bbox 119 2118 234 2158; x_wconf 84' lang='lat' dir='ltr'>Cibus</span> <span class='ocrx_word' id='word_1_138' title='bbox 242 2119 389 2162; x_wconf 71' lang='lat' dir='ltr'>alienus,</span> <span class='ocrx_word' id='word_1_139' title='bbox 411 2130 447 2156; x_wconf 79' lang='lat' dir='ltr'>vt</span> <span class='ocrx_word' id='word_1_140' title='bbox 460 2128 500 2156; x_wconf 91' lang='lat' dir='ltr'>et</span> <span class='ocrx_word' id='word_1_141' title='bbox 509 2118 713 2158; x_wconf 59' lang='lat' dir='ltr'>deuinctus</span> <span class='ocrx_word' id='word_1_142' title='bbox 730 2117 774 2158; x_wconf 84' lang='lat' dir='ltr'>fit</span> 
     </span>
     <span class='ocr_line' id='line_1_31' title="bbox 119 2174 691 2228; baseline 0 -15"><span class='ocrx_word' id='word_1_143' title='bbox 119 2174 197 2213; x_wconf 77' lang='lat' dir='ltr'>iam</span> <span class='ocrx_word' id='word_1_144' title='bbox 216 2174 323 2213; x_wconf 85' lang='lat' dir='ltr'>nulla</span> <span class='ocrx_word' id='word_1_145' title='bbox 342 2174 594 2228; x_wconf 83' lang='lat' dir='ltr'>cogitatione.</span> <span class='ocrx_word' id='word_1_146' title='bbox 649 2177 691 2215; x_wconf 90' lang='lat' dir='ltr'>E.</span> 
     </span>
    </p>
   </div>
   <div class='ocr_carea' id='block_1_12' title="bbox 112 2283 777 2625">
    <p class='ocr_par' dir='ltr' id='par_1_12' title="bbox 112 2283 777 2625">
     <span class='ocr_line' id='line_1_32' title="bbox 176 2283 773 2341; baseline 0.005 -18"><span class='ocrx_word' id='word_1_147' title='bbox 176 2284 313 2334; x_wconf 75' lang='lat' dir='ltr'>de’,</span> <span class='ocrx_word' id='word_1_148' title='bbox 337 2287 463 2335; x_wconf 85' lang='lat' dir='ltr'>otium,</span> <span class='ocrx_word' id='word_1_149' title='bbox 483 2300 518 2326; x_wconf 85' lang='lat' dir='ltr'>et</span> <span class='ocrx_word' id='word_1_150' title='bbox 532 2283 651 2341; x_wconf 85' lang='lat' dir='ltr'>cibus]</span> <span class='ocrx_word' id='word_1_151' title='bbox 678 2286 773 2327; x_wconf 84' lang='lat' dir='ltr'>Dio·</span> 
     </span>
     <span class='ocr_line' id='line_1_33' title="bbox 119 2339 773 2395; baseline 0.008 -16"><span class='ocrx_word' id='word_1_152' title='bbox 119 2339 247 2393; x_wconf 72' lang='lat' dir='ltr'>nysius</span> <span class='ocrx_word' id='word_1_153' title='bbox 273 2342 312 2380; x_wconf 92' lang='lat' dir='ltr'>P.</span> <span class='ocrx_word' id='word_1_154' title='bbox 340 2344 380 2385; x_wconf 79' lang='lat' dir='ltr'>P.</span> <span class='ocrx_word' id='word_1_155' title='bbox 398 2342 555 2395; x_wconf 87' lang='lat' dir='ltr'>Epistol.</span> <span class='ocrx_word' id='word_1_156' title='bbox 582 2343 630 2382; x_wconf 87' lang='lat' dir='ltr'>ad</span> <span class='ocrx_word' id='word_1_157' title='bbox 657 2344 773 2384; x_wconf 84' lang='lat' dir='ltr'>Seue-</span> 
     </span>
     <span class='ocr_line' id='line_1_34' title="bbox 119 2395 774 2449; baseline 0.003 -13"><span class='ocrx_word' id='word_1_158' title='bbox 119 2409 229 2436; x_wconf 78' lang='lat' dir='ltr'>rum:</span> <span class='ocrx_word' id='word_1_159' title='bbox 264 2395 338 2436; x_wconf 78' lang='lat' dir='ltr'>Vos</span> <span class='ocrx_word' id='word_1_160' title='bbox 357 2396 469 2449; x_wconf 73' lang='lat' dir='ltr'>otiofi</span> <span class='ocrx_word' id='word_1_161' title='bbox 481 2398 594 2439; x_wconf 86' lang='lat' dir='ltr'>vultis</span> <span class='ocrx_word' id='word_1_162' title='bbox 621 2401 774 2439; x_wconf 84' lang='lat' dir='ltr'>comede·</span> 
     </span>
     <span class='ocr_line' id='line_1_35' title="bbox 122 2451 775 2502; baseline 0.006 -11"><span class='ocrx_word' id='word_1_163' title='bbox 122 2465 164 2491; x_wconf 82' lang='lat' dir='ltr'>re</span> <span class='ocrx_word' id='word_1_164' title='bbox 192 2451 345 2492; x_wconf 83' lang='lat' dir='ltr'>alienum</span> <span class='ocrx_word' id='word_1_165' title='bbox 369 2453 504 2502; x_wconf 76' lang='lat' dir='ltr'>cibum,</span> <span class='ocrx_word' id='word_1_166' title='bbox 532 2453 653 2495; x_wconf 76' lang='lat' dir='ltr'>videte</span> <span class='ocrx_word' id='word_1_167' title='bbox 670 2471 715 2496; x_wconf 86' lang='lat' dir='ltr'>ne</span> <span class='ocrx_word' id='word_1_168' title='bbox 734 2459 775 2495; x_wconf 83' lang='lat' dir='ltr'>in</span> 
     </span>
     <span class='ocr_line' id='line_1_36' title="bbox 122 2506 777 2565; baseline 0.006 -18"><span class='ocrx_word' id='word_1_169' title='bbox 122 2520 191 2548; x_wconf 75' lang='lat' dir='ltr'>vos</span> <span class='ocrx_word' id='word_1_170' title='bbox 217 2506 311 2546; x_wconf 85' lang='lat' dir='ltr'>illud</span> <span class='ocrx_word' id='word_1_171' title='bbox 329 2514 540 2550; x_wconf 77' lang='lat' dir='ltr'>conueniat:</span> <span class='ocrx_word' id='word_1_172' title='bbox 573 2511 665 2551; x_wconf 85' lang='lat' dir='ltr'>Vide</span> <span class='ocrx_word' id='word_1_173' title='bbox 686 2512 777 2565; x_wconf 82' lang='lat' dir='ltr'>quid</span> 
     </span>
     <span class='ocr_line' id='line_1_37' title="bbox 112 2563 774 2625; baseline 0.005 -20"><span class='ocrx_word' id='word_1_174' title='bbox 112 2563 253 2619; x_wconf 39' lang='lat' dir='ltr'>ficiat·</span> <span class='ocrx_word' id='word_1_175' title='bbox 275 2566 391 2610; x_wconf 70' lang='lat' dir='ltr'>otium</span> <span class='ocrx_word' id='word_1_176' title='bbox 408 2578 466 2625; x_wconf 30' lang='lat' dir='ltr'>net!</span> <span class='ocrx_word' id='word_1_177' title='bbox 491 2566 631 2616; x_wconf 70' lang='lat' dir='ltr'>alienus</span> <span class='ocrx_word' id='word_1_178' title='bbox 662 2569 774 2613; x_wconf 67' lang='lat' dir='ltr'>cibus.</span> 
     </span>
    </p>
   </div>
   <div class='ocr_carea' id='block_1_13' title="bbox 1356 658 1484 701">
    <p class='ocr_par' dir='ltr' id='par_1_13' title="bbox 1356 658 1484 701">
     <span class='ocr_line' id='line_1_38' title="bbox 1356 658 1484 701; baseline 0 0"><span class='ocrx_word' id='word_1_179' title='bbox 1356 658 1484 701; x_wconf 84' lang='lat' dir='ltr'>Riua-</span> 
     </span>
    </p>
   </div>
   <div class='ocr_carea' id='block_1_14' title="bbox 821 775 1535 2394">
    <p class='ocr_par' dir='ltr' id='par_1_14' title="bbox 821 775 1486 945">
     <span class='ocr_line' id='line_1_39' title="bbox 823 775 1486 829; baseline 0.002 -12"><span class='ocrx_word' id='word_1_180' title='bbox 823 780 869 818; x_wconf 88' lang='lat' dir='ltr'>In</span> <span class='ocrx_word' id='word_1_181' title='bbox 894 775 964 817; x_wconf 85' lang='lat' dir='ltr'>Ms.</span> <span class='ocrx_word' id='word_1_182' title='bbox 988 778 1028 817; x_wconf 87' lang='lat' dir='ltr'>R.</span> <span class='ocrx_word' id='word_1_183' title='bbox 1049 781 1119 814; x_wconf 69' lang='grc' dir='ltr'>ἀντὶ</span> <span class='ocrx_word' id='word_1_184' title='bbox 1146 778 1191 814; x_wconf 74' lang='grc' dir='ltr'>τὲ</span> <span class='ocrx_word' id='word_1_185' title='bbox 1205 776 1355 827; x_wconf 73' lang='lat' dir='ltr'>ficiat,</span> <span class='ocrx_word' id='word_1_186' title='bbox 1377 780 1486 829; x_wconf 78' lang='lat' dir='ltr'>fc‘zcit</span> 
     </span>
     <span class='ocr_line' id='line_1_40' title="bbox 823 832 1484 889; baseline -0.006 -16"><span class='ocrx_word' id='word_1_187' title='bbox 823 845 925 877; x_wconf 81' lang='lat' dir='ltr'>erat:</span> <span class='ocrx_word' id='word_1_188' title='bbox 955 844 991 872; x_wconf 82' lang='lat' dir='ltr'>vt</span> <span class='ocrx_word' id='word_1_189' title='bbox 1008 845 1048 872; x_wconf 89' lang='lat' dir='ltr'>et</span> <span class='ocrx_word' id='word_1_190' title='bbox 1068 832 1198 884; x_wconf 83' lang='lat' dir='ltr'>postea</span> <span class='ocrx_word' id='word_1_191' title='bbox 1227 847 1380 889; x_wconf 71' lang='lat' dir='ltr'>rogare,</span> <span class='ocrx_word' id='word_1_192' title='bbox 1411 850 1484 887; x_wconf 81' lang='lat' dir='ltr'>pro</span> 
     </span>
     <span class='ocr_line' id='line_1_41' title="bbox 821 892 1100 945; baseline -0.007 -15"><span class='ocrx_word' id='word_1_193' title='bbox 821 893 1002 945; x_wconf 76' lang='lat' dir='ltr'>rogitare.</span> <span class='ocrx_word' id='word_1_194' title='bbox 1060 892 1100 928; x_wconf 89' lang='lat' dir='ltr'>L.</span> 
     </span>
    </p>

    <p class='ocr_par' dir='ltr' id='par_1_15' title="bbox 821 944 1486 1098">
     <span class='ocr_line' id='line_1_42' title="bbox 873 944 1486 998; baseline 0 -11"><span class='ocrx_word' id='word_1_195' title='bbox 873 948 989 987; x_wconf 55' lang='lat' dir='ltr'>Rene</span> <span class='ocrx_word' id='word_1_196' title='bbox 998 944 1106 996; x_wconf 81' lang='lat' dir='ltr'>fizcit</span> <span class='ocrx_word' id='word_1_197' title='bbox 1125 944 1274 984; x_wconf 85' lang='lat' dir='ltr'>habent</span> <span class='ocrx_word' id='word_1_198' title='bbox 1294 946 1379 986; x_wconf 81' lang='lat' dir='ltr'>libri</span> <span class='ocrx_word' id='word_1_199' title='bbox 1405 948 1486 998; x_wconf 84' lang='lat' dir='ltr'>ple-</span> 
     </span>
     <span class='ocr_line' id='line_1_43' title="bbox 821 999 1486 1056; baseline 0.002 -14"><span class='ocrx_word' id='word_1_200' title='bbox 821 1002 944 1054; x_wconf 80' lang='lat' dir='ltr'>rique,</span> <span class='ocrx_word' id='word_1_201' title='bbox 965 1014 1002 1041; x_wconf 89' lang='lat' dir='ltr'>vt</span> <span class='ocrx_word' id='word_1_202' title='bbox 1026 1011 1065 1041; x_wconf 90' lang='lat' dir='ltr'>et</span> <span class='ocrx_word' id='word_1_203' title='bbox 1084 999 1214 1041; x_wconf 83' lang='lat' dir='ltr'>versus</span> <span class='ocrx_word' id='word_1_204' title='bbox 1233 1003 1329 1042; x_wconf 84' lang='lat' dir='ltr'>ratio</span> <span class='ocrx_word' id='word_1_205' title='bbox 1349 1002 1486 1056; x_wconf 46' lang='lat' dir='ltr'>exspos-</span> 
     </span>
     <span class='ocr_line' id='line_1_44' title="bbox 823 1059 982 1098; baseline -0.006 0"><span class='ocrx_word' id='word_1_206' title='bbox 823 1059 886 1098; x_wconf 89' lang='lat' dir='ltr'>cit.</span> <span class='ocrx_word' id='word_1_207' title='bbox 942 1062 982 1098; x_wconf 77' lang='grc' dir='ltr'>Β.</span> 
     </span>
    </p>

    <p class='ocr_par' dir='ltr' id='par_1_16' title="bbox 823 1114 1535 1947">
     <span class='ocr_line' id='line_1_45' title="bbox 881 1114 1485 1167; baseline 0.007 -15"><span class='ocrx_word' id='word_1_208' title='bbox 881 1126 933 1166; x_wconf 84' lang='lat'>35</span> <span class='ocrx_word' id='word_1_209' title='bbox 963 1115 1072 1153; x_wconf 87' lang='lat' dir='ltr'>Hunc</span> <span class='ocrx_word' id='word_1_210' title='bbox 1091 1114 1279 1167; x_wconf 59' lang='lat' dir='ltr'>deducere]</span> <span class='ocrx_word' id='word_1_211' title='bbox 1309 1116 1485 1167; x_wconf 57' lang='lat' dir='ltr'>Propria·</span> 
     </span>
     <span class='ocr_line' id='line_1_46' title="bbox 824 1170 1487 1223; baseline 0.002 -13"><span class='ocrx_word' id='word_1_212' title='bbox 824 1173 922 1210; x_wconf 87' lang='lat' dir='ltr'>Nam</span> <span class='ocrx_word' id='word_1_213' title='bbox 949 1172 1098 1210; x_wconf 78' lang='lat' dir='ltr'>ducitur</span> <span class='ocrx_word' id='word_1_214' title='bbox 1126 1172 1211 1222; x_wconf 80' lang='lat' dir='ltr'>quis</span> <span class='ocrx_word' id='word_1_215' title='bbox 1233 1170 1282 1209; x_wconf 78' lang='lat' dir='ltr'>ad</span> <span class='ocrx_word' id='word_1_216' title='bbox 1310 1170 1487 1223; x_wconf 65' lang='lat' dir='ltr'>suf-phei-</span> 
     </span>
     <span class='ocr_line' id='line_1_47' title="bbox 824 1227 1484 1268; baseline 0.006 -4"><span class='ocrx_word' id='word_1_217' title='bbox 824 1227 948 1266; x_wconf 88' lang='lat' dir='ltr'>cium:</span> <span class='ocrx_word' id='word_1_218' title='bbox 981 1227 1193 1266; x_wconf 54' lang='lat' dir='ltr'>Deducimr</span> <span class='ocrx_word' id='word_1_219' title='bbox 1220 1227 1268 1266; x_wconf 83' lang='lat' dir='ltr'>ad</span> <span class='ocrx_word' id='word_1_220' title='bbox 1298 1228 1484 1268; x_wconf 61' lang='lat' dir='ltr'>laetitxitn</span> 
     </span>
     <span class='ocr_line' id='line_1_48' title="bbox 823 1282 1483 1334; baseline 0 -11"><span class='ocrx_word' id='word_1_221' title='bbox 823 1285 925 1334; x_wconf 81' lang='lat' dir='ltr'>(Aut</span> <span class='ocrx_word' id='word_1_222' title='bbox 945 1282 1040 1321; x_wconf 85' lang='lat' dir='ltr'>haec</span> <span class='ocrx_word' id='word_1_223' title='bbox 1067 1297 1089 1321; x_wconf 86' lang='lat' dir='ltr'>a</span> <span class='ocrx_word' id='word_1_224' title='bbox 1105 1285 1262 1323; x_wconf 85' lang='lat' dir='ltr'>Donato</span> <span class='ocrx_word' id='word_1_225' title='bbox 1281 1296 1361 1321; x_wconf 83' lang='lat' dir='ltr'>nen</span> <span class='ocrx_word' id='word_1_226' title='bbox 1381 1283 1483 1334; x_wconf 83' lang='lat' dir='ltr'>sunt,</span> 
     </span>
     <span class='ocr_line' id='line_1_49' title="bbox 824 1335 1488 1389; baseline 0.006 -13"><span class='ocrx_word' id='word_1_227' title='bbox 824 1349 890 1377; x_wconf 87' lang='lat' dir='ltr'>aut</span> <span class='ocrx_word' id='word_1_228' title='bbox 910 1351 955 1376; x_wconf 83' lang='lat' dir='ltr'>ea</span> <span class='ocrx_word' id='word_1_229' title='bbox 972 1336 1058 1376; x_wconf 86' lang='lat' dir='ltr'>sunt</span> <span class='ocrx_word' id='word_1_230' title='bbox 1079 1335 1214 1389; x_wconf 85' lang='lat' dir='ltr'>spuria,</span> <span class='ocrx_word' id='word_1_231' title='bbox 1238 1352 1338 1389; x_wconf 87' lang='lat' dir='ltr'>quae</span> <span class='ocrx_word' id='word_1_232' title='bbox 1349 1352 1488 1380; x_wconf 59' lang='lat' dir='ltr'>netan-</span> 
     </span>
     <span class='ocr_line' id='line_1_50' title="bbox 826 1393 1484 1446; baseline 0.003 -14"><span class='ocrx_word' id='word_1_233' title='bbox 826 1404 888 1432; x_wconf 84' lang='lat' dir='ltr'>tur</span> <span class='ocrx_word' id='word_1_234' title='bbox 909 1393 1012 1432; x_wconf 82' lang='lat' dir='ltr'>infra</span> <span class='ocrx_word' id='word_1_235' title='bbox 1028 1407 1073 1441; x_wconf 82' lang='lat'>11,</span> <span class='ocrx_word' id='word_1_236' title='bbox 1096 1407 1130 1444; x_wconf 76' lang='lat'>3,</span> <span class='ocrx_word' id='word_1_237' title='bbox 1152 1402 1214 1446; x_wconf 79' lang='lat'>85.</span> <span class='ocrx_word' id='word_1_238' title='bbox 1243 1394 1484 1446; x_wconf 52' lang='lat' dir='ltr'>Abante-imur,</span> 
     </span>
     <span class='ocr_line' id='line_1_51' title="bbox 825 1448 1483 1503; baseline 0.002 -15"><span class='ocrx_word' id='word_1_239' title='bbox 825 1451 924 1488; x_wconf 80' lang='lat' dir='ltr'>vnde</span> <span class='ocrx_word' id='word_1_240' title='bbox 959 1448 1148 1492; x_wconf 76' lang='lat' dir='ltr'>volumus5</span> <span class='ocrx_word' id='word_1_241' title='bbox 1183 1450 1372 1499; x_wconf 68' lang='lat' dir='ltr'>ducimur,</span> <span class='ocrx_word' id='word_1_242' title='bbox 1411 1465 1483 1503; x_wconf 77' lang='lat' dir='ltr'>quo</span> 
     </span>
     <span class='ocr_line' id='line_1_52' title="bbox 825 1502 1486 1557; baseline 0.005 -14"><span class='ocrx_word' id='word_1_243' title='bbox 825 1506 1004 1544; x_wconf 82' lang='lat' dir='ltr'>volumus.</span> <span class='ocrx_word' id='word_1_244' title='bbox 1057 1508 1104 1544; x_wconf 85' lang='lat' dir='ltr'>Et</span> <span class='ocrx_word' id='word_1_245' title='bbox 1139 1502 1228 1543; x_wconf 80' lang='lat' dir='ltr'>sane</span> <span class='ocrx_word' id='word_1_246' title='bbox 1267 1505 1486 1557; x_wconf 78' lang='lat' dir='ltr'>promiscue</span> 
     </span>
     <span class='ocr_line' id='line_1_53' title="bbox 826 1559 1486 1612; baseline 0.003 -12"><span class='ocrx_word' id='word_1_247' title='bbox 826 1559 1054 1612; x_wconf 61' lang='lat' dir='ltr'>vstrpantur</span> <span class='ocrx_word' id='word_1_248' title='bbox 1079 1562 1251 1606; x_wconf 63' lang='lat' dir='ltr'>ducentii,</span> <span class='ocrx_word' id='word_1_249' title='bbox 1282 1561 1486 1602; x_wconf 70' lang='lat' dir='ltr'>abducendi</span> 
     </span>
     <span class='ocr_line' id='line_1_54' title="bbox 825 1616 1487 1670; baseline 0.006 -15"><span class='ocrx_word' id='word_1_250' title='bbox 825 1630 860 1655; x_wconf 85' lang='lat' dir='ltr'>et</span> <span class='ocrx_word' id='word_1_251' title='bbox 878 1616 1077 1655; x_wconf 67' lang='lat' dir='ltr'>deducenda·</span> <span class='ocrx_word' id='word_1_252' title='bbox 1097 1616 1223 1655; x_wconf 75' lang='lat' dir='ltr'>verba.</span> <span class='ocrx_word' id='word_1_253' title='bbox 1281 1618 1344 1657; x_wconf 78' lang='lat' dir='ltr'>Sic</span> <span class='ocrx_word' id='word_1_254' title='bbox 1375 1618 1487 1670; x_wconf 84' lang='lat' dir='ltr'>supra</span> 
     </span>
     <span class='ocr_line' id='line_1_55' title="bbox 823 1671 1485 1726; baseline 0 -14"><span class='ocrx_word' id='word_1_255' title='bbox 823 1684 874 1721; x_wconf 85' lang='lat'>11,</span> <span class='ocrx_word' id='word_1_256' title='bbox 904 1685 932 1720; x_wconf 81' lang='lat'>1,</span> <span class='ocrx_word' id='word_1_257' title='bbox 961 1682 1025 1723; x_wconf 86' lang='lat'>23.</span> <span class='ocrx_word' id='word_1_258' title='bbox 1063 1683 1102 1712; x_wconf 87' lang='lat' dir='ltr'>et</span> <span class='ocrx_word' id='word_1_259' title='bbox 1126 1685 1220 1710; x_wconf 80' lang='lat' dir='ltr'>mox</span> <span class='ocrx_word' id='word_1_260' title='bbox 1257 1671 1364 1712; x_wconf 86' lang='lat' dir='ltr'>versu</span> <span class='ocrx_word' id='word_1_261' title='bbox 1384 1676 1485 1726; x_wconf 82' lang='lat'>51.).</span> 
     </span>
     <span class='ocr_line' id='line_1_56' title="bbox 823 1727 1486 1783; baseline 0.006 -17"><span class='ocrx_word' id='word_1_262' title='bbox 823 1727 876 1768; x_wconf 80' lang='lat' dir='ltr'>Et</span> <span class='ocrx_word' id='word_1_263' title='bbox 901 1732 1069 1782; x_wconf 81' lang='lat' dir='ltr'>rogitare</span> <span class='ocrx_word' id='word_1_264' title='bbox 1100 1730 1149 1767; x_wconf 79' lang='lat' dir='ltr'>ad</span> <span class='ocrx_word' id='word_1_265' title='bbox 1176 1731 1339 1783; x_wconf 59' lang='lat' dir='ltr'>coenam]</span> <span class='ocrx_word' id='word_1_266' title='bbox 1379 1731 1486 1770; x_wconf 66' lang='lat' dir='ltr'>vide</span> 
     </span>
     <span class='ocr_line' id='line_1_57' title="bbox 823 1783 1490 1837; baseline 0.004 -15"><span class='ocrx_word' id='word_1_267' title='bbox 823 1783 1023 1836; x_wconf 66' lang='lat' dir='ltr'>parasitum</span> <span class='ocrx_word' id='word_1_268' title='bbox 1041 1785 1163 1837; x_wconf 82' lang='lat' dir='ltr'>magis</span> <span class='ocrx_word' id='word_1_269' title='bbox 1182 1796 1315 1836; x_wconf 86' lang='lat' dir='ltr'>optare</span> <span class='ocrx_word' id='word_1_270' title='bbox 1332 1786 1380 1825; x_wconf 84' lang='lat' dir='ltr'>ad</span> <span class='ocrx_word' id='word_1_271' title='bbox 1399 1800 1490 1825; x_wconf 86' lang='lat' dir='ltr'>coe-</span> 
     </span>
     <span class='ocr_line' id='line_1_58' title="bbox 825 1839 1535 1894; baseline 0.006 -15"><span class='ocrx_word' id='word_1_272' title='bbox 825 1854 917 1879; x_wconf 84' lang='lat' dir='ltr'>nam</span> <span class='ocrx_word' id='word_1_273' title='bbox 945 1839 1141 1880; x_wconf 85' lang='lat' dir='ltr'>&#39;Ihaidem</span> <span class='ocrx_word' id='word_1_274' title='bbox 1175 1842 1326 1892; x_wconf 83' lang='lat' dir='ltr'>vocari,</span> <span class='ocrx_word' id='word_1_275' title='bbox 1367 1855 1487 1894; x_wconf 85' lang='lat' dir='ltr'>quam</span> <span class='ocrx_word' id='word_1_276' title='bbox 1532 1852 1535 1855; x_wconf 87' lang='lat'>&#39;</span> 
     </span>
     <span class='ocr_line' id='line_1_59' title="bbox 823 1899 1245 1947; baseline 0 -11"><span class='ocrx_word' id='word_1_277' title='bbox 823 1909 968 1936; x_wconf 88' lang='lat' dir='ltr'>munus</span> <span class='ocrx_word' id='word_1_278' title='bbox 987 1908 1140 1947; x_wconf 83' lang='lat' dir='ltr'>capere.</span> <span class='ocrx_word' id='word_1_279' title='bbox 1197 1899 1245 1936; x_wconf 89' lang='lat' dir='ltr'>D.</span> 
     </span>
    </p>

    <p class='ocr_par' dir='ltr' id='par_1_17' title="bbox 822 1952 1484 2063">
     <span class='ocr_line' id='line_1_60' title="bbox 876 1952 1484 1993; baseline 0.002 -1"><span class='ocrx_word' id='word_1_280' title='bbox 876 1954 1027 1992; x_wconf 86' lang='lat' dir='ltr'>Omnes</span> <span class='ocrx_word' id='word_1_281' title='bbox 1049 1952 1159 1991; x_wconf 84' lang='lat' dir='ltr'>codd.</span> <span class='ocrx_word' id='word_1_282' title='bbox 1180 1953 1317 1992; x_wconf 82' lang='lat' dir='ltr'>Faerni</span> <span class='ocrx_word' id='word_1_283' title='bbox 1347 1963 1387 1992; x_wconf 89' lang='lat' dir='ltr'>et</span> <span class='ocrx_word' id='word_1_284' title='bbox 1413 1967 1484 1993; x_wconf 89' lang='lat' dir='ltr'>no-</span> 
     </span>
     <span class='ocr_line' id='line_1_61' title="bbox 822 2007 1315 2063; baseline -0.002 -15"><span class='ocrx_word' id='word_1_285' title='bbox 822 2007 886 2048; x_wconf 80' lang='lat' dir='ltr'>stri</span> <span class='ocrx_word' id='word_1_286' title='bbox 907 2008 1054 2048; x_wconf 87' lang='lat' dir='ltr'>habent</span> <span class='ocrx_word' id='word_1_287' title='bbox 1073 2022 1214 2063; x_wconf 77' lang='lat' dir='ltr'>rogare.</span> <span class='ocrx_word' id='word_1_288' title='bbox 1276 2011 1315 2047; x_wconf 74' lang='grc' dir='ltr'>Β.</span> 
     </span>
    </p>

    <p class='ocr_par' dir='ltr' id='par_1_18' title="bbox 822 2063 1484 2161">
     <span class='ocr_line' id='line_1_62' title="bbox 882 2063 1484 2119; baseline 0.007 -17"><span class='ocrx_word' id='word_1_289' title='bbox 882 2068 934 2119; x_wconf 87' lang='lat'>36</span> <span class='ocrx_word' id='word_1_290' title='bbox 973 2063 1142 2114; x_wconf 68' lang='lat' dir='ltr'>Ihaz&#39;dz&#39;s]</span> <span class='ocrx_word' id='word_1_291' title='bbox 1163 2064 1322 2117; x_wconf 85' lang='lat' dir='ltr'>Legitur</span> <span class='ocrx_word' id='word_1_292' title='bbox 1332 2075 1373 2104; x_wconf 86' lang='lat' dir='ltr'>et</span> <span class='ocrx_word' id='word_1_293' title='bbox 1389 2065 1484 2106; x_wconf 79' lang='lat' dir='ltr'><em>Tha-</em></span> 
     </span>
     <span class='ocr_line' id='line_1_63' title="bbox 822 2122 975 2161; baseline 0 -1"><span class='ocrx_word' id='word_1_294' title='bbox 822 2122 866 2161; x_wconf 86' lang='lat' dir='ltr'>is.</span> <span class='ocrx_word' id='word_1_295' title='bbox 926 2123 975 2160; x_wconf 90' lang='lat' dir='ltr'>D.</span> 
     </span>
    </p>

    <p class='ocr_par' dir='ltr' id='par_1_19' title="bbox 822 2174 1487 2394">
     <span class='ocr_line' id='line_1_64' title="bbox 879 2174 1487 2216; baseline 0 0"><span class='ocrx_word' id='word_1_296' title='bbox 879 2174 1014 2216; x_wconf 75' lang='lat' dir='ltr'>Vei-sui</span> <span class='ocrx_word' id='word_1_297' title='bbox 1036 2174 1265 2216; x_wconf 84' lang='lat' dir='ltr'>claudicanti</span> <span class='ocrx_word' id='word_1_298' title='bbox 1289 2176 1354 2216; x_wconf 84' lang='lat' dir='ltr'>alii</span> <span class='ocrx_word' id='word_1_299' title='bbox 1373 2177 1487 2216; x_wconf 79' lang='lat' dir='ltr'>aliter</span> 
     </span>
     <span class='ocr_line' id='line_1_65' title="bbox 822 2232 1486 2272; baseline 0 0"><span class='ocrx_word' id='word_1_300' title='bbox 822 2232 972 2272; x_wconf 84' lang='lat' dir='ltr'>mederi</span> <span class='ocrx_word' id='word_1_301' title='bbox 1007 2242 1206 2272; x_wconf 85' lang='lat' dir='ltr'>conantur.</span> <span class='ocrx_word' id='word_1_302' title='bbox 1240 2236 1335 2272; x_wconf 86' lang='lat' dir='ltr'>&#39;Pro</span> <span class='ocrx_word' id='word_1_303' title='bbox 1370 2234 1486 2272; x_wconf 74' lang='lat' dir='ltr'>Thai-</span> 
     </span>
     <span class='ocr_line' id='line_1_66' title="bbox 824 2287 1484 2331; baseline -0.002 -3"><span class='ocrx_word' id='word_1_304' title='bbox 824 2290 879 2329; x_wconf 87' lang='lat' dir='ltr'>dis</span> <span class='ocrx_word' id='word_1_305' title='bbox 896 2291 1066 2328; x_wconf 79' lang='lat' dir='ltr'>Faeruus</span> <span class='ocrx_word' id='word_1_306' title='bbox 1078 2287 1154 2327; x_wconf 81' lang='lat' dir='ltr'>vult</span> <span class='ocrx_word' id='word_1_307' title='bbox 1170 2288 1343 2328; x_wconf 70' lang='lat' dir='ltr'>Thaeict&#39;zs</span> <span class='ocrx_word' id='word_1_308' title='bbox 1353 2303 1369 2331; x_wconf 90' lang='grc'>,·</span> <span class='ocrx_word' id='word_1_309' title='bbox 1397 2294 1484 2329; x_wconf 80' lang='lat' dir='ltr'>Mu-</span> 
     </span>
     <span class='ocr_line' id='line_1_67' title="bbox 823 2345 1487 2394; baseline -0.002 -10"><span class='ocrx_word' id='word_1_310' title='bbox 823 2355 941 2392; x_wconf 84' lang='lat' dir='ltr'>retus,</span> <span class='ocrx_word' id='word_1_311' title='bbox 962 2345 1187 2388; x_wconf 78' lang='lat' dir='ltr'>meretricis;</span> <span class='ocrx_word' id='word_1_312' title='bbox 1215 2346 1329 2394; x_wconf 88' lang='lat' dir='ltr'>alius,</span> <span class='ocrx_word' id='word_1_313' title='bbox 1359 2348 1487 2384; x_wconf 78' lang='lat' dir='ltr'>mulie-</span> 
     </span>
    </p>
   </div>
   <div class='ocr_carea' id='block_1_15' title="bbox 819 2398 1487 2453">
    <p class='ocr_par' dir='ltr' id='par_1_20' title="bbox 819 2398 1487 2453">
     <span class='ocr_line' id='line_1_68' title="bbox 819 2398 1487 2453; baseline 0.001 -14"><span class='ocrx_word' id='word_1_314' title='bbox 819 2402 900 2447; x_wconf 74' lang='lat' dir='ltr'>¹ris‚·</span> <span class='ocrx_word' id='word_1_315' title='bbox 941 2400 1026 2447; x_wconf 84' lang='lat' dir='ltr'>alii,</span> <span class='ocrx_word' id='word_1_316' title='bbox 1062 2398 1146 2439; x_wconf 82' lang='lat' dir='ltr'>satis</span> <span class='ocrx_word' id='word_1_317' title='bbox 1176 2399 1370 2453; x_wconf 81' lang='lat' dir='ltr'>imperite,</span> <span class='ocrx_word' id='word_1_318' title='bbox 1401 2401 1487 2453; x_wconf 89' lang='lat' dir='ltr'>post</span> 
     </span>
    </p>
   </div>
   <div class='ocr_carea' id='block_1_16' title="bbox 823 2452 1486 2674">
    <p class='ocr_par' dir='ltr' id='par_1_21' title="bbox 823 2452 1486 2674">
     <span class='ocr_line' id='line_1_69' title="bbox 823 2452 1486 2510; baseline -0.002 -14"><span class='ocrx_word' id='word_1_319' title='bbox 823 2452 985 2497; x_wconf 83' lang='lat' dir='ltr'>Thaidis</span> <span class='ocrx_word' id='word_1_320' title='bbox 1022 2456 1233 2496; x_wconf 78' lang='lat' dir='ltr'>inferciunt</span> <span class='ocrx_word' id='word_1_321' title='bbox 1265 2470 1343 2510; x_wconf 83' lang='lat' dir='ltr'>ego.</span> <span class='ocrx_word' id='word_1_322' title='bbox 1400 2460 1486 2510; x_wconf 84' lang='lat' dir='ltr'>Ego</span> 
     </span>
     <span class='ocr_line' id='line_1_70' title="bbox 827 2512 1483 2570; baseline -0.002 -16"><span class='ocrx_word' id='word_1_323' title='bbox 827 2527 896 2565; x_wconf 85' lang='lat' dir='ltr'>pro</span> <span class='ocrx_word' id='word_1_324' title='bbox 925 2513 1078 2553; x_wconf 76' lang='lat' dir='ltr'>[haidis</span> <span class='ocrx_word' id='word_1_325' title='bbox 1095 2512 1371 2570; x_wconf 73' lang='lat' dir='ltr'>reponendum</span> <span class='ocrx_word' id='word_1_326' title='bbox 1385 2525 1483 2567; x_wconf 81' lang='lat' dir='ltr'>puto</span> 
     </span>
     <span class='ocr_line' id='line_1_71' title="bbox 827 2570 1099 2674; baseline 0.004 -64"><span class='ocrx_word' id='word_1_327' title='bbox 827 2572 1002 2674; x_wconf 49' lang='lat' dir='ltr'>oppergi.</span> <span class='ocrx_word' id='word_1_328' title='bbox 1057 2570 1099 2627; x_wconf 53' lang='lat' dir='ltr'>B.</span> 
     </span>
    </p>
   </div>
  </div>
 </body>
</html>
