1815 3168
337 87 433 146 650

718 82 808 127 AC
821 82 881 127 T.
909 82 988 127 IV.
1021 80 1219 126 SCEN.
1246 79 1313 125 111.

376 229 394 263 1
410 226 434 274 5
473 207 578 258 CL.
617 212 818 256 Deorum
840 209 973 256 vitam
995 209 1086 272 apti
1107 206 1269 253 sumus.
1307 204 1389 255 Sv.
1429 201 1584 252 frustra
1604 219 1707 269 ope-

566 302 674 339 ram,
698 287 872 349 opinor,
893 283 1030 330 sumo.

468 356 576 408 CL.
611 364 836 424 Loquere3
875 359 1018 404 audio.
1059 353 1152 403 SY·
1188 366 1230 403 at
1260 357 1346 403 iarn
1365 355 1451 403 hoc
1473 371 1566 402 non
1589 370 1704 416 ages.

567 420 668 482 CL.
705 452 844 523 ang.
885 431 973 480 ΞΥ.
1013 431 1255 480 videndum
1276 430 1348 485 est,
1374 433 1568 495 inquam,

469 513 615 559 Amici
637 526 815 574 quoque
834 526 918 561 res,
944 509 1099 562 Clinia,
1124 509 1190 554 tui
1209 509 1255 553 in
1278 517 1374 554 tuto
1393 517 1440 554 vt
1451 506 1705 555 collocetur.

470 592 592 636 Nam
606 584 632 632 fi
646 587 796 633 nunc‘a
807 584 935 632 nobis
948 583 1053 636 abis,
1069 593 1112 629 et
1121 583 1380 630 Bacchidem
1393 583 1465 629 hic
1476 581 1702 645 relinquis,

468 667 610 711 Senex
631 660 821 780 ssfsciscet
839 660 955 715 ilico,
976 657 1060 721 effe
1082 661 1265 707 amicam
1286 658 1400 706 hanc
1412 658 1702 723 Clitiphonis:

643 781 660 828 l¹¹

330 903 460 954 (Aen.
480 912 545 952 1v,
564 901 649 953 93.)
678 898 880 954 Egregium
898 910 990 937 vero

333 960 490 1004 laudem,
512 956 677 1008 exspolia
689 957 809 1007 ampla
826 954 991 1008 refertis.

331 1015 429 1053 Sane
451 1023 490 1051 et
509 1026 596 1051 vero
616 1011 904 1063 pronunciandi
929 1009 993 1048 ad-

330 1071 508 1118 iumento
532 1069 573 1107 in
591 1067 713 1106 verbis
735 1067 994 1120 negationem

265 1165 269 1168 .
331 1123 504 1172 habent,
530 1124 622 1163 licet
646 1122 922 1163 confessionem
942 1119 994 1160 af-

327 1181 435 1223 fen-e
455 1179 669 1219 credantur.
721 1179 767 1220 C.
796 1180 801 1183 ’

393 1249 443 1289 15
483 1237 654 1276 Deorum
692 1235 829 1289 vitam]
880 1236 995 1285 Quae

331 1294 501 1336 laetitiae
519 1293 640 1344 plena
661 1292 715 1332 est
727 1303 765 1331 et
782 1290 990 1338 felicitatis,

331 1350 441 1390 nulla
462 1347 629 1387 admixta
642 1348 802 1387 tristitia.
855 1350 907 1388 Et
926 1346 995 1399 hy-

330 1405 554 1459 perbolicas
574 1402 698 1445 sermo
716 1404 764 1444 ab
785 1402 993 1443 affefflone

329 1461 562 1517 procedens.
635 1459 790 1512 Frustra
832 1471 992 1510 operam,

330 1521 485 1571 opinor,
502 1517 633 1568 fiune]
667 1516 785 1569 Quod
803 1517 919 1569 vulgo
938 1515 994 1554 di-

330 1576 441 1623 citur,
462 1577 565 1627 capio
579 1583 745 1628 poenam,
762 1586 849 1611 cum
863 1584 991 1611 tamen

328 1644 464 1684 poena
484 1630 669 1670 duntaxat
687 1630 837 1669 dicatur
856 1629 906 1667 de
923 1641 992 1679 pu-

330 1688 497 1727 nitione.
551 1691 662 1736 Nam,
685 1696 726 1724 vt
743 1686 824 1726 vult
843 1682 994 1723 Priscia-

330 1756 418 1791 nus,
440 1757 461 1782 a
476 1754 607 1795 poena,
633 1757 674 1781 oe
686 1740 936 1796 diphthongo
951 1741 992 1780 in

329 1809 536 1850 umutata,
566 1799 925 1850 deduciturpunim
955 1807 994 1835 et

327 1854 423 1895 ideo
444 1868 528 1894 non
549 1855 602 1895 est
626 1854 857 1900 dicendum,
875 1852 993 1903 sitmfi

324 1925 503 1967 magnam
512 1923 670 1963 poenam
685 1922 755 1964 pro
774 1923 821 1958 te,
841 1905 906 1947 sed
926 1922 993 1960 po-

327 1969 403 2007 tius
431 1976 497 2007 tua
523 1967 630 2018 causti
658 1967 796 2006 multos
824 1966 899 2016 cepi
924 1963 989 2003 seu

316 2022 433 2076 fiamst
451 2024 607 2073 labores,
628 2036 696 2063 aut
709 2023 911 2074 plurimum
923 2034 990 2060 tua

328 2079 435 2130 caustz
463 2079 649 2120 laborarii.
708 2080 834 2130 Opera
860 2088 990 2117 autem

327 2136 466 2175 dicitur
495 2137 684 2188 operatio,
704 2181 706 2183 ¹
730 2133 853 2183 labor,
883 2135 990 2173 indu-

316 2192 427 2245 stria.
485 2193 580 2232 Ideo
598 2191 647 2230 {ic
673 2191 870 2244 intellige,
894 2191 988 2231 Pru-

315 2249 401 2304 stra
426 2247 602 2288 laborabo
611 2249 821 2299 sermonem
840 2248 941 2300 apud
952 2259 987 2286 te

317 2304 464 2355 fluere,
495 2319 574 2344 cum
600 2318 642 2344 tu
659 2305 796 2359 gaudio
815 2301 986 2356 difipiem

323 2374 434 2401 aures
452 2361 542 2401 mihi
562 2375 636 2400 non
644 2359 811 2413 praebes.
871 2361 918 2401 C.

380 2417 550 2456 Deorum
575 2420 693 2457 vitam
718 2416 814 2470 apti]
843 2422 986 2465 Πάρισον

323 2472 405 2512 {ine
423 2473 611 2521 παραβολή,
631 2486 731 2525 quae
743 2470 829 2511 sunt
839 2471 983 2523 species

322 2526 514 2574 ὃμοιῶτεως.
545 2527 584 2568 se
610 2529 713 2581 quasi
741 2532 872 2570 Deum
904 2526 984 2568 effe

323 2582 462 2645 asserit,
493 2596 531 2627 vt
549 2586 594 2627 in
614 2585 764 2630 Andria
774 2583 796 2631 ξ’
815 2586 983 2628 Deorum

1636 767 1704 800 20

1039 898 1158 938 vitam
1180 908 1380 950 propterea
1413 894 1477 948 effi·
1504 895 1703 948 sempiter-

1041 967 1128 996 nam
1149 954 1329 994 arbitror.
1387 954 1495 1006 Apus¹
1511 950 1704 1006 fignificat

1040 1009 1186 1060 adepti.
1243 1012 1287 1049 E.

1097 1064 1266 1104 Deorum
1300 1065 1419 1103 vitam
1455 1065 1552 1117 apti]
1592 1061 1704 1103 Euri·

1044 1121 1126 1174 pid.
1163 1119 1266 1173 apud
1303 1119 1531 1169 stobaeum,
1577 1121 1699 1161 serm.

1044 1190 1139 1232 254.
1195 1180 1265 1216 Θεὲ
1290 1184 1360 1224 βίον
1379 1179 1441 1225 ζῆν
1459 1181 1564 1225 &5:022-
1588 1173 1702 1223 ἅνθςω·

1043 1250 1104 1278 πος
1133 1230 1184 1273 ἄν.
1237 1236 1280 1275 L.
1431 1254 1436 1261 s

1099 1289 1223 1331 Nostri
1232 1288 1582 1342 perperamadepti.
1602 1288 1701 1329 Cae-

1044 1358 1170 1387 terum
1189 1349 1269 1397 apti
1289 1345 1344 1384 est
1361 1360 1383 1384 a
1401 1344 1523 1385 verbo
1541 1343 1699 1398 dpfiw,

1041 1403 1084 1444 h.
1104 1415 1137 1441 e.
1155 1399 1353 1452 adipiscor.
1408 1404 1449 1441 Β.
1678 1395 1682 1398 ’

1099 1461 1151 1501 16
1185 1459 1268 1498 Hoc
1303 1471 1378 1497 non
1413 1462 1516 1512 ages]
1556 1455 1602 1497 Id
1630 1455 1699 1505 est,

1043 1516 1178 1556 audies.
1234 1518 1280 1554 In
1302 1512 1454 1554 Andria
1473 1513 1636 1552 Haecine
1662 1527 1701 1552 a·

1039 1573 1123 1628 gis?
1191 1570 1368 1624 Inquam]
1411 1566 1586 1618 verbum
1620 1568 1699 1609 hoc

1043 1630 1122 1669 vim
1139 1627 1333 1666 interdum
1353 1626 1559 1666 maximam
1579 1624 1699 1667 habet

1043 1686 1102 1725 ad'
1122 1682 1447 1725 adhortationem.
1504 1684 1551 1722 Et
1575 1682 1709 1732 viden-J

1044 1743 1130 1781 dum
1149 1739 1206 1791 est,
1227 1750 1265 1780 et
1282 1739 1376 1789 vide,
1397 1751 1538 1792 magna
1549 1734 1699 1792 aggres-
1744 1753 1767 1777 ,w

1042 1797 1136 1838 suris
1156 1797 1347 1837 dicuntur.
1403 1798 1450 1835 Et
1460 1798 1613 1847 inquam
1631 1795 1700 1833 vti-

1041 1869 1127 1894 mur
1147 1865 1431 1902 nonnunquam
1446 1851 1489 1889 in
1506 1851 1700 1900 repetitio-

1042 1923 1095 1950 ne
1115 1908 1223 1960 supra
1242 1907 1442 1946 diem-um.
1501 1908 1545 1948 C.

1094 1964 1298 2018 Videndum
1325 1961 1383 2012 est,
1412 1962 1577 2016 inquam]
1607 1966 1699 2003 Per-

1039 2021 1172 2063 suadet
1189 2017 1322 2060 seruus
1342 2019 1517 2067 Cliniae,
1559 2029 1613 2057 vti
1641 2016 1699 2057 se-

1040 2093 1127 2119 cum
1163 2078 1274 2116 ducat
1300 2075 1544 2115 meretricem
1564 2074 1611 2114 ad
1630 2073 1697 2113 do-

1039 2150 1144 2176 murn
1165 2133 1300 2186 patris,
1333 2144 1396 2180 ne,
1423 2130 1449 2169 fi
1469 2127 1697 2170 remanserit

1035 2194 1077 2233 in
1096 2191 1222 2238 domo,
1243 2187 1354 2228 facile
1374 2185 1493 2226 senex
1508 2186 1576 2226 filii
1603 2186 1696 2226 ami-

1036 2261 1119 2289 cam
1137 2246 1248 2299 poffit
1265 2242 1485 2296 agnoscere.
1540 2245 1585 2283 E.

1094 2316 1144 2357 19
1174 2300 1326 2353 Noster]
1356 2300 1459 2340 Cum
1488 2296 1694 2340 stomacho.

1091 2418 1239 2457 Omnes
1268 2411 1376 2461 libri,
1401 2419 1553 2464 praeter
1579 2412 1694 2450 Bem-

1032 2475 1190 2519 binum,
1226 2468 1375 2508 habent
1410 2469 1512 2508 reeie
1543 2465 1691 2517 Noster,

1031 2543 1102 2584 pro
1129 2527 1270 2573 Senex,
1303 2523 1408 2576 quod
1431 2523 1486 2563 est
1510 2523 1613 2564 illius
1633 2523 1692 2563 in-

1031 2591 1389 2641 terpretamentum.
1445 2583 1488 2623 Β.
