1815 3168
781 200 1074 248 ANDRIA.

1530 217 1588 262 91

372 325 481 377 CH.
512 327 659 393 Ipsum
688 327 807 380 hune
843 326 999 373 orabo:
1038 326 1141 372 huic
1173 325 1444 390 supplicabo:
1481 346 1597 374 amo-

468 422 561 451 rem
585 405 686 450 huic
711 402 894 449 narrabo
917 418 1080 448 meum.

374 480 530 531 Credo,
553 478 812 543 impetrabo,
842 489 889 525 vt
910 476 1074 540 aliquot
1093 474 1237 521 saltem
1256 478 1421 540 nuptiis
1441 477 1599 541 prodat

470 555 559 600 dies
575 572 586 609 ;

372 634 543 678 Interea
573 628 646 675 fiet
675 627 858 692 aliquid,
897 627 1035 692 spero.
1083 625 1177 674 ΒΥ.
1216 625 1260 672 id
1293 625 1456 690 aliquid
1489 627 1598 672 nihil

473 704 545 750 est.
580 701 686 751 CH.
723 704 921 765 Byrrhia‚

241 810 244 816 ·
285 798 338 846 ¹5
377 780 499 836 Quid
521 779 600 826 tibi
619 779 790 826 videtur
803 780 824 823 ’ἓ
860 772 1014 827 adeon'
1038 776 1091 823 ad
1117 771 1251 828 eum?
1287 773 1385 823 ΒΎ.
1414 776 1600 840 quidni?

470 854 501 902 si
524 854 634 903 nihil
654 856 877 920 impetreS,

242 1133 354 1173 decet.
413 1131 626 1185 Virgilius,
665 1133 784 1179 (Aen.
835 1143 898 1178 xv,

242 1189 362 1241 415.)
379 1186 479 1227 hanc
500 1200 657 1239 quoque
675 1184 800 1238 posuit
818 1183 901 1225 sena

244 1246 428 1290 tentiam,
470 1244 531 1283 Ne
554 1243 647 1296 quid
670 1245 900 1295 inexpertum

235 1300 383 1353 frustra
395 1303 574 1340 moritura
588 1298 790 1351 relinquat.
822 1298 871 1337 D.

247 1382 251 1384 -
307 1368 358 1396 12
375 1355 498 1407 Ipsum
517 1355 626 1407 hunc]
657 1354 901 1406 BenezPfilm,

247 1410 349 1462 quasi
379 1412 575 1449 auetorem
602 1420 641 1448 et
673 1411 902 1460 principem.

248 1466 410 1506 refertur
437 1467 552 1504 etiam
580 1464 628 1503 ad
657 1465 899 1517 dignitatem.

210 1548 218 1553 -
248 1522 404 1562 Orabo:
437 1520 768 1573 huicficpplicabo]
811 1520 905 1558 Ora-

248 1592 328 1618 mus
348 1590 447 1628 quae
468 1576 569 1615 bona
589 1575 691 1615 sunt:
719 1577 904 1627 Jiaepplica·

247 1647 329 1674 mus
353 1635 394 1672 in
414 1632 574 1673 adum-fis
592 1633 728 1684 magis,
749 1632 810 1670 vel
820 1644 907 1669 cum

249 1689 438 1742 iacrymis.
496 1689 605 1726 Hunc
639 1686 777 1737 orabo!
820 1686 907 1724 huic

237 1744 472 1799 fitpplt‘cuho]
500 1743 700 1781 prooemia
713 1739 800 1780 sunt
809 1742 905 1792 peti-

249 1802 390 1845 tionis,
426 1798 562 1851 quibus
601 1797 765 1837 ostendit
790 1800 908 1837 Poeta

250 1858 462 1904 rationem,
491 1869 567 1906 qua
586 1868 688 1893 noua
711 1863 751 1892 et
767 1853 908 1905 impro-

251 1914 300 1953 ba
332 1925 391 1951 res
409 1932 417 1952 ς
432 1922 562 1950 tamen
591 1911 740 1962 petitur.
779 1912 909 1962 ,Anzo-

250 1984 326 2010 rem
344 1968 426 2006 huic
447 1965 608 2006 narrabo
628 1966 763 2019 meum]
814 1969 906 2006 Non

252 2024 438 2072 studium,
466 2033 529 2062 aut
552 2023 811 2071 voluntatem,
841 2019 907 2066 sed

251 2093 437 2122 amorem.
508 2083 591 2120 Nec
625 2088 754 2130 petam
775 2109 785 2126 ,
842 2074 909 2117 sed

252 2135 417 2177 narrabo
452 2134 566 2176 dixit:
609 2145 731 2174 totum
762 2133 910 2186 magni-

252 2193 339 2235 fiee.
397 2191 448 2231 D.

315 2260 361 2302 13
399 2247 451 2287 Vt
472 2246 616 2302 aliquot
626 2245 911 2297 fhltemprodat

256 2304 352 2358 dies]
382 2303 531 2351 Saltem,
571 2301 777 2355 desperatis
795 2302 911 2341 rebus

258 2358 372 2400 solam
406 2370 588 2412 petentes
622 2357 799 2406 salutem,
839 2357 914 2397 hoe

258 2415 376 2456 verbo
420 2417 569 2455 vtimur.
628 2415 777 2454 Prodat-
812 2427 915 2464 vero,

261 2470 437 2524 proferat,
456 2473 633 2524 prolatet,
655 2469 813 2510 differat.
842 2473 914 2513 Lu-

262 2527 368 2565 cilius
388 2528 428 2565 in
448 2529 595 2579 quinto,
614 2529 677 2566 An
689 2539 805 2580 porro
826 2536 914 2579 pro-

262 2582 378 2622 denda
402 2583 473 2622 dies
485 2582 568 2633 fit?
624 2585 676 2624 D·
916 2627 918 2631 v

303 2649 371 2690 ·14
400 2638 544 2678 Interea
565 2637 633 2689 fiet
653 2639 814 2693 aliquid]
843 2640 919 2677 Ta-

263 2693 302 2733 le
318 2693 371 2733 est
388 2692 471 2744 hoc,
495 2696 606 2748 quale
629 2695 737 2745 illud,
774 2696 920 2735 Interea

1543 987 1606 1030 Vt

947 1128 1094 1182 aliquid
1128 1129 1269 1167 accidet
1286 1126 1386 1169 boni.
1444 1125 1522 1167 Sed
1550 1125 1608 1171 ni-

948 1185 1005 1224 hil
1026 1185 1133 1224 illum
1156 1182 1291 1223 dixiss'e
1312 1187 1521 1235 Poetaper
1537 1180 1610 1221 ser·

949 1254 1043 1280 uum
1062 1240 1239 1287 ostendit,
1264 1239 1451 1285 dicend03
1488 1239 1611 1277 Idali-

950 1298 1038 1350 quid
1073 1296 1171 1335 nihil
1201 1296 1260 1348 est,
1330 1295 1414 1334 Fiet
1446 1294 1609 1349 aliquid]

951 1357 1006 1394 Vt
1024 1350 1147 1404 supra,
1172 1349 1392 1405 Impe'trabO.
1446 1353 1496 1393 D.
1530 1368 1541 1377 *

1008 1420 1058 1460 15
1088 1408 1223 1446 Adeon'
1242 1407 1295 1447 ad
1311 1407 1406 1461 eum]
1438 1404 1612 1447 Consue-

953 1462 1092 1502 tudine
1109 1464 1243 1515 magiS‚
1263 1476 1378 1513 quam
1398 1462 1612 1501 rationedi-

957 1520 1072 1564 citur;
1103 1531 1220 1557 vnum
1239 1519 1346 1558 enim
1362 1519 1415 1557 ad
1431 1517 1611 1557 abundat.

955 1574 1106 1627 ,Quidni
1117 1604 1126 1622 ‚
1149 1573 1192 1624 st
1200 1573 1297 1612 nihil
1305 1573 1492 1628 impetres]
1520 1578 1613 1621 Aut,

955 1630 1074 1684 Qid,
1100 1628 1283 1680 nifi'nihil
1297 1631 1478 1681 impetres.
1500 1643 1543 1668 vt
1567 1642 1613 1668 te.

957 1697 1030 1724 etc.
1084 1687 1131 1723 In
1166 1695 1330 1735 vti-oque
1356 1684 1461 1724 idern
1490 1682 1615 1724 sensus

956 1740 1030 1780 est:
1061 1736 1126 1779 sed
1154 1737 1327 1792 superior
1352 1751 1422 1789 per
1448 1745 1615 1791 ἐιςιωνείαν,

956 1794 1118 1835 inferior
1149 1809 1221 1847 per
1248 1794 1458 1846 'fimplicem
1489 1797 1616 1848 expla-

957 1853 1160 1891 nationem
1186 1849 1366 1900 soluitur,
1392 1855 1441 1892 Et
1466 1851 1492 1890 fi
1514 1853 1616 1904 quid-

956 1910 996 1947 m
1017 1908 1171 1960 legitur,
1202 1905 1507 1947 subaudiendum
1525 1939 1534 1956 ,
1554 1908 1619 1947 ad·

958 1976 1051 2004 easz-
1082 1974 1122 2002 vt
1151 1962 1214 2012 fit,
1255 1963 1362 2014 Quid
1390 1964 1433 2003 ni
1469 1963 1618 2008 adeas?

957 2030 998 2059 vt
1018 2018 1044 2058 {i
1065 2018 1163 2058 nihil
1178 2020 1375 2071 impetres,
1404 2030 1443 2058 te
1462 2020 1619 2060 arbitre-

958 2087 1018 2115 tur
1037 2086 1209 2127 paratum
1228 2074 1449 2122 moechum,
1468 2075 1494 2115 fi
1512 2077 1620 2116 iilam

960 2132 1125 2173 duxerit.
1164 2131 1205 2171 Si
1224 2130 1322 2170 nihil
1331 2133 1515 2187 impetres]
1547 2134 1621 2171 Im-

953 2199 1079 2241 petres
1097 2200 1167 2240 per
1186 2187 1397 2234 ὖςερολογίαν
1413 2185 1557 2229 ὀίἑῖιιηι
1568 2189 1621 2228 vi·

961 2243 1088 2292 detur,
1116 2257 1186 2296 pro
1202 2254 1318 2296 petas,
1350 2245 1535 2295 quoniam
1555 2259 1623 2297 pe-

961 2300 1142 2342 titionem
1178 2296 1292 2351 saepe
1326 2299 1541 2352 impetratio
1569 2298 1622 2342 se·

964 2356 1101 2409 quitur.
1159 2355 1210 2394 D.

1019 2415 1128 2452 Vnus
1169 2410 1251 2450 cod.
1283 2423 1306 2450 e
1337 2410 1472 2452 nostris
1503 2412 1622 2453 habet

963 2465 1072 2522 Qid
1098 2464 1194 2518 nist?
1233 2479 1276 2506 vt
1301 2466 1397 2507 nihil
1427 2471 1623 2522 impetres,⁴

966 2524 1054 2572 duo,
1075 2524 1185 2580 Qid
1202 2520 1300 2573 nist?
1331 2524 1431 2564 nihil
1450 2539 1492 2565 vc
1511 2527 1623 2578 impe-

968 2593 1052 2620 tres.
1069 2605 1072 2608 ·
1109 2580 1285 2620 Emenda
1301 2579 1418 2632 igitur
1434 2580 1540 2635 ωειλ
1555 2582 1621 2620 ni?

968 2634 1065 2675 nihil
1098 2648 1142 2674 vt
1170 2639 1359 2686 impetres,
1392 2668 1394 2670 .
1424 2639 1545 2690 Igitur
1581 2649 1624 2678 vt

969 2689 1096 2746 fignif.
1117 2691 1191 2744 etfi',
1216 2695 1394 2745 quamuis.
1447 2697 1487 2735 B.
