1815 3168
634 204 931 251 ANDRIA.

1368 223 1464 269 209·

172 320 435 381 ACTVS
486 325 777 394 QVINTI
832 326 1087 379 SCENA
1131 329 1384 384 PRIMA.

514 414 816 474 CHREMES.
873 416 1067 455 smo„

85 544 152 659 S
172 571 193 597 A
216 568 248 597 τ
271 570 287 598 1
307 567 326 599 s
373 553 481 605 iam,
528 550 646 604 satis,
686 555 834 606 Simo,
871 550 1057 617 speQata
1094 568 1198 614 erga
1226 550 1283 602 te'
1306 558 1456 605 amici-

383 623 497 673 tia'st
524 644 638 684 mea:

220 705 327 767 Satis
355 702 504 765 pericli
528 703 650 764 coepi
675 702 814 748 adire:
857 703 1008 749 orandi
1031 705 1115 748 iam
1139 701 1270 751 finem
1293 706 1400 753 face.

219 781 343 825 Dum
368 776 515 822 studeo
550 776 726 840 obsequi
749 777 840 833 tibi.
864 794 980 842 pene
1002 777 1110 824 illufi
1135 783 1265 826 vitam
1290 780 1419 829 filiae.

215 850 297 902 Sl.
334 856 430 905 Imjo
455 855 572 911 enim
593 869 711 898 nunc
731 869 863 916 quam
883 853 1068 902 maxime
1099 852 1174 902 abs
1194 867 1239 902 te
1259 857 1449 923 postulo,

314 939 443 991 atque
463 944 558 985 oro,
586 927 788 983 Chreme,

106 1152 109 1160 ·
141 1138 163 1170 1
205 1126 304 1168 Satis
349 1129 444 1177 iam,
482 1126 585 1180 finis
621 1130 740 1184 Simo]

81 1184 192 1225 Haec
219 1185 343 1224 Scena
379 1185 593 1225 officiorum
625 1185 740 1225 disee-

84 1241 299 1292 ptationem
318 1243 503 1290 continet,
522 1244 738 1294 pau-umin-

84 1306 142 1335 εει·
161 1293 196 1333 se
215 1294 265 1333 de
285 1295 413 1334 officio
440 1299 669 1342 amicomm.
699 1308 739 1338 et

82 1363 243 1404 paterna
297 1352 441 1402 pietate
488 1355 739 1393 trastantium.

84 1407 184 1447 Sazis
213 1408 306 1454 iam,
335 1408 448 1461 finis]
488 1411 594 1448 Haec
624 1410 740 1447 veluti

83 1464 276 1515 quaedam
287 1464 541 1502 controueriia
551 1464 605 1502 est
616 1482 622 1502 .-
637 1477 738 1502 uam-

84 1532 163 1569 que
195 1518 421 1557 iniuriarum
447 1532 532 1558 reus
558 1518 601 1557 fit
620 1521 738 1559 Simo.

83 1573 369 1614 contradicitur
388 1587 459 1625 per
472 1576 738 1622 coniecturam,

84 1628 219 1669 falsum
235 1627 312 1668 efi'e
322 1630 426 1680 quod
437 1630 627 1669 intendit:
651 1645 739 1669 cum

81 1684 302 1736 Pamphilus
328 1697 458 1736 neque
476 1696 589 1733 amet,
608 1698 740 1736 neque

83 1754 133 1780 ex
153 1753 201 1779 eo
221 1752 333 1779 natus
351 1740 395 1779 fit
420 1739 530 1780 filius.
565 1751 604 1781 et
633 1741 741 1779 adhi-

84 1795 197 1836 betur
213 1796 405 1835 deriuatio
427 1794 568 1846 causae,
592 1810 664 1847 qua
686 1797 738 1835 di-

81 1853 182 1890 citur
202 1853 443 1891 meretricem
462 1852 527 1891 ista
545 1854 678 1892 omnia
687 1850 738 1892 es-

79 1905 120 1947 se
134 1909 318 1954 molitam,
336 1908 383 1946 ad
395 1907 658 1947 disturbandas
670 1923 738 1947 nu-

81 1964 192 2015 ptias.
248 1963 350 2002 Satis
370 1967 453 2010 iam,
463 1964 583 2018 finis]
613 1967 736 2010 Bene,

79 2029 290 2072 negaturus
312 2018 446 2069 filiam,
475 2031 616 2074 purgat
634 2022 737 2072 prius

79 2074 249 2119 officium
275 2073 382 2125 suum
402 2075 452 2114 de
471 2076 549 2115 fide
567 2076 736 2128 promiffi

77 2131 267 2182 (promzffiz
303 2129 372 2171 Ms.
404 2132 553 2171 Boend.
594 2144 631 2172 et
675 2132 735 2172 ed.

78 2187 143 2229 Du
162 2188 244 2236 B.):
274 2198 313 2225 et
331 2188 423 2226 vitro
435 2187 580 2227 accusat
597 2185 734 2240 ipsum.

78 2242 275 2297 Spec'lata]
324 2243 498 2284 Probata.
531 2256 568 2283 vt
597 2245 734 2296 virgil.

79 2299 203 2350 (Aen.
230 2311 330 2347 vm,
363 2305 473 2352 151.)
508 2301 581 2350 ait,
615 2300 736 2340 Rebus

68 2352 237 2406 spatam
257 2359 434 2394 iuuentus.
493 2357 540 2396 D.

139 2410 236 2449 Satis
268 2414 358 2459 iam,
392 2412 507 2466 [iltis]
547 2411 735 2455 Chremes

83 2463 283 2504 Simonem
306 2479 415 2506 reum
432 2469 652 2508 iniuriarum
679 2469 734 2509 fa·

83 2519 144 2566 cit,
169 2520 270 2569 quod
291 2535 337 2561 eo
357 2519 473 2574 vsque
495 2522 735 2576 persuafione

85 2572 235 2613 duxerit
256 2578 423 2628 auimum
444 2581 537 2626 eius,
558 2591 595 2619 vt
612 2581 660 2620 ad
669 2595 734 2634 pe-

84 2629 247 2669 ticulum
261 2632 483 2687 deuenitet:
511 2637 658 2688 quippe
668 2639 737 2688 qui

87 2687 262 2739 coegerit
278 2685 317 2728 se
335 2688 447 2734 filiam
465 2692 558 2735 dare
580 2694 619 2735 ei
641 2694 732 2735 ado-

1323 1012 1454 1072 5Vt

790 1126 1016 1179 lescentulo‚
1041 1132 1107 1182 qui
1120 1143 1204 1170 non
1225 1127 1346 1171 solum
1358 1132 1452 1171 ami-

790 1199 872 1225 cam
897 1186 1080 1237 haberet,
1110 1200 1244 1227 verum
1273 1197 1313 1226 et
1340 1200 1452 1237 pere-

789 1244 938 1296 grinam
961 1241 1088 1283 nescio
1112 1256 1227 1294 quam
1249 1257 1319 1295 pro
1332 1257 1451 1285 vxore

788 1299 977 1338 retineret
992 1331 1000 1347 ‚
1034 1310 1073 1338 et
1092 1311 1141 1338 ex
1166 1311 1211 1338 ea
1231 1300 1350 1337 hlium
1379 1297 1452 1339 sus-

790 1351 956 1404 cepiffet.
1013 1355 1114 1393 Huic
1131 1352 1322 1406 respoufio
1341 1354 1384 1394 fit
1411 1366 1454 1395 et

789 1409 902 1447 status
926 1410 1211 1458 coniefluralis,
1241 1409 1331 1449 falso
1351 1410 1451 1451 istud

790 1461 885 1510 effe,
914 1478 1045 1516 neque
1070 1463 1355 1505 adolescentem
1380 1466 1451 1505 ha-

789 1519 883 1558 bere
908 1521 1010 1558 illam
1043 1534 1113 1571 pro
1144 1534 1284 1568 vxore,
1314 1535 1460 1574 neque*

791 1576 903 1614 rilem
938 1577 1049 1614 illum
1085 1573 1163 1614 effe
1192 1578 1333 1616 filium:
1380 1577 1452 1618 sed

789 1632 1031 1671 meretricem
1043 1631 1091 1670 ad
1102 1631 1365 1671 disturbandas
1379 1646 1461 1674 ηιμ,

789 1688 884 1736 ptias
924 1686 991 1724 ista
1027 1685 1219 1739 cogitasse.
1281 1688 1459 1740 Spec‘tata‘

790 1744 863 1780 iam
875 1741 973 1792 fitis
992 1743 1173 1796 amicitm]
1204 1742 1375 1791 Probata,
1392 1746 1452 1784 in-

790 1799 882 1848 quit.
905 1798 996 1835 olim
1011 1797 1239 1837 estamicitia
1254 1813 1351 1848 mea,
1370 1802 1449 1840 iam

788 1852 922 1892 desiste
950 1854 1113 1904 amplius
1140 1854 1361 1894 calamitatis
1380 1856 1452 1894 im-

788 1921 959 1959 ponere,
1002 1907 1119 1960 vsque
1145 1908 1192 1948 ad
1217 1911 1446 1961 periculum,

788 1964 975 2003 custodita
1019 1963 1280 2005 familiaritate
1299 1997 1308 2015 ,
1361 1980 1449 2019 pet·-

787 2021 893 2060 ueni.
952 2022 996 2059 E.
1455 2048 1457 2051 v

843 2089 866 2117 2
901 2079 1007 2129 Lege
1030 2089 1116 2115 cum
1137 2076 1246 2116 codd.
1259 2077 1395 2117 nostris
1406 2090 1448 2118 et

787 2131 874 2171 edd.
895 2142 984 2171 vett.
1011 2134 1143 2181 incepi,
1170 2133 1274 2183 quod
1293 2135 1375 2184 plus
1391 2134 1459 2173 est·

786 2201 900 2239 quam
913 2189 1035 2239 coepi,
1050 2199 1087 2227 et
1097 2185 1246 2226 suauior
1263 2182 1304 2227 fit
1322 2188 1447 2230 »ersus

785 2256 856 2295 per
875 2242 1088 2282 elifionem.
1145 2247 1186 2284 B.
1330 2255 1334 2257 ’

843 2313 863 2351 3
896 2299 1002 2338 Dum
1021 2299 1153 2350 studeo
1182 2299 1329 2353 obsequi
1352 2299 1444 2355 tibi]

784 2357 893 2394 Haec
905 2356 1031 2394 omnis
1043 2353 1227 2394 accusatio
1241 2357 1305 2396 est.
1336 2360 1445 2397 Dum

786 2409 993 2461 obsequor,
1026 2411 1172 2462 inquit,
1201 2411 1282 2456 tibi,
1310 2414 1385 2451 iam
1405 2423 1454 2453 et-

784 2466 861 2506 filia
871 2479 957 2505 mea
974 2468 1182 2518 periclitari
1197 2469 1337 2519 coepit.
1369 2472 1415 2510 E.

839 2523 942 2563 Dum
950 2522 1101 2577 studeo]
1120 2524 1165 2563 C.
1175 2526 1222 2562 V.
1233 2522 1370 2577 studui.
1401 2527 1443 2566 L.

841 2593 869 2632 4
897 2580 975 2617 Imo
1005 2581 1099 2617 enim
1120 2591 1213 2617 nunc
1240 2593 1345 2631 quam
1364 2594 1444 2619 ma-

784 2638 882 2675 xime
905 2633 968 2672 abs
988 2648 1022 2673 te
1038 2634 1196 2689 postulo]
1229 2637 1443 2674 Renuncia-

783 2704 829 2733 τε
857 2691 1035 2732 affinitati
1062 2689 1332 2738 Chiemetem‚
1376 2702 1444 2731 aut

886 2747 931 2791 70
1073 2785 1078 2788 .
1303 2761 1440 2801 patum
