1815 3168
393 161 490 210 534
760 148 778 172 ’

873 152 1253 200 PROLOGVS

526 276 714 325 valebit.
757 280 1043 340 quamobrem
1066 296 1218 326 omnes
1243 296 1320 326 vos
1343 286 1485 325 oratos
1505 275 1626 335 volo?

524 356 601 400 Ne
628 353 726 416 plus
751 355 953 417 iniquum
972 354 1113 419 poffit,
1136 370 1267 418 quam
1288 371 1476 417 aequum
1497 355 1651 400 oratio.

527 424 674 474 Facite
697 432 822 492 aequi
843 428 952 475 sitis:
992 430 1087 476 date
1112 429 1325 476 crescendi
1351 431 1536 493 copiam,

528 506 768 549 Nouarum
790 506 865 567 qui
886 501 1106 568 speRandi
1127 505 1291 551 faciunt
1311 506 1497 568 copiam,

432 592 497 641 30
532 580 634 624 Sine
655 581 791 624 vitiis:
830 597 885 625 ne
906 579 976 625 ille
1001 598 1085 644 pro
1107 580 1147 626 se
1171 577 1336 626 diffium
1362 578 1600 633 existumet,

531 656 623 708 Qui
645 671 790 719 nuper
810 654 912 703 fecit
933 656 1057 703 seruo
1081 656 1274 702 currenti
1297 656 1343 701 in
1368 656 1436 702 via

390 853 614 906 uxfflitnatio
644 853 796 908 valebit]
836 858 922 896 Hoc
948 856 1056 896 locu·

393 912 511 948 tionis
540 924 668 963 genus
700 909 783 949 satis
811 913 952 950 mirum
986 911 1052 960 est,

390 979 482 1004 cum
511 965 623 1012 dicit,
655 965 704 1005 de
723 966 792 1005 hac
811 979 853 1006 re
872 980 938 1005 vos
959 967 1054 1006 iudi-

391 1035 481 1059 care
503 1022 691 1072 poteritis,
717 1035 765 1059 an
784 1022 824 1060 id
844 1022 947 1073 quod
959 1021 1056 1061 obii-

389 1078 490 1121 citur
510 1075 648 1123 nobis,
675 1090 810 1116 verum
829 1077 891 1123 fit,
922 1087 960 1116 vt
978 1081 1057 1118 Te-

389 1134 538 1172 rentius
573 1146 656 1171 non
675 1144 810 1172 natura
838 1131 900 1172 fixa
926 1131 1058 1181 fretus,

388 1201 527 1239 neque
556 1189 733 1240 ingenio,
763 1187 829 1228 sed
848 1189 1059 1228 amicorum

387 1245 539 1296 potius,
571 1245 619 1283 ad
649 1242 868 1285 scribendas
889 1246 1058 1286 Comoe-

391 1301 474 1338 dias
495 1298 703 1340 accesserit.
742 1300 807 1342 Est
817 1314 987 1352 namque
999 1315 1059 1339 ru-

388 1368 501 1401 mor,
533 1356 637 1406 quod
657 1357 842 1409 (excidit,
875 1360 964 1410 quia
992 1358 1054 1409 Z.)

390 1414 606 1452 Terentius
637 1425 723 1451 cum
753 1414 939 1463 Scipione
958 1411 1057 1453 Afri-

391 1481 494 1506 cano
516 1466 826 1508 sat-niliariffimus
845 1468 928 1518 fuit,
961 1466 1056 1508 sem·

389 1537 465 1576 per
492 1523 579 1562 istas
608 1525 841 1564 Comoedias
880 1525 1057 1578 cogitarit

389 1579 628 1632 (compilarit
637 1582 721 1630 Z.):
752 1581 827 1620 hoe
839 1582 959 1635 igitur
969 1583 1057 1620 Pro-

387 1636 504 1688 logus
524 1637 657 1675 nititur
675 1635 837 1677 soluere.
893 1642 942 1678 Et
965 1649 1056 1688 quo-

390 1693 500 1731 niam
540 1706 622 1731 non
653 1693 708 1731 est
734 1690 1053 1742 erubescendum,

392 1749 461 1787 tali
482 1748 563 1786 viro
580 1747 974 1797 fuiffeconiunetum,
995 1748 1055 1787 id·

394 1805 498 1842 circo
527 1805 656 1843 minus
686 1816 789 1844 curat
811 1804 888 1844 hoc
906 1806 1057 1844 crimen

392 1856 621 1899 dissoluere:
653 1859 744 1899 dicit
771 1860 1054 1909 tantummodo,

393 1915 553 1968 vestrum
579 1915 754 1955 iudicium
779 1915 846 1968 est,
864 1929 914 1956 *et
938 1916 1056 1968 vestra

394 1970 635 2022 existimatio,
691 1975 736 2012 Ε.
915 2014 917 2017 ,

449 2030 506 2069 26
535 2026 665 2081 ,Θέωνα
691 2041 760 2068 vos
788 2041 910 2068 omnes
931 2040 1056 2067 oratos

391 2081 500 2136 volo]
529 2084 604 2123 Hic
614 2083 692 2122 iam
703 2081 870 2135 sequitur
884 2083 1056 2123 officium

391 2140 568 2192 prologi,
601 2150 639 2177 vt
656 2138 967 2179 beniuolentiam
988 2152 1058 2192 pe-

395 2205 469 2233 rat:
498 2207 599 2245 quae
617 2193 883 2235 beniuolentia
892 2207 932 2236 et
941 2197 983 2234 in
995 2194 1058 2234 ad-

393 2247 581 2289 uersarios
593 2250 727 2290 odium
742 2253 917 2291 concitat.
949 2251 1057 2303 quod

395 2307 560 2345 adiecit:
587 2308 649 2346 Ne
662 2307 749 2359 plus
766 2309 934 2364 iniqzqum
946 2306 1057 2361 poffit

393 2377 504 2416 quam
523 2376 681 2415 aequum
701 2365 837 2403 oratio.
864 2364 948 2403 date
969 2364 1058 2415 cres-=

399 2419 501 2456 cendi
532 2420 672 2470 copiam
701 2432 882 2459 nouarum
915 2433 1050 2466 rerum,

397 2474 831 2527 qftifiaec711511lifhciztrlt
849 2479 989 2527 copiam
1002 2476 1054 2528 fi'-

396 2544 440 2567 oze
463 2531 586 2584 vitiis]
619 2531 818 2581 Quoniam
837 2533 973 2584 petitio
992 2545 1056 2585 ge-

399 2586 582 2625 neraliter
608 2584 734 2625 fuerat
761 2587 966 2635 collocata,
1003 2589 1054 2627 vti

400 2642 515 2683 nouis
542 2642 669 2685 Poetis
701 2642 884 2685 fauerent
909 2643 1055 2685 audito-

1580 724 1762 775 Decess'e

1105 867 1186 896 res:
1216 855 1357 896 adiecit
1376 855 1497 896 nouis.
1517 851 1581 893 sed
1600 853 1666 906 qui
1683 851 1765 892 fine

1104 914 1205 952 vitiis
1243 910 1482 953 Comoedias
1519 910 1644 955 dant,
1687 909 1763 947 illis

1104 966 1256 1008 Luscius
1292 967 1490 1007 Lanuinus
1531 978 1653 1004 nouas
1688 966 1764 1006 Co-

1105 1022 1277 1063 moedias
1295 1021 1450 1074 profert,
1481 1018 1545 1061 sed
1566 1035 1652 1060 cum
1673 1021 1765 1060 vitio

1107 1080 1314 1129 (conuicio)
1343 1077 1498 1125 adiecit,
1532 1078 1594 1116 Ne
1622 1076 1678 1116 ille
1692 1088 1763 1130 pro

1093 1133 1138 1185 se
1160 1134 1294 1173 dic'tum
1315 1133 1513 1187 exzstimet]
1544 1136 1591 1172 Et
1609 1146 1661 1172 ne
1681 1128 1766 1172 Lus-

1105 1190 1184 1229 cius
1203 1190 1399 1229 Lanuinus
1421 1189 1536 1227 etiam
1555 1202 1624 1240 pro
1642 1186 1680 1227 se
1698 1200 1766 1242 pe-

1104 1246 1218 1285 titum
1240 1244 1453 1284 arbitretur.
1508 1247 1551 1284 E.

1158 1299 1323 1354 Valebit]
1351 1297 1460 1340 Prisc.
1482 1299 1633 1339 lib.vu.
1670 1302 1713 1339 L.

1160 1359 1232 1397 Pro
1260 1353 1524 1410 Qamobrem,
1560 1355 1696 1397 Bernb.
1729 1366 1769 1394 et

1105 1413 1223 1452 nostri
1245 1413 1334 1451 libri
1345 1410 1566 1450 vetustiores
1585 1412 1688 1450 rech
1701 1409 1768 1450 ha·

1105 1470 1201 1509 bent
1222 1469 1359 1523 ngre.
1422 1470 1461 1506 Β.

1161 1537 1216 1578 27
1247 1526 1310 1564 Ne
1332 1524 1419 1576 plus
1451 1525 1618 1576 iniquum
1637 1520 1765 1577 poffit]

1104 1581 1244 1621 Iustam
1279 1594 1361 1620 rem
1399 1580 1513 1631 petit:
1556 1592 1658 1630 quae
1685 1581 1768 1630 qui-

1106 1637 1220 1687 dem,
1252 1636 1322 1676 nisi
1359 1635 1406 1675 ab
1434 1635 1604 1684 iniustis,
1633 1648 1770 1674 conce*

1106 1694 1219 1733 ditur.
1275 1696 1322 1734 C.

1162 1763 1184 1803 3
1196 1762 1213 1790 1
1244 1748 1325 1801 Qui
1336 1759 1452 1800 nuper
1458 1747 1557 1800 ficit
1563 1747 1677 1799 firuo
1687 1760 1769 1786 cur·

1105 1806 1222 1860 renti]
1253 1810 1297 1844 ln
1318 1804 1393 1843 hoc
1411 1815 1567 1843 notatur
1593 1802 1765 1842 aduersa-

1105 1863 1192 1909 rius,
1215 1859 1281 1912 q'ui
1292 1861 1474 1899 decorum
1486 1856 1674 1910 personae
1682 1873 1765 1898 non

1103 1916 1323 1956 seruauerit.

1105 1984 1257 2025 praeter
1286 1969 1383 2010 serui
1410 1971 1613 2019 decorum,
1649 1984 1766 2022 quam
1813 1989 1815 2003 ι

1104 2040 1143 2068 vt
1163 2029 1221 2067 illi
1233 2028 1388 2080 populus
1407 2029 1446 2065 in
1465 2030 1528 2065 via
1546 2027 1705 2074 decedat,
1728 2041 1764 2066 et

1105 2084 1239 2136 infimo
1249 2083 1421 2134 seruiat?
1479 2083 1522 2122 C.

1158 2140 1239 2195 ,Qti
1257 2151 1372 2191 nuper
1380 2139 1480 2191 fecit
1486 2137 1600 2189 firuo
1620 2152 1763 2178 curren·
1810 2135 1814 2170 ἕ

1105 2199 1138 2237 ti
1163 2199 1204 2235 in
1221 2200 1283 2235 via
1302 2196 1424 2247 deceſje
1449 2195 1642 2248 populum]
1673 2199 1762 2235 Pro-

1106 2253 1221 2305 ponit
1257 2252 1391 2292 vitium
1430 2250 1536 2302 quod
1573 2250 1765 2291 admiserit

1105 2313 1225 2350 Poeta
1243 2305 1393 2348 Luscius
1414 2307 1628 2346 Lanuinus:
1658 2310 1765 2360 quip-

1105 2378 1156 2418 pe
1184 2378 1271 2403 cum
1297 2363 1422 2401 omnis
1451 2362 1671 2409 Comoedia
1697 2375 1763 2402 aut
1806 2358 1813 2416 J

1105 2433 1276 2460 errorem
1295 2429 1427 2458 teneat
1447 2432 1497 2457 ex
1515 2420 1758 2467 amatoribus,
1809 2451 1812 2467 2

1104 2487 1169 2516 aut
1185 2477 1367 2515 iniuriam
1395 2475 1663 2524 meretricum,
1696 2487 1763 2514 aut
1810 2487 1811 2504 ³

1104 2530 1405 2584 suppositionem
1425 2530 1601 2579 filiorum,
1619 2542 1682 2569 aut
1695 2532 1763 2570 ali-

1106 2587 1199 2641 quid
1217 2590 1304 2635 tale,
1324 2586 1429 2638 quod
1447 2587 1494 2625 ad
1504 2587 1761 2626 moralitatem
1803 2595 1804 2599 ’

1104 2641 1343 2685 videtui-effe
1355 2643 1614 2684 coniunflum.
1642 2643 1761 2693 Quod
1805 2675 1807 2679 ,

1684 2700 1760 2740 tale

1384 1914 1492 1965 Quid
1512 1915 1618 1954 enim
1639 1916 1763 1968 magis
1814 1913 1815 1952 ἶ
