1815 3168
277 149 375 195 204

653 132 810 178 ACT.
847 131 924 179 1v.
974 131 1169 178 SCEN.
1205 134 1261 179 V.

410 267 536 317 Quae
559 259 638 315 sese
651 258 877 307 inhoneste
896 261 1064 324 optauit
1083 276 1234 322 parare
1248 258 1318 304 hic
1339 256 1509 305 diuitias

413 340 578 396 Potius,
598 354 728 399 quam
750 338 796 380 in
815 336 954 398 patria
971 332 1149 380 honeste
1170 351 1339 398 pauper
1360 337 1522 380 viuere.

414 417 522 461 Eius
544 423 686 459 morte
707 427 754 455 ea
776 409 829 455 ad
848 424 918 454 me
938 408 1035 469 lege
1058 409 1283 456 redierunt
1303 408 1434 456 bona.

348 509 371 553 5
416 489 501 536 Sed
521 505 630 552 quos
654 493 902 551 perconter,
921 478 1067 532 video.
1088 484 1257 532 saluete.
1294 482 1407 531 MY.
1433 483 1610 531 obsecro

277 673 368 714 Huc
398 666 548 708 accedit
572 665 773 716 quodiam
795 662 853 703 ini
884 662 940 702 est

281 723 467 767 defensor
486 723 621 774 aliquis
633 721 693 761 vel
710 720 864 769 amicus,
877 719 940 759 vel

275 784 452 827 maritus,
481 789 616 818 contra
634 789 752 829 quem
770 776 941 829 peregri-

283 853 377 880 num
399 836 601 875 hominem
619 833 772 886 litigare
789 831 940 871 videtur

280 894 364 935 effe
387 891 557 932 difficile.
596 887 798 931 Conclufit
815 887 862 927 ab
873 886 939 926 ho·

284 950 414 993 nesto:
446 947 564 1000 ipfizm
592 956 793 996 praeterea
819 943 942 997 defim-

1497 563 1646 612 Quem

988 663 1118 717 pudet.
1173 664 1297 706 Simul
1337 662 1399 702 hic
1437 661 1648 702 ostenditur

989 721 1071 760 eius
1097 721 1251 773 generis
1279 717 1394 760 fuiffe
1409 717 1648 772 Chrysidem,

988 786 1030 815 vt
1049 789 1148 828 quae
1168 776 1290 828 probe
1312 778 1444 815 viuere
1465 775 1647 827 potuerit,

989 831 1070 881 nisi,
1091 842 1130 871 vt
1151 833 1220 881 ait,
1252 832 1448 872 neceffitas
1475 838 1646 883 cogeret.

989 888 1113 943 Qam
1130 890 1170 928 in
1187 891 1315 941 patria
1334 886 1494 942 honeste]
1524 888 1649 923 ἀντίοι·

989 962 1043 982 τον
1064 945 1243 996 primum.
1298 946 1344 984 In
1358 946 1485 996 patria
1507 939 1649 990 honeste

282 1010 380 1048 liare
398 1019 471 1044 non
489 1004 580 1051 licet}
590 1000 726 1055 (libet).
766 1000 865 1040 Boni
889 1000 943 1040 vi·
985 1012 1131 1054 pauper
1148 1000 1290 1053 viuere]
1322 1001 1392 1040 His
1413 998 1649 1038 verbisaPo-

285 1065 316 1104 ri
339 1060 542 1115 personam
565 1059 703 1098 merito
731 1053 887 1095 sustinet
905 1065 945 1094 et

282 1118 437 1159 honesti
465 1115 646 1154 hominis.
699 1111 778 1153 Sed
809 1111 946 1163 quoni-

283 1190 347 1217 am
376 1172 586 1214 meretricis
613 1169 740 1208 affinis
777 1167 855 1216 est,
891 1180 944 1206 ne

284 1230 434 1282 aliquid
465 1227 634 1267 criminis
665 1226 707 1263 in
741 1221 780 1262 se
806 1223 946 1262 redun-

285 1289 365 1336 det,
387 1288 429 1325 in
450 1297 498 1323 eo
519 1281 624 1334 quod
641 1280 710 1320 fibi
736 1279 865 1318 iuneta
891 1277 946 1317 est

285 1343 488 1395 sanguine,
516 1335 662 1377 accusat
682 1335 809 1383 illam,
841 1331 946 1384 quod

286 1396 474 1448 inhoneste
493 1394 638 1446 optauit
652 1403 788 1444 parare
821 1392 947 1442 (pare-

285 1457 347 1508 re)
373 1454 440 1494 hic,
457 1451 624 1491 diuitias.
678 1450 722 1487 E.

342 1523 367 1552 2
397 1508 504 1564 Qae
516 1505 558 1557 fi
577 1501 757 1555 inhoneste
778 1500 946 1555 optauit]

288 1569 453 1620 Optare,
488 1562 543 1603 est
570 1573 691 1600 vnum
718 1558 769 1599 de
799 1556 949 1597 duobus

287 1624 453 1676 eligere.
484 1620 598 1672 Virg.
626 1617 748 1667 (Aen.
772 1630 800 1663 1,
829 1615 946 1668 425.)

290 1681 388 1720 Pars
415 1688 544 1731 optare
570 1675 689 1714 locum
714 1671 819 1711 τεέῖο.
877 1672 949 1710 Pa·

286 1748 379 1775 rare
390 1734 447 1774 hic
466 1733 616 1771 diuitias
625 1726 771 1782 potius]
801 1725 947 1769 Animo

284 1790 448 1834 heredis
460 1787 555 1827 dixit
560 1798 696 1840 parare
708 1784 874 1823 diuitias.
899 1784 948 1823 D.

343 1850 397 1888 Vt
422 1855 563 1898 pauper
593 1840 790 1892 sequentis
822 1835 948 1894 versus

288 1902 403 1958 posfit
430 1897 554 1940 casum
582 1896 868 1937 nominatiuum
887 1893 950 1932 ob-

288 1961 437 2006 tinere,
466 1954 607 2006 sequor
636 1952 845 2000 leffionem
863 1948 949 1989 cod.

286 2017 355 2056 wbi
377 2028 446 2067 pro
456 2012 535 2064 fis&
546 2023 684 2063 parare
701 2006 890 2059 reperitur
899 2002 951 2056 st·

286 2073 328 2114 bi
354 2083 496 2124 parere.
550 2061 773 2106 Praesertim
801 2075 890 2102 cum
911 2074 952 2099 o-

287 2140 405 2171 mnes
416 2124 555 2165 Faerni
565 2120 736 2160 habeant
740 2130 885 2171 parere.
908 2120 950 2158 Β.

343 2199 365 2238 3
397 2183 521 2236 Qum
539 2182 577 2219 in
601 2175 751 2231 patria]
781 2175 952 2215 Primum

286 2242 396 2283 dolet
409 2238 529 2285 Crito,
550 2232 654 2286 quod
674 2231 858 2272 meretrix
877 2228 953 2269 fuit

288 2296 456 2350 Chryfis.
502 2289 671 2332 secundo
720 2283 951 2340 progr-effus,

288 2354 464 2407 queritur
489 2346 595 2400 quod
610 2354 762 2384 mortua
783 2342 847 2382 esti
904 2344 953 2383 Et

289 2421 382 2450 nota
403 2404 507 2458 quod
527 2404 598 2443 tria
616 2401 713 2442 dixit
722 2400 842 2449 Crito,
863 2411 952 2437 con-

289 2461 454 2506 temsisse
498 2457 727 2512 Chrysidem
772 2456 946 2508 patriam,

288 2519 550 2565 honestatem,
593 2525 632 2554 et
669 2521 949 2564 paupertatem.

289 2579 337 2620 τὸ
377 2582 496 2624 πρέπον
525 2572 641 2612 etiam
678 2566 871 2607 seruatum
897 2564 952 2606 est

291 2635 399 2691 graui
412 2632 503 2681 vim,
521 2640 640 2682 quum
653 2625 761 2667 illum
771 2621 951 2666 sobrinae

993 1068 1053 1096 eta
1071 1057 1148 1095 iam
1164 1055 1345 1095 honestus
1366 1053 1652 1094 inducitur-Cri-

992 1124 1051 1162 to,
1077 1122 1118 1151 et
1144 1111 1285 1166 dignus
1313 1111 1375 1151 cui
1403 1110 1507 1150 credi
1537 1122 1652 1161 opor-

994 1179 1080 1209 teat.
1134 1169 1282 1221 Pauper
1300 1167 1439 1221 viuere]
1467 1165 1530 1208 Ad
1549 1163 1648 1204 illud

995 1223 1190 1271 reddidit‚·
1207 1222 1278 1263 Sed
1294 1226 1438 1275 inopia,
1465 1236 1501 1262 et
1522 1234 1654 1276 cogna-

995 1292 1122 1319 torum
1139 1279 1360 1333 negligentia
1381 1279 1515 1317 εοαὲῗτι.
1556 1281 1606 1316 1).

1051 1334 1206 1385 Honeste
1237 1345 1378 1386 pauper
1411 1333 1554 1387 viuere]
1597 1335 1675 1373 Ita*

994 1390 1175 1444 plerique
1190 1387 1275 1430 Mff
1286 1401 1325 1430 et
1341 1387 1513 1430 Priscian.
1531 1387 1598 1428 lib.
1611 1400 1653 1429 v.

996 1462 1033 1499 p.
1053 1459 1119 1501 41.
1151 1457 1283 1491 tamen
1310 1447 1362 1498 in,
1379 1441 1454 1487 Ms.
1482 1438 1526 1486 R]
1551 1447 1655 1484 viue-

996 1516 1066 1550 νει,
1088 1513 1179 1542 erat.
1237 1504 1281 1542 L.

1051 1558 1157 1598 Ordo
1175 1557 1314 1611 honeste
1331 1559 1370 1597 in
1383 1558 1515 1611 pafria
1537 1566 1577 1596 et
1597 1554 1656 1596 ef·

997 1613 1077 1654 ficit
1086 1613 1283 1654 suauiores
1299 1627 1491 1663 numeros,
1504 1624 1544 1653 et
1553 1626 1657 1652 com-

998 1670 1183 1724 probatur
1200 1671 1297 1711 meis
1317 1681 1356 1711 et
1375 1671 1512 1709 Faerni
1530 1669 1652 1718 libris,

996 1726 1063 1767 sed
1084 1726 1374 1767 recentioribus.
1429 1725 1588 1766 Deinde
1603 1726 1658 1765 le-

998 1797 1050 1837 go
1069 1784 1156 1822 cum
1178 1783 1290 1823 codd.
1317 1781 1465 1822 duobus
1483 1781 1656 1823 Bodleia-

999 1841 1059 1880 nis
1085 1842 1238 1890 maeret,
1271 1837 1318 1880 cf.
1344 1837 1448 1878 infra
1472 1838 1588 1879 Adel.
1620 1848 1654 1887 1,

999 1908 1036 1946 2,
1057 1902 1123 1944 28.
1179 1899 1221 1936 Β.

1051 1950 1295 1991 Menander:
1333 1955 1451 1990 Πενίαν
1474 1951 1507 1987 τ’
1538 1944 1658 1988 gauro»

997 2009 1132 2055 μᾶλλον,
1153 2005 1178 2050 ἤ
1199 2009 1325 2045 otwin-ov
1341 2005 1469 2054 πικρόν.
1525 2008 1590 2045 W.

1050 2075 1080 2116 4
1117 2065 1172 2102 Ea
1207 2063 1256 2102 ad
1278 2075 1334 2102 me
1367 2063 1441 2117 lege
1467 2062 1656 2101 redierunt

999 2116 1114 2172 bona]
1143 2118 1218 2158 Hic
1244 2119 1302 2157 ius
1331 2117 1506 2157 traetauit
1525 2117 1658 2157 dicen-

1001 2174 1051 2214 do
1075 2174 1302 2219 Redierunt:
1333 2175 1423 2225 quia
1452 2175 1492 2212 in
1520 2173 1658 2212 famili-

1001 2244 1064 2270 am
1087 2230 1273 2280 redeunt,
1300 2229 1327 2269 fi
1356 2243 1439 2269 non
1468 2229 1521 2269 est
1542 2229 1658 2268 heres

1002 2287 1053 2327 de
1071 2287 1265 2341 proximo,
1293 2297 1358 2325 aut
1380 2299 1428 2325 ex
1451 2285 1658 2326 testamen-

999 2354 1049 2382 to,
1108 2348 1158 2385 D.

1057 2412 1082 2453 5
1127 2399 1349 2453 Perconter]
1397 2398 1659 2451 lutei-rogatio

1002 2453 1065 2504 est,
1085 2456 1145 2494 cui
1164 2452 1372 2494 neceffario
1393 2453 1662 2507 respondetur,

1001 2522 1067 2550 aut
1084 2513 1205 2560 etiam,
1230 2521 1295 2549 aut
1314 2525 1399 2551 non.
1455 2514 1661 2550 Perconta-

998 2567 1113 2615 tati0‚
1140 2568 1200 2606 cui
1225 2566 1320 2605 nihil
1347 2567 1495 2607 horum.
1552 2570 1605 2605 Vt
1629 2564 1660 2605 fi

998 2623 1084 2677 quis
1101 2622 1216 2664 dicat.
1244 2623 1320 2667 Vbi
1332 2623 1523 2664 habitabat
1533 2622 1658 2675 Chry-

1595 2677 1655 2729 fis,
