1815 3168
476 186 1005 234 HEAVTONTIM.

1319 194 1411 239 611

186 313 304 363 Sensi
318 334 327 360 :
350 329 536 376 namque
549 314 587 357 ei
600 328 729 358 vnam
742 328 922 358 coenam
936 323 1064 374 atque
1077 314 1166 358 eius
1181 317 1413 364 comitibus

185 391 322 436 Dedi:
363 387 482 451 quod
504 385 532 432 si
553 389 714 433 iterum
737 387 842 432 mihi
867 386 917 433 sit
940 386 1091 440 danda,
1121 386 1268 436 aEhim
1289 390 1379 442 fiet.

182 470 317 516 Nam,
340 475 386 510 vt
405 464 483 509 alia
506 465 715 514 omittam,
737 459 980 525 pytissando
1000 462 1135 508 modo
1155 465 1266 510 mihi

185 539 319 591 Quid,
342 538 446 601 quid
462 539 550 583 vini
562 533 782 583 absumsit!
808 535 861 582 fic
873 537 971 589 hoc,
988 536 1160 596 diccn83
1180 539 1411 604 Asperum,

87 631 149 678 50
182 617 318 667 Pater,
340 613 425 660 hoc
449 611 507 658 est
519 630 534 671 3⁴
570 612 686 659 aliud
707 612 849 658 lenius
871 612 992 659 sodes
1016 612 1128 661 vide.

101 836 156 885 46
187 830 304 887 Senfi]
339 836 426 873 Hoc
453 846 542 871 cum
568 831 704 871 dolore

1264 677 1411 738 Reliui

751 828 934 884 Expreffis
962 828 1077 870 labris
1093 830 1285 884 spuendo,
1321 834 1413 874 dum

48 890 179 929 dicere
197 887 361 928 solemus
380 888 524 936 inhis,
552 888 594 926 in
621 887 703 938 qui·
740 887 917 939 fizporem
955 890 1039 926 vini
1059 888 1209 938 probat.
1268 891 1411 930 Caete-

48 945 119 984 bus
149 945 424 984 detrimentum
452 945 593 997 ingens
611 943 703 995 pani

16 1018 20 1021 “
46 998 189 1041 fumus.
246 1003 293 1043 C.

104 1054 226 1109 Senfi']
259 1058 351 1096 Cum
372 1057 512 1110 gemitu
534 1066 703 1107 pronun-

45 1114 115 1151 cia.
145 1111 269 1152 Schol.
298 1112 431 1152 Bemb.
491 1113 702 1152 Caeterum

46 1167 98 1206 ob
127 1165 350 1207 consensum
370 1166 480 1206 codd.
512 1178 553 1205 et
574 1163 701 1204 versus

45 1225 238 1263 rationem
264 1225 342 1276 leg.
399 1220 523 1272 Senfi':
551 1236 636 1262 nam

44 1294 130 1320 nam
151 1282 200 1318 eiz
218 1293 374 1319 coenam.
432 1282 474 1319 Β.

103 1348 158 1389 47
186 1335 417 1388 Ac‘iumfiet]
447 1334 578 1373 Αἱέιινη
590 1332 642 1373 est
653 1332 704 1371 di-

47 1393 146 1430 citur
163 1390 212 1430 de
233 1404 279 1430 ea
297 1404 350 1438 re,
372 1390 422 1429 de
441 1403 514 1441 qua
537 1390 611 1427 iam
629 1389 706 1427 lata

46 1447 91 1486 fir
107 1445 304 1495 sententia,
331 1457 371 1485 et
389 1444 444 1485 est
462 1444 622 1486 verbum
635 1444 704 1483 de-

46 1502 246 1555 sperantis.
304 1503 349 1542 C.

98 1567 150 1612 48
193 1557 404 1611 PytiJJando
431 1556 559 1610 modo]
596 1558 705 1595 Bene

44 1614 266 1668 pytiffime.
310 1618 410 1654 Nam
423 1613 601 1664 pytiſjc'zre
620 1626 704 1662 pro-

45 1672 131 1724 prie
160 1670 215 1710 est
240 1683 353 1720 parce
373 1669 508 1707 vinum
534 1667 698 1721 gustare,

46 1726 151 1778 quafi
169 1726 348 1766 tentandi
367 1725 501 1777 gratia.
541 1723 640 1763 Tale
650 1722 703 1761 est

44 1782 207 1822 verbum
221 1795 296 1833 quo
309 1782 461 1820 Plautus
475 1777 701 1829 (Maenech.

752 957 838 982 rum
857 943 923 981 alii
950 956 1018 993 per
1041 943 1210 993 duplexs
1222 944 1411 984 scribunt:

751 1012 823 1038 nos
852 1011 943 1037 vero
974 995 1210 1050 sequendam
1230 1012 1411 1052 putamus

751 1052 973 1106 scripturam
985 1055 1162 1094 Bembini
1173 1067 1211 1095 et
1221 1057 1302 1095 cod.
1314 1069 1409 1109 900,

750 1124 954 1158 annorum,
971 1123 1042 1162 per
1061 1124 1180 1149 vnum
1203 1125 1244 1156 s;
1275 1114 1412 1164 quoni-

751 1181 812 1205 am
835 1163 962 1204 versus
985 1177 1090 1206 certe
1105 1167 1154 1205 ita
1177 1167 1224 1206 ad
1245 1171 1412 1208 Graeco-

663 1235 703 1260 v-
752 1236 835 1260 rum
855 1234 1037 1260 numeros
1058 1222 1218 1261 accedit.
1275 1228 1316 1264 B.

809 1289 863 1330 49
892 1279 951 1317 Sic
974 1276 1042 1315 hoc
1062 1278 1192 1326 dicens,
1225 1278 1410 1334 efferum]

752 1332 796 1372 Id
836 1332 889 1372 est
932 1332 1132 1372 austerum.
1187 1335 1410 1376 Secundum

753 1389 920 1428 Plinium
940 1390 1011 1428 tria
1035 1390 1114 1427 vini
1144 1386 1230 1428 suut
1249 1403 1411 1444 genera,

754 1444 942 1495 austerum,
964 1444 1062 1483 dulce
1072 1456 1110 1483 et
1130 1458 1248 1485 tenue.
1306 1449 1351 1488 C.

808 1500 937 1552 Pater]
965 1499 1158 1541 Scholiast.
1187 1501 1319 1541 Bemb.
1359 1503 1411 1541 Et

754 1555 823 1594 hoc
843 1559 876 1594 ei
893 1555 1068 1608 displicet,
1088 1557 1186 1608 quod
1205 1571 1282 1596 eum
1302 1572 1411 1596 mere-

754 1615 838 1652 trix
868 1613 1017 1652 Patrcm
1052 1611 1213 1664 appellet.
1271 1615 1412 1666 Caete-

752 1682 835 1707 rum
877 1670 980 1706 reete
1016 1669 1183 1707 Faernus
1231 1669 1411 1707 ordinem

752 1723 957 1762 verborum
978 1722 1079 1761 hunc
1099 1720 1175 1763 esse
1192 1724 1253 1772 ait,
1274 1725 1408 1773 dicens,

751 1778 797 1818 sc.
818 1777 1053 1828 Bacchis‚fic
1065 1779 1139 1827 hoc,
1165 1777 1210 1818 sc.
1224 1779 1297 1826 est3
1318 1782 1409 1830 quia

44 1851 91 1884 11,
113 1852 150 1886 2,
174 1840 262 1891 29.)
276 1838 411 1885 vritur,
433 1834 579 1887 cyatiffi)
595 1848 604 1879 3
623 1835 700 1872 tale
739 1835 794 1887 Jz'c
813 1835 880 1873 hoc
899 1828 1084 1885 estdicere
1104 1832 1299 1882 soleamus,
1321 1849 1410 1874 cum

45 1894 102 1933 est
137 1904 176 1933 et
210 1892 395 1947 graecisso·
468 1889 695 1941 Pytffsfzndo,

44 1950 87 1990 id
106 1949 168 1997 est,
189 1949 367 2000 expreffis
393 1945 508 1985 labris
527 1957 701 1997 expuen-

45 2008 117 2055 do,
164 2004 258 2044 dum
290 2001 467 2056 saporem
500 2002 580 2040 vini
613 2013 701 2053 pro-

43 2063 122 2104 bat.
177 2062 223 2100 C.

99 2115 314 2168 Pytiffimdo
324 2114 429 2154 modo
439 2112 548 2166 miht]
568 2114 701 2163 Quan-

43 2187 124 2214 tum
148 2174 232 2211 vini
248 2168 468 2212 absumserit
485 2169 586 2218 vide,
605 2168 700 2207 dum

46 2226 207 2283 pytiffat.
261 2227 419 2279 Proprie
446 2237 574 2265 autem
585 2223 701 2277 pytiss

37 2284 126 2341 fiire
148 2284 296 2331 dicitur,
315 2282 421 2334 quod
440 2280 699 2334 gusta1·e,(ex-

48 2341 141 2381 cidit
177 2341 232 2390 et)
272 2338 374 2391 quasi
409 2351 496 2377 cum
531 2335 698 2389 quadam

46 2395 277 2450 probatione
310 2391 508 2446 exspuere.
575 2391 699 2432 Deni-

46 2466 126 2505 que
144 2450 300 2491 adiecit:
326 2450 385 2489 Sic
403 2449 469 2491 hoc
493 2449 626 2494 dicens,
645 2446 700 2497 as:

40 2521 173 2562 perum
194 2518 310 2559 pater,
330 2505 397 2545 hoc
417 2505 476 2557 est,
493 2505 596 2546 aliud
611 2503 696 2544 leni-

46 2578 101 2615 us,
113 2563 242 2615 sodes,
261 2562 357 2601 vide.
409 2564 453 2602 E.

107 2618 349 2671 Pytzffimlo]
404 2615 583 2658 Diomed.
632 2613 695 2654 lib.

45 2689 99 2718 ιι.
157 2677 196 2715 L.

99 2728 317 2784 Pytifimdo]
337 2726 559 2772 Scholiastes
569 2725 697 2770 Remu

750 1890 843 1941 quid
873 1891 933 1929 vel
961 1889 1226 1940 improbemus
1245 1893 1307 1931 vel
1331 1905 1411 1930 me-

750 1946 881 1984 diocre
899 1942 976 1985 effe
993 1944 1250 1985 ostendamus.
1304 1950 1346 1987 B.

805 2004 876 2041 Pro
903 2001 1028 2054 Qid,
1067 2003 1180 2054 quid,
1208 2003 1408 2042 Bentleius

749 2070 838 2096 cum
866 2060 1012 2097 faerno
1036 2058 1140 2097 recte
1165 2070 1247 2096 non
1274 2057 1344 2097 niti
1369 2072 1407 2098 ἰ’-

747 2126 842 2153 num
857 2112 965 2165 Qid
991 2112 1123 2152 edidit.
1177 2117 1218 2154 Ζ.

804 2181 859 2223 50
894 2168 999 2210 Male
1023 2181 1093 2219 pro
1121 2169 1226 2208 aliud
1249 2169 1409 2221 quidam

747 2226 898 2264 malunt
947 2224 1048 2262 illud.
1106 2224 1250 2264 Omnia
1298 2226 1406 2265 enim

749 2281 853 2319 dolia
886 2280 1124 2327 renuuntur,
1174 2280 1269 2319 dum
1300 2281 1407 2320 aliud

749 2337 966 2387 quaeritur:
997 2346 1033 2374 at
1050 2334 1076 2373 fi
1098 2333 1204 2385 Illud,
1234 2337 1311 2375 iam
1339 2336 1405 2375 ha-

747 2391 836 2438 bet,
869 2390 973 2443 quod
1000 2392 1124 2442 placet
1135 2405 1148 2439 5
1183 2405 1258 2431 nec
1293 2393 1406 2444 plura

747 2446 850 2487 dolia
882 2445 1140 2487 sollicitantur.
1192 2448 1408 2491 Caeterum

747 2516 815 2553 pro
844 2503 933 2542 Vide
952 2503 1106 2543 Nonius
1133 2516 1166 2542 v.
1200 2501 1404 2555 Asperum,

748 2562 849 2600 Para
875 2557 1004 2598 habet.
1044 2558 1163 2599 Male.
1222 2563 1321 2601 Nam
1341 2561 1404 2600 Vi·-

747 2617 807 2663 de,
839 2628 887 2655 ex
907 2625 970 2653 tua
992 2614 1114 2662 cella,
1147 2614 1258 2668 Para,
1281 2628 1330 2656 ex
1349 2627 1401 2658 ta-

747 2672 869 2714 berna
888 2681 988 2722 pete.
1045 2672 1087 2711 B.

916 2728 1054 2780 qu
