1815 3168
584 67 994 114 EVNVCI-IVS.

1369 85 1464 131 451

241 195 398 248 THR.
436 201 513 243 Tu
536 196 662 242 hosce
676 189 867 240 instrue:
905 193 976 240 hic
1007 209 1090 253 ego
1122 210 1197 241 ero
1221 195 1317 260 post
1339 202 1467 262 prin-

339 274 467 337 cipia:
507 271 608 317 inde
629 271 832 316 omnibus
853 267 1024 328 signum
1054 268 1180 315 dabo.

238 345 352 396 GN,
390 348 497 392 Illuc
528 345 586 391 est
607 346 775 410 sapere!
814 354 860 391 vt
882 343 1007 391 hosce
1028 343 1237 397 instruxit,
1260 346 1374 410 ipsus
1388 346 1466 399 fibi

336 424 448 469 cauit
474 421 585 467 loco.

239 495 335 546 ΤΗ
350 512 393 543 R.
429 496 552 543 Idem
573 496 657 542 hoc
679 497 764 542 iam
783 495 977 558 Pyrrhus
1003 492 1227 544 faffitauit.
1263 492 1310 544 C
1323 516 1368 544 H.
1403 500 1464 546 vi-

335 567 434 620 den’
457 585 518 625 tu,
541 571 695 625 Thais,
715 587 846 635 quam
865 571 937 617 hic
957 587 1052 617 rem
1075 569 1195 631 agit?

102 773 297 829 sequitur,
343 773 384 813 id
412 771 514 825 quod
545 770 758 824 praecedit.

102 836 199 875 Nam
222 845 302 870 non
324 829 456 878 seruat,
480 828 548 867 nisi
570 830 635 880 qui
650 830 754 880 prius

101 890 145 930 in
162 903 210 928 eo
230 890 314 926 loco
335 884 482 925 sederit.
537 887 584 924 D.

157 944 260 983 Solus
300 942 437 994 Sannio
462 940 597 991 seruat
638 941 753 994 domi]

101 1005 182 1044 Aut
202 997 373 1040 absolute
393 997 676 1047 diffitrnfiruat
695 998 755 1036 do·

100 1059 179 1097 mi:
208 1067 280 1103 aut,
305 1055 440 1105 seruat
458 1066 511 1101 ea,
541 1066 631 1106 quae
652 1055 754 1093 domi

90 1112 199 1166 fimt.
254 1115 296 1151 E.
524 1115 527 1120 '

155 1169 263 1207 Solus
283 1168 421 1206 Sannio
429 1164 578 1218 struat]
612 1165 754 1203 Ammi-

102 1238 164 1265 an.
186 1223 358 1263 Marcell.
379 1222 443 1260 lib.
462 1234 537 1260 xtv.
599 1220 659 1258 Ne
669 1221 757 1258 San-

101 1283 212 1319 m‘one
238 1278 399 1330 quidem,
435 1286 478 1315 vt
503 1278 559 1314 ait
580 1275 756 1323 Comicus,

103 1335 201 1375 domi
228 1335 362 1373 relicto.
422 1336 463 1373 L.

158 1391 282 1431 Bentl.
302 1388 444 1435 edidit,
475 1387 585 1426 domi.
633 1385 759 1425 Reffle.

104 1448 203 1488 Nam
230 1446 277 1484 fic
299 1446 472 1495 seruare,
503 1442 539 1480 h.
570 1456 603 1480 e.
633 1439 759 1480 obser-

104 1516 196 1541 uare
223 1501 450 1554 diligenter,
489 1509 528 1536 et
555 1496 756 1543 custodire,

104 1559 265 1597 occurrit
286 1558 404 1596 Plaut.
425 1553 539 1595 Most.
559 1566 601 1600 11,
631 1566 666 1597 2,
687 1564 752 1593 21.

106 1614 234 1653 Natus
261 1626 361 1652 nemo
390 1614 429 1649 in
448 1608 592 1648 aedibus
610 1608 756 1662 seruat.

104 1681 145 1708 et
162 1669 266 1707 alibi.
324 1671 365 1707 Z.

163 1737 208 1767 ΙΙ
242 1723 327 1775 Post
345 1720 551 1775 principia]
582 1716 758 1771 Magnifi-

103 1793 150 1820 ce
187 1780 234 1819 ad
263 1778 376 1818 risum
405 1775 755 1816 commouendum:

104 1850 195 1876 nam
224 1835 352 1876 dicere
380 1833 534 1879 debuit,
565 1833 644 1882 posi
675 1842 753 1868 vos.

102 1896 152 1934 Et
181 1891 284 1930 hune
309 1893 436 1930 locum
469 1888 536 1927 fibi
564 1886 754 1937 optimum

103 1949 244 2002 elegit,
274 1958 312 1986 vt
329 1945 494 1985 timidus.
556 1941 638 1992 Post
653 1953 752 1994 prug-

105 2004 216 2057 cipia]
248 2004 413 2043 Militare
430 2000 574 2039 dietum
593 1998 655 2036 est.
709 2000 756 2037 Et

106 2059 310 2112 ambigunt
336 2057 465 2100 multi,
496 2069 545 2094 an
572 2055 612 2092 in
633 2064 756 2092 extre·

105 2129 170 2156 mo
188 2116 344 2168 agmine
364 2113 406 2153 fit
425 2113 488 2151 hic
505 2113 620 2157 locus,
644 2124 693 2147 an
713 2110 754 2147 in

105 2171 250 2211 medio.
308 2171 392 2211 Inde
428 2166 592 2207 omnibus
604 2164 754 2220 fi‘gnum

109 2226 223 2280 dabo]
254 2229 454 2277 Tanquam
478 2237 557 2263 non
577 2220 755 2260 omnibus

109 2281 190 2322 dari
209 2282 324 2333 poffit,
340 2280 533 2320 fialiunde
552 2278 676 2318 detur.r
706 2280 755 2317 D.

165 2337 246 2392 Ego
275 2336 351 2389 post
375 2335 575 2390 principia]
614 2333 754 2373 Princi-

101 2395 170 2447 pia
191 2394 363 2431 dicuntur
379 2394 477 2432 acies
497 2403 534 2430 et
555 2390 662 2429 frons
685 2389 757 2440 pri—

108 2463 172 2489 ma
204 2449 401 2488 exercitus.
456 2452 509 2487 lta
530 2446 607 2498 post
621 2446 758 2497 princi-

106 2508 192 2560 pia,
234 2505 285 2543 el’t
320 2503 504 2555 postrema
532 2502 627 2542 aciei
659 2513 757 2552 pars.

111 2561 294 2614 Denique
318 2559 540 2618 intelligens
564 2556 756 2612 pal-alitus,

1316 650 1464 696 Nimi-

803 770 1037 823 prudentem
1078 772 1247 824 appellat
1283 772 1464 823 militem,

805 829 910 879 quod
932 828 997 867 fibi
1018 830 1058 867 in
1079 826 1393 882 periculoso-loco
1406 842 1465 868 ca-

804 886 917 923 uerit.
973 888 1015 924 E.

857 941 969 987 Dele,
990 941 1061 986 h1'c‚
1074 952 1160 978 cum
1171 939 1256 979 cod.
1268 939 1439 987 Petrenfi
1452 955 1467 980 τ

804 996 908 1046 quod
933 995 1065 1034 frustra
1091 996 1239 1035 versum
1266 1008 1402 1036 onerat
1424 1006 1465 1036 et

801 1052 980 1104 impedit.
1040 1054 1080 1092 Β.

864 1121 912 1149 12
940 1105 1130 1159 Ipficsfi'bi
1151 1110 1251 1147 cauit
1271 1108 1365 1162 loco]
1396 1112 1464 1148 An

807 1165 859 1203 Lo
866 1178 903 1203 co
914 1164 979 1203 fim
987 1164 1148 1213 pliciter,
1161 1165 1251 1215 quia
1262 1165 1345 1216 post
1356 1165 1466 1216 prin-

807 1221 932 1269 cipia?
962 1234 1010 1258 an
1027 1221 1131 1266 Loco,
1152 1222 1302 1265 inloco,
1325 1233 1466 1271 oppor-

806 1286 902 1314 tune
923 1286 960 1313 et
979 1277 1158 1321 ἐυκαῖςωςῗ
1189 1277 1399 1315 Terentius
1419 1277 1465 1316 in

806 1329 1008 1381 Adelphis,
1042 1331 1231 1369 Pecuniam
1249 1334 1288 1369 in
1307 1331 1385 1369 loco
1407 1345 1468 1370 ne-

806 1387 965 1440 gligere,
992 1387 1176 1424 interdum
1197 1390 1399 1425 maximum
1417 1386 1467 1438 est

807 1443 961 1481 lucrum.
993 1446 1055 1481 An
1074 1455 1142 1492 pro
1155 1443 1195 1480 de
1215 1441 1323 1483 loco?
1360 1446 1407 1482 D.

868 1510 913 1548 13
958 1497 1055 1535 Idem
1083 1497 1150 1535 hoc
1189 1500 1263 1536 iam
1292 1497 1467 1546 Pyrrhus

795 1553 1015 1606 fizc‘litauit]
1049 1552 1184 1591 Irridet
1212 1553 1369 1604 quidem
1397 1556 1469 1592 Po-

807 1619 886 1647 eta:
927 1619 1184 1647 veruntamen
1214 1609 1380 1648 ostendit
1410 1607 1468 1647 of-

806 1663 934 1702 ficium
954 1665 1193 1715 imperatoris
1214 1664 1286 1702 hoc
1305 1662 1391 1712 effe,
1410 1677 1466 1703 ne

807 1718 845 1758 se
865 1723 903 1759 in
926 1720 1140 1771 periculum
1157 1721 1342 1770 proiiciat.
1401 1722 1466 1760 Sic

805 1776 1019 1822 Sallustius,
1058 1775 1108 1814 Et
1144 1779 1182 1813 in
1199 1776 1358 1826 praeliis*
1379 1777 1468 1815 ac‘tu

802 1842 984 1882 promtus.
1040 1834 1086 1871 Et
1105 1830 1177 1869 hoc
1195 1842 1328 1879 toturn,
1362 1831 1466 1884 quali
1488 1880 1489 1884 Ἰ

805 1888 846 1925 in
865 1887 1041 1926 Palliata:
1071 1884 1134 1925 sed
1162 1885 1381 1926 concefi'um
1396 1900 1465 1939 po·
1489 1886 1493 1899 ‘

804 1944 875 1981 etis
904 1943 989 1981 fuit.
1044 1941 1207 1994 Pyrrhus
1236 1955 1364 1982 autent
1397 1956 1467 1994 pe-

805 1999 994 2037 ritiffimus
1030 1997 1327 2051 stratagematon
1365 1998 1437 2037 fuit
1449 2011 1469 2037 :r

804 2052 1039 2106 primusque,
1071 2053 1395 2105 quemadmodum
1415 2067 1463 2093 ea

805 2109 1003 2161 disciplina
1022 2122 1092 2160 per
1114 2111 1277 2147 calculos
1297 2111 1335 2148 in
1356 2111 1463 2150 tabu-

803 2167 839 2205 la
865 2165 1086 2212 traderetur,
1107 2164 1283 2204 ostendit.
1337 2169 1372 2206 D

858 2220 1007 2267 Verba,
1038 2221 1134 2258 Idem
1163 2221 1229 2258 hoc
1258 2224 1331 2259 iam
1358 2223 1396 2261 P.
1419 2221 1463 2273 f

806 2277 981 2327 plerique
1002 2275 1087 2314 libri
1107 2277 1278 2314 tribuunt
1289 2277 1464 2316 Gnatho-

807 2334 869 2379 ni,
908 2331 1012 2384 quod
1053 2345 1134 2370 non
1164 2331 1219 2370 est
1256 2346 1363 2383 opus,
1419 2337 1460 2372 Β.

805 2392 974 2428 Temere
992 2388 1152 2427 Daceria
1176 2388 1255 2426 vult
1273 2389 1371 2441 legi,
1395 2388 1464 2439 fiz-

808 2443 923 2484 fbitat.
978 2445 1074 2483 Nam
1117 2443 1258 2483 etiamst
1293 2449 1463 2485 Menan-

809 2500 900 2547 der,
945 2501 1050 2538 cuius
1091 2500 1327 2550 temporibus
1369 2501 1463 2539 vixit

805 2555 990 2611 Pyrrhus,
1021 2550 1099 2596 vsus
1120 2554 1162 2598 fit
1180 2553 1339 2613 fqttaffis
1362 2567 1460 2594 tem·

911 2613 941 2654 F
955 2609 976 2654 f
1001 2623 1047 2669 a«
1245 2609 1257 2614 ’
1364 2623 1462 2666 pore
