1815 3168
363 163 460 213 324
753 145 912 192 ACT.
947 145 1003 190 11.

1055 143 1249 190 SCEN.
1281 144 1335 192 ΙΙ.

500 271 617 322 GN.
655 277 802 328 Quam
825 273 911 319 hoc
944 287 1106 317 munus
1129 282 1301 332 gratum
1323 271 1489 319 Thaidi
1522 272 1730 319 arbitrare

598 347 714 400 effe?
749 347 783 394 P
798 362 830 393 A
845 362 892 393 R.
930 347 1016 392 hoc
1039 363 1158 392 nunc
1182 347 1302 400 dicis,

399 436 468 492 45
503 423 677 474 Eiefiios
701 425 803 470 hinc
826 440 931 469 nos:
969 423 1187 468 Omnium
1206 438 1370 478 rerum,
1391 422 1516 475 hcuS,
1535 419 1731 475 viciffitu·

597 500 655 547 do
678 499 750 546 est.

500 572 613 623 GN.
645 580 725 623 Sex
749 591 831 635 ego
852 584 896 621 te
918 583 1049 628 t0t03,
1070 577 1300 627 Parmeno,
1326 574 1409 623 hos
1424 573 1590 625 menses
1613 576 1732 639 quie⁴

595 662 693 698 tum
716 650 893 697 reddam
911 669 920 695 ε

499 732 575 776 Ne
597 727 773 779 sursum,
796 725 994 772 deorsum
1018 723 1206 780 cursiteS,
1226 742 1341 777 neue
1364 726 1493 789 vsque
1515 725 1567 772 ad
1589 723 1734 774 lucem

593 803 760 863 vigiles.

367 902 439 942 pro
457 901 497 927 eo
510 919 519 936 ,
550 887 646 940 quod
661 886 720 940 cst,
748 885 872 926 dolore
893 901 1025 942 angor.

362 951 470 997 Lege
479 954 629 998 ang0,0t
639 941 797 981 habebis
809 940 1026 994 scripturam

366 1001 535 1040 Donati:
565 997 634 1036 nifi
653 999 762 1037 malis
780 1010 867 1037 cum
884 1002 944 1039 Fr.
970 1002 1027 1037 Iu-

366 1067 465 1102 rem,
485 1055 590 1093 cuius
610 1053 932 1094 emendationem
950 1055 1027 1094 lau-

370 1112 434 1150 dat
453 1110 626 1149 Bartliius
648 1109 697 1148 ad
715 1110 809 1148 Stat.
829 1108 957 1148 Theb.
976 1122 1024 1159 ΙΙ,

368 1180 463 1221 300.
493 1166 628 1219 legere
659 1166 806 1218 coquo).
870 1165 922 1205 Vt
948 1164 1026 1218 fal-

359 1224 431 1275 sus
450 1224 565 1261 animi
576 1221 673 1276 est?]
704 1221 885 1261 Similiter
895 1231 934 1259 et
945 1225 1030 1261 Par-

369 1292 490 1319 meno
524 1275 789 1330 secumgestu
819 1275 960 1316 seruili.
992 1289 1030 1318 et

367 1337 486 1375 animi
507 1348 577 1387 pro
586 1334 733 1380 animo,
753 1339 948 1375 ἃντίπτωσις
965 1347 1030 1372 ve-

369 1402 507 1439 terum,
527 1391 602 1441 qui,
623 1392 749 1446 ingens
768 1403 803 1429 es
821 1391 971 1435 virium,
990 1400 1030 1433 et

367 1449 472 1487 diues
489 1461 522 1486 es
540 1458 660 1498 opum,
688 1444 870 1485 amabant
887 1445 1029 1485 dicere.

370 1505 424 1544 Vt
446 1501 572 1556 filffiff
598 1503 715 1541 animi
739 1501 836 1556 cst?]
865 1498 925 1543 Ex
950 1501 1029 1541 hoc

366 1557 482 1600 falsus
512 1559 631 1598 animi
663 1558 733 1606 est,
770 1558 877 1611 quod
907 1568 1025 1609 putat,

363 1612 581 1655 huiusmodi
609 1626 773 1655 munere
801 1615 887 1668 capi
919 1612 1027 1667 posse

367 1671 575 1714 Thaidem.
633 1674 685 1715 D,

423 1729 571 1767 Omnes
599 1727 710 1767 codd.
736 1727 872 1768 animo.
930 1726 1032 1768 Illud

368 1786 484 1824 animi
510 1788 669 1826 Donato
695 1782 876 1826 debetur.
931 1786 1031 1823 Tres

369 1840 526 1894 egregii
545 1841 648 1879 reete
671 1841 809 1892 legunt
834 1853 878 1878 es.
913 1842 974 1885 ΕΒ.

422 1909 478 1950 44
506 1894 630 1949 Qqam
648 1895 716 1934 hoc
736 1908 868 1934 munus
878 1899 1030 1949 gratum

369 1951 506 1992 Thaidi
515 1952 553 2006 Υ]
584 1951 687 1991 Mire
698 1948 853 1990 insultat
862 1950 1028 1990 Gnatho.

370 2010 532 2059 Quanto
573 2007 684 2047 enim
719 2007 841 2060 magis
884 2020 1029 2046 munus

368 2074 524 2117 gratum
543 2061 679 2114 fuerit,
713 2073 822 2101 tanto
845 2063 919 2103 erit
934 2063 1030 2102 riua-

368 2121 415 2160 lis
441 2118 637 2159 exclufior.
694 2121 749 2160 D.

426 2177 574 2216 Omnes
593 2173 715 2215 nostri
733 2174 841 2214 dices.
889 2174 1028 2218 Minus

369 2232 486 2273 reSte.
541 2235 582 2272 Β,

421 2301 477 2342 45
508 2288 681 2328 Omnium
704 2301 826 2328 rerum
856 2284 944 2326 heus
970 2289 1027 2327 vi·

373 2342 537 2398 eiffitudo
550 2344 612 2395 est]
643 2344 747 2386 Vide
757 2346 884 2383 locum
893 2343 935 2382 in
948 2356 1025 2395 quo

370 2412 578 2452 erumpere
617 2401 732 2440 dolor
774 2400 1028 2440 Parmenonis

369 2457 515 2509 potuit,
543 2456 613 2495 nifi
632 2452 825 2496 commiflla
849 2453 1026 2505 seruaret,

369 2526 410 2551 et
420 2513 604 2551 celaretT
608 2513 730 2552 haidis
743 2510 955 2551 confilium.
973 2516 1025 2554 D.

1565 802 1736 863 Ecquid

1076 885 1145 923 tias
1174 885 1404 937 applicauit,
1439 897 1479 926 vt
1514 886 1554 924 in
1583 884 1734 926 Andria

1075 940 1175 980 Solia
1204 942 1320 982 dixit:
1351 948 1399 982 Vt
1426 957 1470 981 ne
1496 942 1586 995 quid
1609 944 1730 982 nimis.

1074 996 1137 1036 Est
1154 998 1262 1037 enim
1283 997 1445 1037 astutum
1464 996 1657 1038 seruorum
1670 1012 1738 1052 ge-

1076 1064 1171 1100 nus,
1196 1064 1236 1093 et
1262 1051 1345 1094 satis
1363 1054 1410 1093 ad
1430 1054 1735 1109 intelligendum

1076 1117 1210 1146 mente
1237 1107 1440 1149 versutum.
1496 1108 1637 1152 Sensus
1659 1110 1734 1150 est:

1077 1161 1179 1200 nihil
1197 1162 1240 1202 in
1268 1167 1422 1216 proprio
1439 1165 1532 1205 statu
1545 1177 1735 1219 perpetuo

1078 1230 1322 1269 permanere,
1339 1219 1411 1262 sed,
1422 1219 1524 1260 verso
1543 1223 1681 1262 ordine
1692 1223 1734 1262 in

1080 1272 1245 1313 diuersas
1256 1275 1357 1315 vices
1369 1278 1504 1316 cuneia
1513 1281 1660 1317 mutari.
1689 1282 1735 1319 E.

1134 1333 1188 1382 46
1220 1331 1296 1371 Sex
1322 1345 1387 1386 ego
1415 1345 1452 1371 te
1477 1342 1603 1384 totos,
1637 1333 1734 1389 ἕῳ]

1080 1385 1187 1436 Quid
1215 1386 1269 1426 est
1297 1396 1431 1437 totos?
1455 1403 1506 1428 an
1535 1389 1669 1430 diebus
1696 1400 1736 1443 et

1078 1441 1283 1482 uofflbus?
1313 1454 1447 1494 vtpote
1468 1448 1646 1485 amatoris
1665 1442 1739 1488 ser-

1078 1511 1189 1537 uum:
1220 1512 1263 1538 ac
1288 1513 1359 1551 per
1376 1501 1450 1540 hoe
1468 1501 1550 1540 fine
1571 1503 1643 1542 vlla
1661 1501 1738 1542 ces-

1076 1552 1225 1594 satione
1243 1567 1282 1594 et
1301 1557 1583 1596 intermistione
1602 1561 1736 1612 (Forte

1076 1612 1150 1650 ita:
1183 1625 1231 1651 an
1250 1613 1294 1651 de
1313 1612 1438 1653 diebus
1458 1627 1495 1653 et
1514 1615 1566 1654 n?
1590 1629 1625 1656 v.
1646 1629 1681 1655 a.
1700 1616 1744 1666 fi

1079 1670 1147 1720 qui
1162 1668 1403 1720 percurrebat
1423 1669 1490 1708 huc
1506 1668 1589 1709 illuc
1597 1670 1677 1724 fine.
1694 1683 1734 1712 v.

1080 1737 1107 1762 c.
1129 1738 1165 1762 et
1176 1725 1203 1763 i.
1230 1726 1304 1776 Z).
1361 1726 1444 1765 Hos
1464 1727 1612 1778 merfi’s]
1639 1728 1737 1777 Hos,

1080 1780 1149 1831 qui
1172 1793 1278 1819 nunc
1299 1793 1477 1836 aguntur,
1509 1783 1548 1822 id
1569 1785 1631 1831 est,
1661 1783 1738 1835 hoe

1080 1846 1271 1886 tempore.
1341 1838 1517 1893 ⁸,Quietum
1565 1839 1736 1894 reddam]

1078 1894 1218 1931 Facete
1226 1906 1239 1941 3
1266 1895 1370 1944 quaii
1387 1894 1461 1933 hoc
1486 1892 1569 1945 ipse
1588 1894 1735 1935 fecerit.

1078 1958 1120 1988 et
1147 1947 1221 1986 hoc
1247 1948 1303 1987 est
1334 1948 1438 2000 quod
1464 1950 1534 1999 ait,
1566 1951 1736 1992 Plurima

1064 2002 1196 2055 fizlute
1206 2004 1471 2044 Parmenonem
1478 2006 1666 2057 summum
1669 2006 1736 2060 su-

1079 2074 1142 2099 um
1161 2062 1335 2113 impartit
1353 2060 1506 2101 Gnatho
1518 2079 1534 2101 .·
1555 2074 1736 2116 tanquam

1078 2116 1204 2155 amico
1227 2114 1409 2156 consulat.
1465 2121 1513 2158 D.

1133 2171 1207 2211 Sex
1232 2187 1295 2228 ego
1315 2189 1351 2215 te
1379 2176 1496 2229 totos]
1532 2176 1736 2216 Familiare

1077 2229 1269 2268 Terentio
1278 2231 1351 2281 fix
1368 2232 1500 2282 menses
1512 2232 1661 2272 dicere:
1680 2232 1735 2272 cst

1076 2285 1184 2324 enim
1211 2285 1371 2331 dimidia
1402 2288 1497 2327 anni
1525 2302 1629 2340 pai-55
1657 2294 1738 2338 'grn-

1077 2340 1128 2380 de
1154 2354 1238 2381 non
1275 2344 1474 2395 paululum
1511 2355 1660 2396 tempus
1685 2344 1735 2384 fic

1077 2395 1179 2445 alibi,
1198 2402 1251 2438 Ae
1270 2414 1346 2439 non
1351 2402 1458 2453 prius
1464 2400 1541 2452 fix
1556 2399 1734 2454 menfibus

1077 2453 1292 2506 oficg'ffi’m?
1346 2460 1387 2496 E.

1129 2523 1185 2563 47
1216 2511 1278 2550 Ne
1286 2511 1448 2563 fitrfhm,
1467 2511 1634 2563 deor—fiam
1653 2526 1732 2552 cur-

426 2569 598 2608 Omnium
616 2582 749 2616 rerum,
773 2567 868 2616 heus,
897 2565 1028 2619 viciffi-
1063 2562 1175 2615 fites]
1206 2569 1325 2618 Quod
1348 2570 1401 2609 est
1417 2569 1569 2612 laboris,
1625 2569 1733 2610 Neue

366 2625 472 2668 mdo]
499 2624 660 2676 Vbique
679 2623 796 2664 seruis
816 2625 1026 2664 Terentius

366 2680 622 2723 vehementes
641 2678 857 2736 grauesque
873 2676 1026 2721 senten·

1075 2623 1184 2676 osque
1210 2626 1261 2664 ad
1285 2625 1398 2667 lucem
1423 2627 1570 2683 vigiles]
1611 2627 1731 2677 Quod

1074 2679 1128 2718 est
1146 2681 1267 2722 exitii.
1324 2685 1372 2725 D.
