1815 3168
253 129 346 189 146
627 126 785 172 ACT.
823 125 894 170 111.

948 123 1145 169 ΞΟΕΝ,
1180 123 1253 169 111.

322 248 632 302 ACTVS
696 245 1021 297 TERTII
1075 243 1378 297 SCENA
1435 245 1566 318 111..

628 337 818 378 SIMO.
878 334 1241 376 CHREMES.

252 491 338 603 lv
360 500 380 526 n
401 496 470 526 no
516 478 808 524 Chremetem.
850 468 960 519 CH.
1000 470 1051 518 0!
1092 481 1135 518 te
1169 464 1310 535 ipsum
1341 473 1619 537 quaerebam.

430 552 506 602 Sl.
545 563 588 598 ct
613 567 695 612 ego
717 561 774 597 te.
813 543 921 596 CH.

275 788 280 793 ·
317 789 336 819 1
375 774 485 816 Iubeo
516 770 760 826 Chremetem]
808 767 918 812 Haec

251 832 472 887 ‹congressio
507 830 672 869 duorum
708 826 843 867 senum
870 826 919 867 ad

258 893 336 932 tale
362 887 574 942 periculum
592 883 714 937 adigit
737 882 918 931 fabulam,

261 958 307 987 vt·
338 946 379 985 id
424 956 507 982 non
536 940 712 980 videatur
748 938 923 987 confilio,

261 1001 328 1042 sed
362 1009 509 1041 euentu
547 992 654 1047 poss'e
687 994 817 1033 vitari:
855 995 921 1044 qui

262 1068 430 1098 euentus
466 1051 520 1092 est
545 1050 712 1092 Critonis
746 1047 921 1102 praesen-

263 1116 329 1154 tia.
385 1115 487 1151 Nam
508 1120 613 1146 nuuc
632 1119 681 1144 ex
697 1103 797 1144 falfis
825 1103 924 1143 fient

263 1178 378 1209 verae
396 1165 567 1217 nuptiae.
624 1160 736 1200 Iubeo
761 1161 925 1201 Chreme-

264 1225 362 1278 tem]
411 1223 538 1272 Fitme
583 1217 728 1269 aliquid
774 1217 922 1264 iubere,

265 1282 368 1321 velle
389 1278 461 1317 est.⁴
506 1274 617 1315 Iubeo
633 1287 741 1327 erge,
764 1274 866 1313 volo.
887 1283 926 1311 et

269 1336 393 1384 deest,
411 1333 579 1384 fizluere:
611 1330 716 1382 quod
743 1330 926 1382 exprimi-

269 1406 332 1434 tur
349 1391 397 1430 ab
418 1390 572 1429 alterius
592 1384 780 1438 personae
809 1387 927 1424 inter-

269 1459 405 1490 uentu.
419 1457 458 1485 vt
470 1443 605 1497 Virgil.
618 1445 743 1494 (Aen.
756 1456 795 1489 v,
814 1444 925 1496 386),

272 1504 461 1558 Redquue
497 1503 584 1540 viro
624 1496 799 1551 promzffz
833 1496 930 1536 iube-

272 1563 374 1603 bant.
429 1561 477 1598 Et
516 1558 792 1602 μεταληπτικῶςί
840 1554 932 1605 quia

273 1619 342 1671 qui
371 1615 463 1654 dicit
482 1611 605 1661 salue,
635 1610 756 1650 iubet.
812 1611 933 1651 Volu-

273 1686 359 1715 mus
399 1671 508 1710 enim
540 1668 691 1707 animo:
742 1665 932 1714 iubemus,

276 1729 413 1769 verbis.
453 1726 488 1763 0
505 1738 542 1764 te
561 1723 679 1775 ipsum
697 1721 931 1776 quaerebam]

273 1783 476 1827 Placabilis
506 1791 544 1821 et
569 1780 669 1819 lenis
698 1781 841 1818 amicus
863 1791 934 1830 per

275 1853 397 1881 totam
414 1837 583 1877 fabulam
600 1836 796 1874 inducitur
812 1834 933 1877 Chre-

275 1911 372 1945 mes,
402 1905 439 1933 vt
459 1892 674 1946 cognitioni
694 1890 742 1929 ad
761 1888 935 1929 ¹vltirnum

277 1948 462 1994 interesse
482 1948 603 2003 possit.
660 1947 800 1998 Optato
827 1947 935 1984 adue-

277 2012 353 2062 nis]
387 2007 535 2059 Optato,
555 2002 783 2043 aduerbium
801 2001 865 2041 est.
896 2010 936 2039 vt

278 2065 419 2117 Virgil.
440 2065 560 2114 (Aen.
578 2060 774 2111 x‚‘405.),
804 2059 858 2097 Ac
879 2069 938 2095 ve-

278 2123 336 2162 lut
353 2130 480 2172 optato
500 2117 630 2155 ventis.
685 2116 733 2153 D.

334 2176 442 2217 Iubeo
468 2170 713 2224 Chremetem]
745 2172 853 2209 Haec
865 2166 940 2207 sce-

279 2249 332 2274 na
360 2231 594 2284 petitionem
622 2225 760 2265 habet:
792 2225 940 2277 quippe

281 2290 391 2331 Simo
411 2287 511 2326 redit
530 2283 579 2323 ad
599 2281 872 2329 Chremetem,
902 2290 941 2318 vt

280 2344 401 2386 filiam
418 2341 521 2382 suam
541 2339 609 2378 det
627 2339 711 2378 eius
730 2336 820 2375 filio.
867 2337 940 2376 Hie

282 2401 418 2451 vtique
438 2395 627 2450 qualitatis
639 2393 694 2433 est
703 2405 741 2432 et
751 2392 941 2432 delibera-

277 2458 384 2498 tiuae
422 2454 575 2494 forma:
626 2449 756 2497 Iubeo,
798 2449 939 2499 inquit,

284 2512 521 2556 Chremetem,
544 2507 583 2546 id
603 2507 668 2553 est,
686 2506 785 2545 volo.
805 2515 844 2544 vt
854 2505 940 2545 Vir-

283 2569 351 2624 gil„
379 2570 503 2622 (Aen.
525 2578 568 2615 V,
598 2564 744 2620 3860?
777 2584 833 2592 --
861 2560 940 2602 red-

959 557 1110 615 optato
1131 546 1326 594 aduenis.

1535 624 1626 672 Ali-

967 770 1077 825 dique
1110 771 1192 808 viro
1232 767 1409 822 promffz
1441 768 1626 809 iubebant.

969 827 1170 869 Conuenit
1189 836 1227 866 et
1237 825 1436 873 Clu-emes,
1459 836 1562 865 certa
1571 839 1627 863 ra-

969 884 1078 923 tione
1122 879 1357 933 compulsus:
1405 892 1629 934 oportuerat

970 940 1077 977 enim
1099 937 1349 980 Chremetem
1366 937 1418 977 de
1426 936 1628 990 Pamphilo

972 992 1050 1032 esse
1067 991 1278 1042 sollicitum,
1309 996 1454 1045 quippe
1470 995 1537 1044 qui
1555 993 1631 1043 pri-

973 1063 1018 1088 or
1048 1059 1227 1096 venerat,
1253 1060 1292 1087 vt
1322 1052 1359 1088 ei
1378 1050 1631 1101 polliceretur

974 1104 1140 1155 nuptias.
1197 1105 1289 1142 Non
1315 1116 1410 1156 ergo
1439 1105 1520 1143 fine
1541 1118 1632 1143 cou⁴

973 1160 1120 1201 ieuura
1142 1156 1220 1197 effe
1237 1157 1437 1206 debuerat,
1457 1158 1524 1210 qui
1542 1172 1635 1211 ope-

975 1230 1074 1264 ram,
1105 1214 1198 1266 quid
1217 1213 1264 1254 ad
1280 1214 1524 1266 Pamphilum
1549 1228 1636 1266 per-

976 1273 1128 1320 tineret,
1155 1271 1218 1310 vel
1237 1271 1473 1323 argumentis
1493 1271 1554 1309 vel
1572 1284 1636 1308 ru-

974 1342 1085 1367 more
1105 1325 1366 1380 cognosceret.
1422 1326 1500 1367 Sed
1518 1327 1635 1365 etiarn
1658 1375 1662 1378 .

977 1396 1095 1431 nunc,
1120 1396 1208 1421 cum
1228 1383 1335 1422 Simo
1355 1384 1509 1435 nuptias
1529 1395 1637 1434 prae-

977 1449 1140 1492 pararet,
1163 1437 1272 1480 falsas
1291 1437 1461 1490 quidem,
1475 1440 1555 1477 veri
1575 1451 1637 1476 ru-

979 1509 1064 1542 mor
1100 1494 1205 1545 fuit3¹
1235 1507 1312 1546 quo
1348 1494 1485 1533 debuit
1514 1494 1639 1537 Chre·

979 1564 1062 1592 mes
1083 1551 1284 1602 compelli..
1334 1550 1413 1601 Sed
1432 1547 1513 1602 ipse
1532 1563 1641 1603 prae-

980 1607 1119 1647 uenit:
1148 1605 1302 1660 Aliquot
1322 1620 1398 1655 me,
1427 1608 1567 1658 inquit,
1597 1621 1640 1646 a·

982 1664 1140 1704 dierunt.
1189 1662 1306 1702 Vnde
1337 1661 1641 1714 pulcherrimum

981 1729 1255 1773 argumentum
1274 1718 1391 1766 dedit,
1412 1729 1450 1757 vt
1468 1719 1642 1759 uoniam

982 1790 1111 1816 rumor
1121 1774 1242 1822 lit,sed
1252 1787 1358 1826 pene
1366 1776 1512 1824 veritas,
1523 1788 1641 1826 quam

983 1833 1030 1872 ab
1059 1829 1141 1884 ipso
1165 1832 1329 1871 Simone
1363 1831 1531 1869 auditam
1561 1827 1642 1869 effe

984 1888 1158 1927 dicebat:
1198 1886 1330 1934 Hodiffl
1359 1887 1496 1936 inquit,
1517 1884 1643 1936 filiam

986 1952 1103 1982 meam
1121 1940 1257 1981 nubere
1277 1955 1344 1981 tuo
1363 1955 1462 1980 nato.
1519 1944 1567 1980 Et
1585 1942 1594 1978 i
1601 1955 1643 1980 n-

986 1998 1220 2051 dignationis
1251 2008 1377 2048 partes
1408 1997 1643 2046 exequendo

986 2056 1058 2094 ait:
1094 2054 1178 2104 thb
1200 2054 1290 2100 mn‘,
1314 2052 1424 2092 anilii
1440 2053 1643 2103 insaniant,

985 2109 1064 2151 Sed
1082 2111 1186 2149 Simo
1205 2110 1302 2159 petit
1319 2108 1575 2147 audientiam:
1606 2121 1647 2149 et

988 2166 1222 2219 principium
1246 2164 1544 2204 deliberatiuae:
1571 2168 1648 2203 Au-

979 2223 1126 2275 fiuha,
1158 2221 1304 2272 inquit,
1331 2235 1367 2259 et
1397 2221 1489 2273 quid
1508 2235 1645 2275 egomet

988 2293 1024 2319 te
1043 2279 1162 2326 velim,
1181 2290 1216 2316 et
1229 2290 1267 2315 tu
1277 2276 1373 2329 quod
1382 2280 1524 2329 quaeris
1536 2277 1644 2328 fties.

988 2333 1148 2376 Deinde
1192 2333 1330 2384 incipit
1368 2330 1446 2384 ipsa
1485 2334 1646 2383 petitio}

989 2392 1113 2443 primo
1149 2403 1171 2427 a
1196 2387 1395 2439 precibus,
1431 2388 1505 2426 Per
1523 2403 1588 2443 ego
1609 2403 1648 2428 te

989 2449 1074 2486 deos
1105 2459 1169 2483 oro
1195 2458 1231 2483 et
1250 2444 1408 2495 nostram
1429 2447 1647 2492 amicitiam,

992 2503 1150 2543 Chreme.
1196 2500 1353 2540 Deinde
1375 2499 1423 2538 ad
1443 2498 1560 2550 ipsam
1581 2514 1649 2552 pe-

989 2559 1169 2600 titionem
1177 2569 1189 2605 3
1225 2570 1272 2597 vt
1307 2558 1456 2611 nuptiae
1481 2556 1646 2610 fuerant

1172 2636 1176 2640 -
1530 2615 1648 2666 jutu-
