1815 3168
279 102 379 149 616

675 98 836 145 ACT.
869 99 943 144 111.
989 98 1184 144 SCEN.
1214 99 1251 146 1.

417 225 591 274 Putabit
611 242 812 290 prauom,
833 243 886 271 an
911 223 1082 272 restum
1104 224 1191 278 sict,
1214 223 1332 289 quod
1355 234 1504 290 petet.
1556 255 1559 257 -

420 306 499 348 Tu
520 318 614 348 rem
633 303 792 366 perire,
812 312 854 348 et
877 301 1015 366 ipsum
1036 318 1126 347 non
1151 303 1314 365 poteris
1336 303 1442 368 pati.
1503 327 1510 334 .

420 381 539 424 Dare
561 376 809 437 denegaris:
850 375 930 422 ibit
952 375 1005 421 ad
1027 375 1135 422 illud
1155 376 1270 429 ilico,-

424 457 529 507 Quo
553 468 752 498 maxume
773 451 889 515 apud
911 462 953 498 te
975 451 1014 496 se
1035 451 1177 498 valere
1200 451 1374 507 sentiet3

322 534 387 585 80
422 528 660 575 Abiturum
681 527 719 573 sc
746 526 819 573 abs
841 538 882 573 te
904 523 986 572 effe
1012 526 1112 577 ilico
1133 527 1386 572 minabitur.

424 601 479 650 M
495 615 520 648 f.
538 616 588 649 N.
628 603 789 650 Videre
811 619 978 654 verum,
1004 612 1131 664 atquc
1154 603 1211 648 ita
1236 603 1297 649 vti
1318 618 1385 648 res
1399 598 1472 656 est,
1496 601 1654 659 dicere.

424 675 531 725 Cu.
572 682 788 725 Somnum
827 678 974 725 hercle
1006 693 1090 738 ego
1120 677 1207 723 hac·
1231 674 1365 724 noste
1403 678 1538 725 oculis
1562 696 1656 726 non

521 753 610 800 vidi
640 755 763 806 meis,

423 833 548 876 Dum
571 828 615 875 id
639 843 816 891 quaero,
837 828 916 876 tibi
938 830 1015 892 qui
1037 826 1175 875 filium
1197 825 1484 879 restituerem.

425 904 590 952 ΜΕΝ.
632 903 752 949 Cedo
786 902 1002 951 dex-tram:
1047 921 1186 971 porro
1216 915 1259 951 te
1283 904 1398 952 idem
1421 921 1502 953 oro
1533 914 1581 953 vt
1601 905 1660 952 fa-

522 981 621 1031 cias,
646 978 850 1028 Chreme.

348 1199 404 1251 76
434 1195 603 1248 Putabit]
641 1196 820 1237 Putamus
850 1196 955 1236 enim

294 1255 470 1294 {nstantia
497 1269 504 1293 :
552 1254 776 1305 Reputamus
806 1265 955 1309 praepe-

293 1313 374 1350 rita.
432 1311 568 1348 Putare
604 1311 762 1361 proprie
787 1322 954 1361 purgare

292 1367 357 1406 cst.
413 1370 459 1406 Et
487 1366 640 1404 arbores
670 1376 709 1404 et
740 1367 835 1405 vites
866 1364 956 1403 dici-

291 1437 378 1463 mur
410 1434 573 1475 putare:
612 1422 708 1460 hinc
732 1433 872 1474 putare
901 1420 956 1461 est

293 1480 467 1530 cogitare
478 1494 486 1516 ;
510 1479 597 1529 quia
609 1477 818 1530 cogitando
831 1476 957 1528 super-

292 1530 368 1573 flua
390 1544 524 1573 mente
536 1534 755 1573 recidimus.
811 1533 876 1574 Est
895 1547 958 1572 au-

293 1603 373 1629 tem
393 1602 526 1642 putare
544 1591 638 1639 eius,
659 1591 727 1641 qui
739 1589 955 1642 fimplicita-

294 1659 331 1687 te
361 1647 526 1698 postoris
553 1646 758 1686 aberrauit.
813 1646 955 1686 Cicero

293 1708 406 1757 (orat.
429 1717 485 1753 pr.
507 1703 632 1755 Ligar.
654 1715 734 1753 cap.
757 1704 856 1752 10.)‚
887 1702 957 1740 La-

286 1760 378 1812 in-es
399 1758 467 1807 eli:
489 1770 565 1798 non
580 1762 743 1811 putauit.
770 1795 776 1803 ,
802 1758 955 1797 Κεῖἰιιηι

280 1814 354 1868 fit]
385 1818 504 1861 Nam,
535 1825 575 1853 vt
597 1815 724 1865 inquit
742 1814 883 1855 Cicero
907 1814 957 1853 ad

293 1876 470 1912 Hei-enm.
495 1870 596 1923 (libr.
619 1883 686 1918 ΠΙ,
706 1883 788 1921 cap.
801 1873 858 1922 2.)
889 1870 957 1908 Re-

292 1930 386 1968 c'tum
416 1925 484 1976 est,
513 1925 611 1979 quod
640 1939 719 1966 cum
746 1927 891 1966 virtute
919 1938 957 1965 et

292 1984 412 2037 officio
431 1981 499 2034 fit.
555 1984 601 2023 C.

343 2047 395 2091 78
435 2037 513 2078 Ibit
533 2036 629 2076 illico
648 2036 700 2077 ad
724 2035 835 2091 illud]
874 2035 958 2078 Sibi

291 2096 414 2136 veluti
442 2094 658 2134 remedium
689 2090 886 2146 suscipiet,
919 2102 959 2131 et

290 2154 375 2205 (vt)
401 2150 595 2190 abiturum
624 2146 664 2188 se
697 2146 775 2190 effe
800 2149 959 2188 minite-

293 2219 374 2255 tur,
404 2208 573 2247 maxime
598 2218 685 2244 cum
713 2203 778 2244 scit
794 2204 899 2256 apud
918 2214 958 2244 te

290 2262 330 2304 se
351 2265 562 2316 plurimum
583 2262 722 2301 valere.
776 2264 820 2302 E.

346 2324 419 2360 Pro
446 2316 662 2373 Denegabis
693 2317 830 2370 optimi
868 2316 958 2356 libri

293 2376 441 2417 habent
464 2376 687 2428 Denegaris.
747 2377 788 2414 B.

349 2434 438 2488 Qo
468 2430 647 2484 maxime]
688 2427 761 2473 Ms.
791 2431 834 2470 R.
874 2426 957 2485 Qi

289 2493 460 2528 maxime.
518 2490 560 2527 L.

349 2552 401 2593 80
431 2539 670 2595 Minabitur]
700 2540 881 2581 Minatur
900 2550 956 2580 et-

288 2601 363 2639 iam
383 2599 481 2640 filius
503 2597 682 2651 paream
718 2595 812 2640 dum
841 2594 880 2640 se
898 2610 956 2639 ca·

1590 1065 1654 1117 85

1006 1209 1091 1238 rum
1113 1197 1397 1247 animaduertit,
1415 1195 1662 1240 etdiscessum

1004 1254 1162 1294 fimulat.
1219 1256 1265 1295 C.

1059 1309 1297 1365 Minabitur]
1331 1308 1405 1352 Ms.
1421 1314 1461 1352 R.
1490 1322 1529 1350 et
1546 1314 1594 1353 V.
1615 1311 1662 1352 C.

1004 1365 1262 1406 minitabitur.
1319 1370 1360 1407 L.
1669 1404 1673 1407 .

1060 1424 1378 1472 Conuenientius
1401 1420 1527 1462 versui
1544 1422 1664 1464 nostri

1008 1492 1147 1518 omnes
1176 1478 1437 1518 Mmitabitur.
1495 1482 1537 1520 Β.

1065 1543 1112 1584 81
1153 1535 1282 1576 Videre
1305 1548 1433 1574 verum
1458 1548 1570 1588 atque
1588 1536 1665 1590 ita]

1005 1591 1150 1632 Videre
1170 1591 1265 1630 mihi
1292 1604 1423 1630 verum
1445 1591 1594 1641 dicere,
1627 1604 1670 1632 et
1728 1592 1739 1599 ⁸

1004 1647 1058 1688 ita
1081 1647 1407 1699 quemadmodum
1418 1661 1476 1687 res
1499 1647 1563 1686 est.
1596 1652 1641 1691 E.

1061 1703 1176 1744 Liber
1195 1702 1580 1746 Bemb.habetvera;
1603 1705 1667 1745 cui
1721 1722 1788 1755 ,μ

1779 1760 1796 1777 η)

1007 1757 1236 1811 adscriptum
1266 1754 1341 1807 estj
1385 1760 1502 1807 Vera,
1531 1762 1667 1799 milia.-

1005 1815 1204 1870 Sallu-[lius.
1248 1814 1342 1856 ‘Sed
1370 1816 1475 1854 locus
1503 1817 1668 1856 Sallustii

1005 1871 1189 1913 vetustate
1211 1871 1369 1911 detritus
1382 1870 1445 1910 est.
1474 1884 1634 1912 FAERN.
1661 1890 1677 1910 ι

1063 1936 1114 1977 82
1146 1928 1317 1967 Somnum
1343 1927 1456 1966 oculis
1474 1941 1549 1968 non
1565 1929 1666 1984 vidz]

1004 1984 1196 2024 Somnum
1217 1983 1335 2021 oculis
1353 1983 1449 2022 meis
1470 1998 1550 2023 non
1564 1987 1663 2037 cepi,

1007 2051 1199 2090 quaerens
1238 2038 1566 2090 quemadmodum
1598 2041 1679 2081 fili-⁷

1006 2108 1073 2135 um
1092 2094 1267 2135 reddam.
1324 2098 1367 2135 E.

1064 2158 1114 2204 33
1145 2150 1244 2204 Qui]
1277 2150 1512 2201 Quomodo:
1552 2153 1666 2193 erest

1005 2203 1130 2246 sermo
1166 2207 1344 2246 comicus.
1405 2207 1666 2265 Restituerem]

1005 2263 1190 2303 Redditur
1210 2263 1467 2315 cupientibus,
1491 2277 1529 2304 vt
1546 2264 1668 2305 domi-

1007 2333 1060 2358 no
1099 2318 1241 2358 seruuS.
1300 2318 1531 2371 Restituiturv
1561 2323 1668 2374 cupi-

1007 2388 1098 2422 ens,
1132 2386 1172 2414 vt
1192 2375 1339 2427 patriae
1359 2376 1464 2415 ciuis.
1520 2381 1568 2417 Et
1588 2378 1668 2417 red·

1007 2433 1112 2471 ditur
1131 2441 1171 2470 et
1192 2430 1400 2483 restituitur
1421 2434 1582 2484 cupiens
1603 2447 1667 2473 cu·

1006 2487 1228 2541 pientibus:
1259 2498 1296 2526 vt
1314 2489 1411 2540 patri
1430 2487 1538 2528 filius.
1572 2492 1615 2531 C.

1064 2549 1115 2596 84
1147 2544 1241 2583 Cedo
1273 2545 1462 2599 dextram]
1497 2546 1592 2585 Cedo
1613 2545 1667 2584 est

1003 2598 1165 2642 verbum
1194 2598 1434 2642 desecftiuum
1465 2601 1558 2641 duas
1585 2613 1666 2641 tan-

1581 2669 1664 2698 tum

1807 1076 1815 1318 'i

1808 1317 1815 1519 ν

1810 1695 1815 1949 {

1812 2168 1815 2299 Ξ
