1815 3168
360 130 459 188 384

738 117 896 166 ACT.
931 118 1007 166 111.
1037 118 1233 164 SCEN.
1259 118 1333 166 ΙΙΙ.

401 271 459 302 10
490 253 694 305 Mecum3
727 247 837 294 mihi
859 246 938 292 sese
961 245 1083 300 darc3
1119 245 1361 293 sermonem
1385 263 1608 311 quaerere.

496 325 586 373 Vbi
603 326 747 385 friget,
768 324 854 369 huc
874 319 1023 368 euasit:

1062 336 1193 383 quam
1216 322 1387 385 pridem
1405 334 1529 387 pater

492 401 612 450 Mihi
634 411 676 446 et
694 409 830 445 mater
851 397 1015 443 mortui
1035 391 1181 455 essent.
1222 395 1332 451 dico,
1357 399 1443 443 iam
1467 397 1555 445 diu.

492 481 584 524 Rus
611 477 733 522 Sunii
755 471 911 536 ecquid
930 469 1151 523 haberem,
1175 480 1218 516 et
1239 488 1370 535 quam
1391 473 1523 532 longe
1544 475 1723 521 amari?

497 551 641 599 Credo
663 552 702 595 ei
725 549 895 613 placere
912 547 1020 593 hoc:

1063 546 1202 610 sperat
1223 545 1263 592 se
1286 564 1309 592 a
1328 564 1399 594 me
1424 547 1626 595 auellere.

403 648 462 694 15
495 625 732 679 Postremo,
754 640 887 689 ecqua
909 623 1011 670 inde
1034 638 1170 687 parua
1187 619 1377 687 periisset
1394 622 1537 670 soror:

360 886 463 932 &us¹
487 881 528 923 id
549 882 613 932 est,
634 896 654 921 a
672 879 860 929 dolando,
890 877 931 919 id
950 875 1014 928 est,

357 940 586 983 minuendo.
625 941 723 978 Nam
742 948 779 976 et
797 936 1015 986 36a042Gme-

358 1011 406 1036 ce
440 995 552 1035 laelio
589 993 748 1037 dicitur3
784 1003 823 1031 et
852 993 1010 1039 dolones,

355 1054 435 1092 tela
460 1049 647 1102 quaedam
673 1048 828 1086 bellica:
861 1058 900 1086 et
920 1046 1015 1086 dola-

357 1123 398 1147 re
430 1106 548 1153 fabri,
577 1106 726 1156 lignum
747 1103 800 1141 est
818 1099 912 1141 ascia
932 1113 1015 1140 cae-

357 1163 454 1203 dere
481 1159 595 1211 (Edd.
620 1164 762 1200 Venet.
790 1169 830 1198 et
855 1154 925 1200 Ms.
943 1162 1014 1198 Bo-

356 1218 449 1259 end.
469 1217 652 1268 scindere.
708 1219 757 1256 Et
785 1227 853 1265 pro
870 1214 1014 1269 lignum

355 1279 452 1328 Arg.
463 1274 561 1327 legit
576 1271 744 1328 lignarii.
772 1273 836 1310 W.
894 1275 1012 1323 Lege,

355 1330 502 1371 Dolare
513 1331 641 1369 Fabris
651 1327 695 1378 est
707 1327 849 1381 lignum
861 1337 932 1366 etc.
943 1329 1013 1376 Z).

357 1385 479 1439 Quod
499 1396 626 1424 autem
646 1382 792 1422 addidit
808 1382 929 1421 malo:
952 1391 1017 1421 aut

356 1441 554 1490 ἆςχοεϊσμδς
585 1439 656 1489 est,
686 1440 774 1490 quia
794 1436 841 1477 fic
860 1439 901 1476 in
923 1437 1016 1476 duo-

355 1499 484 1539 decim
503 1493 640 1536 tabulis
668 1509 690 1534 a
716 1494 909 1534 veteribus
931 1491 1015 1532 scri·

354 1566 466 1609 ptum
496 1553 570 1592 est:
598 1562 663 1591 aut
692 1553 838 1590 ἐπίθετον
863 1551 941 1590 doli
959 1549 1014 1591 est

355 1621 609 1665 perpetuum:
655 1618 720 1647 aut
755 1605 913 1646 diastole
948 1605 1011 1654 est,

355 1668 447 1720 quia
473 1665 527 1705 est
554 1675 592 1703 et
616 1660 749 1712 bonus,
783 1676 861 1715 quo
889 1677 911 1701 a
935 1676 1012 1703 me-

355 1721 536 1763 dentibus
563 1719 643 1760 falli
670 1730 827 1773 aegros,
857 1732 940 1759 non
960 1730 1012 1758 ta—

352 1792 443 1819 meo
465 1777 605 1829 decipi,
624 1778 820 1816 Lucretius
832 1776 949 1816 Poeta
958 1786 1012 1814 te-

352 1835 468 1874 statur
503 1836 589 1885 (iv,
639 1833 731 1884 IL).
793 1831 1011 1871 Accumbere

352 1889 510 1943 mecum]
542 1887 709 1944 Mefcum,
735 1897 858 1939 penes
881 1902 945 1927 me
967 1886 1011 1926 fi-

354 1945 522 2001 gnificat.
580 1946 629 1982 D.

410 2014 461 2044 10
491 1996 679 2049 Mihifi‘fi
703 1998 809 2051 dare]
840 1999 929 2038 Non
941 2010 1008 2049 po-

351 2058 420 2099 test
458 2055 583 2109 magis
620 2054 822 2107 fignificari
860 2052 1009 2104 profusa

350 2114 578 2168 petulantia.
637 2112 844 2150 Sermonem
863 2124 1010 2163 quaere-

351 2172 409 2224 re]
441 2169 649 2208 Sermonem
658 2169 877 2219 quaerimus,
889 2179 1009 2218 quan-

351 2221 401 2267 do
430 2238 510 2264 non
549 2219 669 2261 solum
703 2222 807 2274 quod
837 2222 1009 2261 dicamus

350 2284 581 2335 quaerimus,
618 2288 752 2317 verum
781 2279 898 2318 etiam
918 2292 1009 2329 quo-

349 2338 468 2379 modo
490 2337 585 2375 alter
604 2334 718 2374 nobis
729 2328 958 2386 respondeat
969 2344 1008 2373 et

351 2395 600 2444 obloquatur:
630 2401 722 2442 puta
746 2405 851 2438 cum,
880 2386 1011 2430 defici·

350 2450 504 2491 entibus
550 2445 834 2486 sermocinandi
874 2445 1001 2494 caufis‚

350 2503 532 2560 quotrzfi‘t
550 2501 675 2545 hora?
707 2513 764 2551 et,
784 2503 887 2552 fiztis
914 2503 1006 2541 rec‘t‘e

349 2563 431 2618 quis
442 2561 627 2600 valuerit?
648 2570 931 2610 percontamur,
957 2558 1006 2598 D.

411 2630 457 2662 11
504 2617 587 2658 Huc
622 2614 760 2670 euastt]
802 2619 1007 2669 Tanquam

1561 736 1722 799 Ecquis

1063 877 1314 932 impudenter
1369 877 1617 920 contenderit
1670 879 1720 919 ad

1062 936 1163 976 hanc
1212 934 1515 986 inquifitionem.
1595 935 1720 990 Qum

1059 990 1201 1045 pridem
1217 1003 1327 1046 pater
1343 992 1435 1031 mihi
1444 989 1484 1032 'et
1494 1004 1615 1033 mater
1622 1007 1721 1032 mor-

1062 1050 1123 1086 tui
1142 1048 1265 1101 ejsent]
1293 1050 1379 1087 Hoc
1389 1059 1544 1100 propter
1554 1059 1720 1089 aetatem

1063 1104 1220 1154 puellae
1236 1103 1460 1154 inquisitum
1479 1104 1543 1144 est.
1601 1110 1652 1147 D.

1121 1170 1171 1200 12
1199 1158 1364 1212 Iamdiu]
1389 1163 1468 1199 Iam
1486 1161 1590 1201 olim.
1620 1164 1670 1202 D.

1120 1226 1167 1268 13
1200 1217 1251 1254 Et
1268 1226 1374 1267 quam
1399 1216 1503 1268 longe
1524 1230 1547 1255 a
1564 1215 1718 1271 mari?]

1063 1270 1148 1310 Hoc
1176 1270 1268 1309 ideo
1303 1271 1485 1310 meretrix
1509 1271 1720 1324 inquifiuit,

1064 1336 1104 1366 vt
1121 1323 1242 1372 sciret,
1261 1337 1385 1365 vtrum
1404 1327 1538 1377 rapina
1558 1326 1721 1379 praedo-

1064 1382 1179 1422 nibus
1201 1376 1337 1430 fuisset,
1364 1383 1511 1435 quippe
1529 1383 1579 1423 ad
1597 1382 1721 1424 medi·

1065 1450 1285 1477 ten-aueum
1314 1438 1438 1477 locum
1458 1439 1525 1489 qui
1552 1436 1720 1479 accessus

1066 1489 1143 1533 effe
1163 1496 1290 1545 potuit
1309 1492 1474 1546 piratis?
1498 1495 1576 1535 Sed
1588 1507 1719 1535 tamen

1063 1565 1145 1590 non
1164 1550 1344 1590 abhorret
1370 1564 1391 1589 a
1417 1546 1631 1602 suspicione
1650 1551 1721 1591 hu-

1062 1608 1120 1646 ius
1149 1607 1381 1656 meretricis,
1414 1607 1519 1657 quod
1548 1618 1587 1646 et
1623 1603 1719 1648 scire

1062 1664 1190 1710 vellet,
1211 1664 1317 1702 euius
1339 1663 1455 1714 pretii
1474 1662 1644 1702 fundum
1654 1662 1718 1703 ha·

1060 1715 1152 1759 ‘beat
1169 1717 1380 1761 Chremes:
1409 1718 1482 1756 hoc
1500 1718 1571 1770 est,
1602 1733 1720 1772 quam

1061 1789 1288 1824 amoenum,
1327 1775 1388 1814 vel
1421 1787 1536 1826 quarn
1574 1776 1719 1817 mariti-

1059 1845 1178 1872 mum.
1235 1831 1287 1871 D.

1112 1887 1186 1927 Etfi
1205 1884 1341 1926 Faerni
1353 1898 1487 1925 omnes
1501 1895 1591 1925 vett.
1604 1886 1716 1928 codd.

1059 1940 1225 1989 habent,
1253 1947 1287 1982 στ’
1311 1942 1410 1994 quod
1427 1941 1616 1981 haberem.-
1646 1957 1716 1982 no-

1058 1998 1121 2036 stri
1140 2009 1267 2038 tamen
1294 1998 1398 2036 reete
1423 1997 1592 2047 habeam,
1626 1999 1716 2051 quia

1058 2064 1100 2093 et
1117 2065 1178 2093 rus
1199 2064 1241 2092 et
1259 2053 1436 2092 dominus
1447 2053 1571 2092 adhuc
1587 2052 1717 2107 super-

1056 2106 1154 2149 sunt.
1198 2108 1480 2151 DeindeSunio
1502 2111 1611 2163 lege:
1632 2125 1715 2151 non

1057 2167 1165 2206 enim
1185 2166 1390 2218 oppidum,
1421 2163 1489 2204 sed
1508 2168 1713 2219 regionem

1057 2222 1123 2261 hic
1154 2232 1273 2263 notat,
1327 2221 1437 2274 Lege
1465 2223 1597 2274 igitur,
1635 2221 1713 2263 Rus

1057 2278 1173 2319 Sunio
1193 2278 1331 2331 ecquod
1352 2274 1513 2321 habeam,
1568 2281 1610 2317 B.

1118 2347 1168 2383 14
1194 2335 1328 2386 Sperat
1341 2334 1387 2383 fi
1415 2348 1436 2372 a
1462 2346 1516 2372 me
1537 2332 1708 2389 auellere]

1054 2390 1163 2430 Bono
1197 2388 1277 2429 vsus
1306 2389 1360 2429 est
1393 2389 1511 2428 verbo
1544 2390 1712 2440 auellere,

1055 2456 1237 2497 tanquam
1279 2461 1300 2485 a
1337 2446 1586 2498 pertinaciter
1623 2447 1710 2487 reti-

1056 2513 1186 2542 nente.
1244 2505 1293 2543 D.

1109 2556 1244 2612 Sperat
1270 2557 1304 2607 β’
1329 2572 1352 2598 a
1379 2556 1454 2614 me]
1487 2560 1537 2602 V„
1553 2560 1598 2603 C.
1626 2558 1708 2614 Spe·

1055 2614 1170 2667 rats}
1180 2614 1306 2669 postea
1325 2629 1347 2657 a
1367 2629 1432 2656 me.
1485 2618 1527 2659 1..
