1815 3168
570 135 1101 181 HEAVTONTIM.

1409 150 1503 195 701

276 263 383 313 CH.
425 260 645 309 Confitere
667 273 792 307 tuum
812 279 902 308 non
924 258 1041 307 effe?
1082 259 1111 308 S
1127 274 1177 307 ο.
1215 257 1294 310 au!
1331 262 1508 310 obsecro

374 350 430 390 te,
455 337 565 383 istud
590 339 774 383 inimicis
798 336 886 383 fiet.

277 409 420 474 Egon'
445 411 650 459 confitear
664 428 812 460 meum
827 430 915 458 non
932 408 1013 458 effe
1025 410 1178 464 filium,
1202 414 1277 475 qui
1291 410 1340 459 sit
1353 413 1510 460 meus?

183 506 240 552 ις
274 487 378 536 Cn.
420 487 570 542 Quid?
606 490 762 534 metuis
789 505 844 534 ne
865 505 972 547 non,
998 503 1137 552 quum
1159 489 1288 541 velis,
1323 491 1509 536 conuin-

376 581 443 610 cas
465 560 547 610 esse
570 563 695 610 illum
719 561 877 613 tuum?

129 781 374 836 ficppqfi'tum.
452 783 650 824 quenalis
699 784 794 833 (Sat.

143 854 202 889 vl,
226 843 358 890 ὅου),
396 839 791 892 T1·a1fi’oficppqs1'tos.

141 897 338 943 Mulieres,
359 909 458 946 quae
470 910 605 947 parere
618 910 698 934 non
711 893 793 948 pos-

140 949 236 995 sunt,
256 964 294 992 et
315 963 353 990 vt
373 953 549 1002 placeant
568 953 730 997 maritis,
762 950 800 992 se

141 1007 316 1061 grauidas
336 1007 499 1060 fingunt,
531 1021 568 1049 et
587 1010 799 1060 aliquarum

141 1066 306 1115 inopum
325 1065 530 1103 mulierum
547 1064 646 1104 filios
666 1062 800 1116 suppo-

142 1132 265 1170 nunt,
302 1131 341 1159 et
365 1134 433 1171 pro
460 1119 533 1159 suis
556 1121 680 1160 edunt
698 1121 799 1169 <edu-

142 1179 263 1228 cunt).
324 1175 411 1215 Ain’
439 1177 533 1231 tu?]
565 1180 635 1216 Pro
665 1175 798 1227 aistze?

140 1237 190 1274 Et
217 1233 270 1272 est
295 1234 606 1285 percontatiuum
628 1233 798 1272 verbum.

199 1343 395 1383 Subditum
404 1344 447 1395 ft
456 1344 693 1399 suspicatur]
723 1346 800 1384 Hic

140 1403 218 1441 iam
239 1401 562 1455 intelligendum,
592 1399 736 1440 venisse
762 1416 799 1440 a-

142 1455 421 1504 dolescentem,
441 1468 478 1496 et
500 1459 617 1504 matri,
639 1457 711 1496 hoe
732 1459 797 1506 est,

140 1515 286 1554 mitiori
300 1513 350 1553 de
360 1513 594 1564 parentibus,
616 1514 719 1553 suam
732 1512 799 1552 sus-

139 1571 339 1623 picionem
363 1568 558 1608 indicafl'e.
615 1573 658 1610 E.

199 1626 299 1667 Illud
324 1624 522 1675 fiabditum
550 1627 590 1664 in
618 1623 798 1678 responso

143 1681 365 1724 Chremetis
391 1681 495 1721 re‘c'le
513 1682 609 1721 vidit
629 1686 798 1722 Faernus

143 1735 221 1777 esse
231 1736 446 1786 subditium,
464 1750 711 1790 repugnante
722 1752 799 1777 ver-

141 1793 195 1834 su.
253 1793 445 1834 Postrema
466 1795 514 1832 ob
533 1794 645 1834 codd.
676 1795 800 1834 aufto-

141 1852 294 1890 ritatem
306 1852 408 1903 lege,
422 1850 574 1902 certest'c
586 1853 670 1890 erit.
705 1853 799 1892 Cae-

143 1916 268 1946 terum
286 1910 332 1946 T.
362 1906 482 1946 Faber
509 1907 591 1945 vult
609 1907 690 1960 legi
717 1906 803 1960 fi‘f

139 1966 300 2018 picetur,
322 1964 412 2015 quia
438 1961 599 2003 Sostrata
620 1965 799 2002 nondum

142 2020 312 2072 potuerit
347 2016 562 2063 resciscere,
609 2019 800 2071 Clitipho-

143 2089 236 2115 nem
259 2073 434 2127 suspicari
457 2073 492 2114 se
505 2073 582 2114 effe
597 2074 798 2125 subditum,

143 2145 232 2170 cum
252 2144 383 2183 neque
403 2133 548 2184 Syrum,
570 2132 634 2182 qui
654 2132 693 2171 id
708 2146 799 2171 con-

142 2186 209 2227 filii
227 2187 388 2233 dederit,
418 2200 548 2239 neque
575 2186 694 2226 filium
712 2202 800 2226 con-

143 2245 308 2283 uenerit.
366 2246 500 2283 Mei-ae
543 2242 627 2282 sunt
668 2258 799 2297 nugae

144 2311 184 2339 et
230 2301 404 2340 naeniae.
467 2304 563 2340 Nam
609 2301 798 2352 Clitipho,

141 2356 207 2395 vbi
233 2353 339 2408 supra
366 2369 430 2409 43.
454 2356 563 2403 dicit,
595 2356 801 2408 Rec‘tefita*

143 2414 216 2460 des,
239 2414 395 2464 jiaciam,
421 2413 540 2451 statim
560 2412 717 2452 domum
737 2413 799 2451 ab·

142 2469 205 2516 iit,
235 2479 272 2507 et
290 2469 398 2507 matri
419 2470 457 2507 in
481 2471 692 2521 Gynaeceo
715 2483 799 2508 nar-

144 2525 253 2573 rauit,
283 2535 391 2575 patre
412 2526 450 2563 in
471 2526 541 2564 alia
563 2537 670 2576 parte
694 2525 799 2564 aedi-

143 2594 210 2619 um
242 2593 406 2630 agente,
437 2581 528 2619 dum
555 2584 668 2633 Syrus
700 2579 799 2619 solus

144 2634 270 2676 secum
290 2633 356 2676 sex
376 2634 582 2688 sequentes
601 2634 727 2678 versus
745 2638 799 2677 lo-

1416 643 1509 689 Se.

846 785 992 836 quitur.
1049 782 1174 835 Igitur·
1213 780 1391 835 Clitipho
1435 785 1510 835 pri-

846 853 953 879 mum
975 839 1079 878 domi
1108 841 1216 878 matri
1235 854 1316 880 rem
1347 841 1508 892 aperuit,

850 910 965 948 quam
986 898 1026 934 in
1048 893 1124 946 seq.
1144 897 1270 936 scena
1289 910 1327 948 4.
1352 898 1507 948 repetit.

850 956 982 1003 Quare
1004 965 1079 990 nee
1093 952 1255 992 Sostrata
1275 963 1313 991 vt
1331 953 1371 990 in
1385 966 1426 992 re
1439 965 1510 991 no-

850 1023 895 1048 ua
920 1008 976 1048 est
992 1008 1239 1056 consternata,
1260 1005 1510 1048 sedlentere-

848 1062 1022 1116 spondet,
1038 1065 1204 1115 Obsecro,
1216 1067 1267 1103 mi
1273 1079 1399 1118 gnate.
1429 1067 1510 1105 De·

849 1121 943 1160 inde
962 1121 987 1159 fi
1007 1120 1359 1174 legasfhspicetur;
1387 1120 1412 1160 fi
1443 1134 1510 1160 ne-

848 1191 912 1216 mo
933 1177 1175 1225 indicauerit‚
1194 1177 1373 1226 efficitur,
1393 1179 1510 1218 vtSo-

848 1233 957 1273 strata
982 1234 1044 1272 vel
1061 1230 1138 1283 ipsa
1162 1233 1418 1282 dubitauerit,
1453 1233 1510 1273 fit-

848 1304 900 1330 ne
922 1303 1029 1328 verus
1046 1288 1166 1336 filius,
1197 1290 1301 1341 quod
1321 1291 1439 1341 plane
1455 1289 1509 1336 est

848 1347 1075 1392 ridiculum
1109 1347 1169 1385 vel
1198 1348 1374 1385 omnium
1403 1344 1510 1400 saga·

850 1416 934 1442 rum
974 1413 1012 1440 et
1041 1402 1260 1441 diuinarum
1294 1415 1438 1441 anuum
1465 1402 1509 1442 fit

849 1458 1034 1512 princeps
1058 1469 1097 1499 et
1114 1457 1305 1512 magistra,
1366 1462 1407 1499 B.

907 1583 953 1622 13
984 1569 1099 1624 ΑΜ]
1131 1568 1389 1610 Obsecrantis.
1420 1574 1507 1614 Mo·

849 1626 899 1666 do
931 1626 1167 1665 blandientis
1191 1637 1232 1666 et
1256 1625 1510 1666 misericordi-

850 1697 912 1723 am
946 1683 1155 1722 mouentis.
1217 1682 1384 1723 Inimicis
1415 1684 1507 1737 siet]

850 1743 957 1780 Haec
991 1739 1217 1790 imprecatio
1248 1739 1298 1777 {ic
1318 1737 1510 1790 vsurpatur

851 1795 897 1835 ab
932 1795 1097 1845 Ouidio,
1146 1806 1187 1837 vt
1217 1795 1325 1834 illius.
1354 1798 1508 1848 propria

849 1852 902 1891 sit.
957 1853 1004 1893 C.

911 1963 1034 2004 Tuum
1050 1976 1126 2002 non
1146 1962 1228 2017 qffi]
1257 1964 1304 2005 V.
1326 1962 1373 2006 C.
1401 1976 1510 2005 tuum

850 2033 924 2060 non
942 2019 1150 2074 effi’filium.
1204 2024 1248 2062 L.

903 2132 1035 2172 Verba
1054 2144 1162 2171 tuum
1170 2145 1246 2172 non
1263 2130 1434 2184 effrefile
1444 2132 1509 2172 ab·

849 2185 938 2229 sunt
965 2203 988 2227 a
1006 2189 1089 2228 cod.
1109 2187 1240 2229 Bemb.
1297 2188 1395 2227 Illud
1415 2202 1509 2240 quo.

850 2258 929 2295 que
954 2258 990 2284 te
1019 2246 1124 2284 reete
1157 2244 1343 2283 omittitur
1369 2259 1390 2283 a
1417 2245 1503 2285 cod.

850 2313 924 2339 vet.
983 2302 1129 2343 Contra
1177 2313 1316 2340 omnes
1356 2300 1509 2341 habent

849 2357 934 2408 istuc
955 2356 1088 2409 nostris
1107 2359 1266 2397 inimicis
1274 2355 1360 2409 fiet.
1408 2360 1451 2398 B.

907 2481 956 2522 15
990 2468 1213 2524 Conuinces]
1243 2467 1422 2510 Verbum
1450 2470 1507 2508 iu-

849 2524 940 2564 dicii
977 2525 1041 2564 est.
1096 2529 1141 2566 ln
1170 2525 1322 2564 iudiciis
1350 2527 1507 2565 conuic‘ti

850 2584 1007 2634 proprie
1026 2581 1215 2633 dicuntur,
1239 2583 1304 2635 qui
1317 2580 1425 2621 causa
1446 2595 1505 2620 ce-

850 2638 1038 2679 ciderunt.
1096 2638 1143 2680 C.
