1815 3168
718 143 967 188 ACT.11.
1004 121 1311 188 SCEN.1V.

478 268 530 316 Id
553 285 688 332 quum
713 268 918 322 studuisti,
941 267 1004 314 isti
1027 269 1191 314 formae
1219 276 1265 315 vt
1292 282 1435 314 mores
1463 263 1702 315 confimiles

575 345 720 392 forent
738 365 747 391 ε

477 422 768 483 Minimeque,
793 422 851 466 ita
870 435 940 465 me
961 419 1022 464 Di
1046 426 1206 472 ament,
1229 402 1366 464 miror
1387 415 1416 463 fi
1438 426 1480 464 te
1500 414 1577 463 fibi
1599 416 1708 482 quis-

581 512 666 558 que
690 497 865 560 expetit.

481 574 603 618 Nam
633 570 744 616 mihi
780 570 905 633 quale
941 570 1170 630 ingenium
1205 567 1414 621 haberes,
1445 567 1528 633 fuit
1549 566 1710 615 indicio
1767 560 1772 563 ’

582 648 735 692 oratio.

408 718 443 783 '5
483 724 541 768 Et
563 737 700 784 quum
724 723 900 781 egomet
920 737 1038 768 nunc
1059 735 1235 768 mecum
1255 720 1302 768 in
1321 719 1468 768 animo
1489 720 1621 767 vitam
1645 727 1712 764 tu-

581 813 650 843 am
679 794 916 849 considero,

349 1014 535 1068 siquidem
557 1011 622 1053 scit
639 1013 744 1066 quod
763 1013 1014 1066 oporteatfie-

350 1074 402 1118 ri,
439 1081 478 1108 et
496 1070 628 1108 laudat
655 1083 741 1108 eam
758 1100 767 1117 ‚
799 1081 898 1121 quae
927 1082 1012 1109 cum

350 1125 642 1177 pulchritudine
675 1135 787 1164 tenet
821 1127 1013 1178 integram

352 1181 571 1221 castitatem.
630 1185 672 1222 E.

409 1306 435 1334 2
466 1294 620 1333 For-mae
646 1305 689 1332 vt
716 1306 831 1332 mores
856 1305 919 1331 con
936 1293 1016 1332 zmi-

353 1351 405 1389 les
421 1348 578 1402 finem]
610 1349 743 1388 Mores
771 1350 878 1388 enim
905 1348 1015 1399 pudi-

354 1408 403 1452 ci,
428 1406 614 1459 gratiores
633 1402 709 1443 esse
729 1403 853 1444 solent
871 1405 911 1456 in
934 1404 1035 1457 pul-q

355 1462 450 1501 chro
487 1474 660 1513 corpore.
719 1460 1029 1514 Virgil.r(Aen.t

354 1531 406 1564 v,
440 1521 576 1572 344),
611 1516 772 1557 Gratior
800 1530 835 1556 et
859 1516 1017 1569 pulchro

355 1577 509 1614 veniens
529 1587 546 1611 e
564 1586 715 1627 corpore
736 1575 872 1613 virtus.
916 1573 962 1614 C.

414 1697 438 1737 3
472 1684 552 1725 Sibi
582 1684 729 1738 quisque
756 1679 912 1738 expetit]
950 1686 1020 1724 Re-

359 1743 421 1782 &e
450 1745 616 1793 expetiu
643 1754 729 1779 cum
761 1755 848 1781 eam
869 1755 891 1779 a
909 1739 1022 1792 pudi-

356 1798 450 1836 citia
487 1796 750 1841 commendet,
805 1799 1021 1848 Expetimus

359 1854 471 1893 enim
492 1864 638 1892 tantum
656 1866 713 1901 ea,
742 1866 844 1904 quae
862 1850 1024 1890 honesta

358 1906 464 1956 sunt,
491 1919 528 1948 et
545 1909 663 1958 plane
675 1907 789 1947 bona.
847 1907 963 1948 Vnde
974 1907 1024 1944 de

359 1964 478 2004 :rebus
501 1964 712 2016 expetendis
739 1977 762 2001 a
777 1959 1023 2015 Philosophis

359 2019 566 2072 scriptum:
597 2032 696 2072 quae
715 2017 858 2059 scilicet
866 2019 948 2071 peti
958 2018 1023 2059 de-

362 2076 474 2115 bent.
534 2077 585 2120 C„
946 2081 953 2085 ‘

370 2180 373 2183 ἱ
420 2133 664 2185 Minimeque,
691 2134 744 2170 ita
761 2144 815 2170 me
830 2128 904 2183 Di]
934 2133 1021 2170 Ete¹

362 2188 449 2227 nim
469 2201 550 2226 non
570 2187 681 2226 valde
698 2187 836 2235 miror,
860 2186 898 2235 si,
933 2198 1024 2225 cum

362 2243 427 2292 his
447 2243 618 2283 moribus
646 2254 685 2283 et
705 2242 843 2282 haesis
860 2241 1024 2294 pulchri-

365 2299 525 2347 ‘aeudine‚
555 2293 826 2352 ne(de1e‹,1¹³he
849 2299 911 2351 Z.)
942 2311 1025 2338 non

365 2355 411 2394 fit
432 2356 569 2407 aliquis
589 2355 654 2406 qui
673 2365 712 2394 te
730 2353 887 2408 diligat,
918 2365 957 2393 et
988 2364 1026 2393 te

366 2410 574 2463 fibipetat.
630 2414 676 2452 Ε.

422 2481 451 2521 4
500 2468 655 2511 Oratio]
703 2465 824 2518 Quod
865 2464 1021 2514 dixeris,

372 2535 459 2564 eum
485 2536 564 2563 vno
595 2519 695 2563 velle
721 2532 885 2562 aetatem
906 2522 1027 2562 tradu-

369 2593 472 2618 cere.
537 2579 700 2630 Antiqui
748 2579 862 2618 etiam
911 2591 1029 2631 pauca

370 2636 487 2676 verba
508 2636 722 2677 orationem
735 2635 924 2677 dixerunt.
956 2635 1002 2690 Q.

1483 870 1715 916 Omnium-

1117 1017 1213 1055 Nam
1238 1013 1350 1064 mihi,
1380 1009 1498 1067 quale]
1538 1014 1719 1062 Namque

1061 1083 1188 1109 mores
1222 1081 1306 1109 tuos
1343 1070 1436 1109 mihi
1477 1067 1720 1108 sermonibus

1062 1125 1248 1165 indicasti.
1272 1147 1275 1158 ι
1304 1128 1348 1165 Ε.

1118 1252 1142 1292 5
1172 1237 1224 1277 Et
1249 1250 1329 1276 cum
1356 1238 1511 1291 egomet]
1540 1235 1615 1275 Hic
1642 1235 1721 1273 iam

1064 1304 1214 1346 reparat
1247 1290 1494 1332 accusationis
1534 1290 1726 1330 defenfio-

1065 1357 1168 1396 nem,
1190 1363 1289 1400 quae
1310 1350 1350 1386 in
1371 1346 1407 1387 se
1421 1344 1498 1385 esse
1509 1344 1639 1396 poffit3
1670 1346 1726 1384 di·
1740 1359 1748 1368 ¹

1068 1408 1197 1456 citque
1219 1405 1381 1450 merito,
1409 1400 1623 1441 huiusmodi
1643 1408 1728 1440 mu-

1066 1463 1177 1503 lieres
1188 1492 1197 1510 ,
1231 1473 1331 1511 quae
1350 1460 1414 1498 vni
1432 1456 1622 1504 seruiunt,
1653 1456 1728 1496 hoe

1069 1517 1142 1564 est,
1173 1530 1275 1568 quae
1300 1514 1337 1555 se
1354 1513 1531 1566 separant
1550 1528 1572 1553 a
1593 1514 1728 1567 vulg0‚

1068 1574 1172 1613 ree'te
1208 1571 1349 1620 scilicet
1377 1581 1415 1610 et
1445 1570 1550 1610 bene
1577 1568 1729 1609 facere:

1069 1642 1143 1672 nee
1163 1629 1293 1676 minus
1313 1626 1491 1667 mirabile
1506 1623 1600 1674 ‘efl‘e2
1622 1625 1728 1678 quod

1068 1687 1293 1725 meretrices
1325 1684 1449 1723 malae
1485 1679 1581 1721 funt.
1640 1685 1728 1722 l-Ioe

1070 1737 1179 1780 enim
1206 1741 1326 1787 dixit:
1357 1740 1409 1778 Et
1437 1752 1502 1779 vos
1524 1735 1732 1791 ffe‘1stiuss

1070 1797 1180 1843 modi,
1208 1810 1244 1847 et
1262 1809 1331 1837 nos
1348 1809 1425 1834 non
1442 1794 1516 1847 esse,
1547 1793 1639 1833 haut
1658 1795 1731 1832 mi-

1071 1852 1190 1893 rabile
1208 1852 1264 1905 eft.
1321 1850 1442 1892 Vobis
1462 1851 1566 1889 enim
1585 1862 1671 1888 cum
1685 1848 1730 1889 fit

1071 1910 1247 1948 voluntas
1267 1921 1352 1947 cum
1372 1919 1449 1944 vno
1470 1906 1552 1944 viro
1579 1903 1730 1956 semper

1072 1962 1160 2012 effe,
1174 1963 1321 2003 debetis
1330 1959 1479 2001 seruare
1490 1961 1707 2000 bonitatem
1718 1974 1733 2002 τ

1071 2033 1142 2061 nos
1179 2030 1306 2059 autem
1334 2017 1455 2056 bonas
1480 2014 1557 2057 effe
1580 2029 1662 2056 non
1690 2015 1731 2056 fi·

1072 2084 1171 2116 nunt
1187 2075 1238 2121 hi,
1257 2088 1343 2113 cum
1355 2074 1494 2126 quibus
1512 2086 1594 2111 rem
1611 2071 1732 2112 habe-

1071 2144 1169 2171 mus.
1223 2134 1325 2172 Nam
1349 2128 1732 2182 propter-pulchritu-

1072 2187 1208 2227 dinem
1233 2184 1397 2226 nostram
1430 2195 1617 2224 amatores
1651 2182 1729 2227 effe

1073 2243 1230 2293 volunt,
1267 2243 1332 2295 qui
1368 2241 1552 2280 continuo
1580 2251 1731 2282 mutant

1074 2300 1320 2346 voluntatem,
1339 2296 1366 2337 fi
1383 2296 1500 2337 fuerit
1515 2296 1638 2335 forma
1646 2309 1732 2335 mu-

1075 2366 1162 2395 tata.
1214 2358 1337 2407 Ergo,
1385 2353 1451 2392 nisi
1489 2350 1731 2405 prospeehun

1075 2422 1165 2452 ante
1184 2409 1313 2458 fuerit,
1335 2409 1493 2460 difirtae
1514 2420 1551 2447 et
1571 2421 1656 2447 cum
1673 2410 1733 2448 in-

1055 2468 1217 2520 ,opiain
1240 2464 1434 2505 sene&tite
1449 2467 1617 2503 viuimus.
1650 2466 1734 2502 Vn-

1078 2524 1127 2563 de
1146 2522 1193 2561 fic.
1211 2533 1423 2574 purgatum,
1444 2520 1545 2572 quod
1557 2521 1659 2559 male
1670 2533 1733 2558 au-

1079 2580 1164 2618 dire
1181 2575 1371 2630 potuifi'et‚
1399 2591 1478 2616 non
1499 2576 1594 2617 iuste
1613 2576 1731 2616 malas

1080 2632 1157 2679 esse
1177 2635 1413 2677 meretrices.
1473 2636 1516 2676 E.
