1815 3168
499 148 588 199 DE
624 154 1021 201 TERENTIO.
1350 168 1455 198 xnv

95 279 288 318 immutata
311 282 351 313 et
370 270 564 325 personiS,
589 270 874 325 expresserunt.
931 276 984 312 Vt
1004 285 1088 311 cum
1109 284 1132 311 e
1150 271 1361 313 Menandri
1379 276 1457 315 Eu-

95 331 221 372 nucho
252 328 354 368 suam
373 331 503 381 paucis
523 330 731 368 immutatis
742 329 954 368 Terentius
974 328 1161 380 expreffit.
1218 331 1273 368 Ea
1291 330 1458 378 ratione,

95 400 134 428 vt
150 390 280 427 Dauus
302 388 502 430 Parmeno,
521 385 580 426 Ch
586 385 674 438 r)fis
696 384 824 433 Thais,
844 384 1128 426 Chaerestratus
1147 383 1208 423 hic
1229 382 1456 424 essetPhae—

97 444 187 482 dria.
247 442 401 479 Plautus
430 441 471 479 in
498 444 692 494 Tragico-
702 443 850 480 comico
874 440 1080 491 Amflnm
1085 453 1185 488 one
1217 452 1329 478 more
1357 443 1455 480 ‘lra-

96 502 263 553 gicorum
283 497 464 538 labnlam
488 499 635 549 accepit
656 508 696 536 et
723 494 921 549 disposuit:
955 493 1019 534 sed
1044 506 1085 535 et
1109 497 1270 534 nomina
1296 496 1456 535 retinnit

96 568 143 594 ex
163 564 289 605 parte,
327 553 429 603 quod
456 566 535 591 non
560 551 684 592 solet
675 567 715 591 111
737 551 970 593 Comoedia:
1003 565 1050 590 ex
1069 563 1190 602 parte,
1208 551 1314 591 iecit.
1373 555 1454 591 Vn-

96 611 145 650 de
172 622 254 647 raro
281 583 478 647 'inueniffe
511 620 786 661 argumentum
802 609 991 661 Tragicus
1011 610 1131 646 Poeta
1152 607 1299 655 dicitur,
1324 607 1453 660 (quod

49 704 53 708 ,
93 676 157 705 aut
187 678 209 704 e
238 665 428 704 relatione
458 665 620 704 aliorum
647 674 711 704 aut
743 679 765 704 e
799 662 963 715 scriptis,
1006 674 1044 702 vt
1072 664 1251 714 plerique
1294 676 1342 703 ex
1368 667 1452 704 Ho-

92 733 200 762 mero
223 735 268 759 at
275 732 287 759 t
305 721 363 773 C>
368 721 427 759 clo
446 721 582 772 Epico,
616 720 825 772 petebant)
845 731 977 759 contra
996 730 1124 758 autem
1144 720 1308 761 Comici.
1364 721 1455 760 Ari-

91 777 253 826 stoteles,
285 794 326 814 το
347 776 382 814 δὲ
400 774 508 822 μυὲὶκς
525 781 639 825 ποιεῖν,
661 778 859 822 Ἐπίχαρμος
886 793 941 814 και
970 774 1089 822 Φορμις
1115 779 1231 822 ἧρξαν.
1291 778 1346 815 Ita
1365 790 1453 815 eam

90 845 245 881 vocem,
275 846 356 871 non
380 842 417 871 vt
445 832 620 883 quidam,
651 832 714 871 hic
740 832 899 883 accipio.
957 834 1073 874 Μῦθος
1101 832 1220 877 enim,
1250 843 1287 871 ιτ
1307 831 1452 883 vbique

89 887 172 928 fere
190 888 402 935 Aristoteli,
436 902 516 928 non
542 888 671 928 drama
691 888 765 936 est,
795 886 859 927 sed
880 902 924 927 ea
946 888 1054 936 affio,
1075 900 1098 925 e
1117 901 1190 938 qua
1209 886 1338 925 drama
1359 902 1452 927 con-

91 944 133 983 sti
125 947 278 992 tuitur,
311 947 490 992 ηπςᾶξις,
517 951 535 988 ἧ
557 947 617 987 τῆς
636 951 871 991 πραγματείας
887 942 1035 987 σόςασις
1066 943 1265 994 quomodo
1293 953 1332 981 et
1357 945 1453 983 aeci-

91 1003 158 1054 pit,
190 1015 277 1040 cum
298 1000 412 1046 leJt,
440 1000 591 1047 μυὲοςδ’
612 1002 651 1039 ἐς
656 1020 681 1039 ιν
709 1000 773 1049 εἷς,
802 1017 853 1046 ux
883 998 991 1047 οἱσπές
1018 1016 1101 1042 τιιες
1118 1000 1259 1049 οἴονται,
1288 998 1348 1039 εἀν
1374 1008 1452 1047 περὶ

93 1056 124 1097 ἕ
129 1075 151 1095 ,κ
172 1053 202 1105 ᾖ.
261 1060 310 1097 Et
325 1054 427 1108 ipse
459 1055 649 1102 πωυμιίθες
677 1069 743 1095 eos
771 1068 898 1103 vocat,
928 1056 992 1107 qui
1017 1056 1078 1095 vel
1104 1056 1240 1100 unias,
1272 1055 1332 1094 vel
1351 1069 1452 1107 quae

91 1126 269 1166 ternpore
288 1112 453 1161 eodem,
482 1113 529 1152 ab
547 1114 635 1161 alio,
663 1126 745 1151 non
766 1126 854 1158 vno,
873 1123 911 1151 et
931 1112 1071 1150 eodem
1090 1112 1220 1164 gestae
1241 1108 1337 1158 sunt,
1358 1125 1454 1150 con-

91 1171 274 1223 iungunt.
327 1169 500 1220 Ideoque
521 1168 704 1208 Fabulam
723 1169 890 1233 eligere,
923 1178 960 1207 et
980 1169 1136 1207 ele‘e‘tam
1162 1168 1264 1207 refile
1289 1181 1330 1206 ac
1351 1167 1452 1207 ordi-

94 1240 147 1266 ne
165 1223 391 1276 disponer-,e
418 1237 456 1264 vt
472 1226 595 1277 prima
614 1226 750 1272 vii-,tus
781 1228 832 1264 ita
850 1224 1018 1277 ptimum
1038 1224 1328 1275 maximumque
1351 1237 1450 1276 opus

93 1282 159 1322 est
216 1284 262 1321 In
282 1280 567 1334 Amphitryone
595 1293 833 1320 maneamus.
890 1283 988 1320 Nam
1019 1291 1057 1318 vt
1076 1290 1351 1333 argumentum
1376 1281 1452 1320 hoc

95 1338 261 1388 accepit,
289 1338 340 1375 ita
360 1333 440 1388 ipse
459 1350 508 1375 ex
536 1338 656 1376 animi
682 1335 876 1377 sententia
901 1334 1097 1387 disposuit
1155 1337 1286 1386 Quare
1312 1338 1451 1388 potuit,

95 1405 134 1432 vt
153 1394 294 1439 voluit,
321 1393 441 1445 ligare
461 1391 643 1431 Fabulam
661 1406 704 1431 ac
722 1390 881 1431 soluere
935 1395 979 1431 In
997 1405 1043 1430 ea
1062 1392 1178 1443 igitur
1199 1391 1331 1431 diuina
1348 1398 1453 1436 δέσιςε

97 1451 191 1488 mira
219 1449 326 1486 enim
357 1449 506 1487 ratione
533 1448 743 1499 impeditur
767 1448 909 1487 Fabula
944 1458 985 1485 et
1011 1449 1209 1486 intricatur
1235 1448 1345 1487 aelio.
1399 1453 1453 1488 At

98 1503 283 1552 transitio,
314 1516 414 1555 quae
442 1517 522 1542 non
546 1503 600 1542 est
618 1505 782 1555 Tragica
809 1501 875 1542 sed
897 1504 1058 1543 Comica
1077 1505 1281 1555 (μετάβασιν
1301 1505 1453 1543 vocauit

98 1560 341 1611 Aristoteles)
362 1573 445 1611 pars
464 1572 563 1611 quae
581 1560 796 1611 opponitur
813 1563 854 1603 τῆ
880 1563 962 1597 δέσει
985 1562 1120 1610 (quam
1146 1570 1185 1597 et
1205 1557 1295 1596 λύσιν
1313 1558 1376 1599 seu
1396 1558 1453 1598 so-

97 1617 289 1655 lutionem
310 1618 462 1667 vocant)
491 1628 539 1655 ex
559 1612 748 1655 sententia
773 1614 981 1654 succedere
1004 1628 1084 1653 non
1114 1615 1254 1665 potuit.
1316 1619 1453 1666 Quare

99 1670 308 1724 impeditus
335 1682 374 1709 et
401 1670 540 1709 oblitus
568 1669 642 1717 sui,
672 1672 729 1708 ire
749 1673 904 1723 cogitur
926 1669 973 1708 ad
992 1670 1145 1715 Deum3
1176 1669 1251 1708 hoe
1278 1671 1350 1710 est:
1383 1672 1454 1710 ἁπδ

95 1731 245 1773 μηχανῆς
273 1725 406 1765 finire:
437 1725 538 1777 quod
566 1725 620 1764 est
649 1727 822 1765 Vltimum
849 1724 1042 1777 refugium
1072 1728 1237 1774 Poetae,
1272 1740 1358 1766 curn
1390 1728 1452 1771 τιὶν

95 1789 178 1822 asum
200 1783 274 1821 hoc
297 1781 367 1830 est,
398 1781 565 1829 nodum,
596 1794 715 1832 quem
734 1782 871 1835 ligauit
890 1780 990 1833 ipse,
1019 1779 1169 1820 soluere
1201 1795 1283 1821 non
1315 1784 1451 1833 potest,

96 1852 135 1879 et
151 1852 233 1878 rem
255 1851 391 1889 parum
414 1837 579 1889 prouide
596 1838 777 1877 tranauit.
834 1841 934 1878 Nam
962 1848 1154 1885 caeterae,
1182 1851 1281 1889 quae
1312 1838 1366 1877 ibi
1387 1840 1456 1879 ad·

94 1895 280 1935 hibentur
305 1893 517 1941 machinae,
544 1892 591 1932 ad
619 1890 760 1932 scenae
788 1903 826 1933 et
859 1892 1030 1946 choragii
1068 1904 1265 1943 ornatum,
1305 1903 1359 1933 καὶ
1389 1894 1453 1939 τὺ

95 1951 187 1999 ἕψω,
218 1960 257 1989 vt
274 1947 524 2002 Philosophus
544 1951 594 1988 de
613 1950 660 1988 iis
687 1950 796 2001 loqui
821 1947 934 1998 solet,
963 1948 1194 1990 referuntur.
1251 1951 1378 2001 Quale
1399 1951 1454 1992 est

95 2007 310 2055 bromium,
340 2017 380 2044 et
397 2004 758 2057 ceraunoscopium,
788 2018 951 2057 quorum
973 2006 1093 2045 altero
1111 2006 1159 2044 ad
1179 2008 1347 2054 tonitru,
1377 2007 1454 2046 hoe

95 2065 141 2103 ad
160 2062 312 2101 fulmen
332 2061 652 2111 exprimendum,
682 2062 726 2100 in
742 2061 1029 2114 Amphitryone
1056 2074 1151 2113 opus
1175 2061 1261 2102 fuit.
1317 2066 1455 2104 Finem

95 2132 186 2159 vero
204 2131 303 2170 quae
324 2132 345 2156 a
361 2116 559 2182 machina,
583 2117 779 2157 lubentius
807 2119 849 2156 in
869 2119 1038 2170 Tragico
1065 2130 1179 2169 quam
1201 2118 1364 2158 Comico
1390 2133 1456 2159 ex-

97 2173 197 2215 cusat
213 2172 461 2220 Aristoteles;
489 2175 579 2224 quia
609 2184 840 2228 argumento
860 2174 1053 2227 Tragicus
1081 2173 1456 2227 astringitu1,qnod

98 2231 248 2281 accipit.
304 2231 550 2287 Quamquam
569 2242 623 2270 ne
642 2229 731 2269 huic
759 2229 917 2282 quidem
943 2242 1029 2269 earn
1053 2228 1144 2269 fecit
1163 2206 1337 2282 gratiani,
1365 2245 1456 2270 cum

95 2287 242 2339 inquit.
271 2285 414 2333 Φανερον
444 2289 501 2331 ἐν,
531 2302 583 2323 οτι
611 2294 667 2324 καὶ
693 2303 756 2329 τας
785 2300 893 2329 masec
918 2288 985 2323 τῶν
1012 2285 1126 2331 μῦθων
1153 2288 1192 2333 ἐξ
1219 2286 1312 2325 αυτ-ὖ
1330 2292 1385 2327 δεῖ
1407 2290 1458 2326 τιῖ

96 2345 189 2390 μάθε
207 2349 414 2388 συμβαίνειν,
439 2349 493 2379 καὶ
513 2359 578 2391 μη,
612 2358 721 2390 ωσπερ
740 2342 773 2380 ἕν
797 2360 838 2390 τη
826 2344 1005 2391 masefa,
1037 2341 1107 2380 ἇπὲ
1137 2345 1307 2391 μηχανῆς,
1336 2352 1391 2382 καὶ
1421 2344 1456 2382 ἐν

95 2403 140 2447 τῇ
160 2399 268 2443 ἰᾼιάδι
286 2415 333 2436 w
359 2404 433 2445 neg)
453 2396 512 2436 τᾶν
530 2396 693 2436 ἀπέπλω.
751 2398 794 2438 Id
817 2397 886 2447 est,
915 2398 1068 2449 Mamf
1052 2397 1158 2449 stum
1184 2412 1222 2437 er
1222 2412 1272 2453 go
1301 2400 1369 2452 est,
1403 2413 1457 2438 εε-

97 2458 171 2495 ἑαηι
190 2458 330 2494 exitum
350 2452 525 2500 Fabulae
558 2467 576 2492 e
595 2454 735 2494 Fabula
755 2454 832 2506 ipfiz
847 2457 928 2506 peti
951 2453 1095 2501 debere,
1125 2467 1201 2493 non
1224 2469 1246 2492 a
1273 2455 1455 2500 machina

97 2524 141 2550 vt
161 2515 198 2549 in
217 2510 363 2554 Medea,
381 2522 450 2549 aut
465 2511 762 2562 quemadmodum
783 2514 823 2549 in
841 2510 966 2563 Iliade,
986 2513 1027 2550 in
1045 2512 1105 2558 iis,
1136 2523 1224 2566 quae
1245 2511 1342 2550 circa
1359 2513 1457 2551 redi

98 2580 177 2607 tum
201 2566 429 2606 Graecorum
440 2566 552 2617 fiunt
610 2567 798 2609 Medeam
819 2578 966 2614 autem,
998 2579 1081 2605 non
1101 2565 1370 2617 Euripedeam,
1391 2565 1457 2605 sed

99 2623 250 2671 alterius
268 2624 457 2677 intelligit
472 2625 624 2664 Poetae.
680 2621 789 2664 Idem
808 2633 847 2662 et
864 2623 1053 2673 Horatius,
1083 2633 1106 2661 e
1120 2624 1297 2669 Pax-iano,
1328 2623 1444 2662 medo

1282 2665 1455 2733 Neopto
