1815 3168
444 143 786 214 DETRAG.
816 155 909 211 ET
942 165 1267 217 COMOED.
1397 185 1529 218 mx

169 279 248 328 esse
273 293 503 336 potuerunt:
529 295 611 323 tum
641 283 747 335 quod
772 284 902 325 media
932 285 1064 337 primis
1097 297 1215 339 atque
1240 288 1439 337 postremis
1473 293 1525 332 ita

170 342 329 385 nexuit,
361 350 401 378 vt
426 339 527 378 nihil
553 339 725 379 additum
755 342 886 388 alteri,
916 339 980 381 sed
1012 351 1143 392 aptum
1171 357 1218 383 ex
1245 342 1284 383 se
1312 355 1453 395 totum,
1487 358 1527 387 et

167 408 247 438 vno
264 407 426 446 corpore
444 395 618 435 videatur
637 393 714 435 efl'e
732 396 994 448 compositum.
1050 397 1149 444 Illud
1169 412 1324 450 quoque
1349 403 1526 442 mirabile

167 454 210 495 in
230 466 277 492 eo
296 452 440 504 primo,
473 452 578 502 quod
598 454 747 490 nonita
765 451 897 492 miscet
915 450 1099 505 personas
1119 467 1302 505 quatuor,
1337 469 1376 495 vt
1396 456 1525 496 obscu-

166 521 207 549 ra
226 507 268 547 {it
287 520 419 546 earum
441 507 642 546 diltinttio.
700 511 748 547 Et
773 509 868 547 item
896 509 1000 560 quod
1026 509 1124 548 nihil
1144 511 1191 549 ad
1221 513 1408 562 populum
1434 513 1525 553 facit

165 565 349 609 adorem,
380 563 484 602 velut
511 577 560 602 ex
583 564 803 616 Tragoedia
833 566 963 616 loqui:
995 565 1099 616 quod
1131 567 1267 606 vitium
1293 569 1413 607 Plauti
1449 569 1525 609 sre-

164 618 453 672 quentiffimum
476 618 539 659 est.
596 620 696 659 Illud
715 621 830 659 etiarn
848 622 949 661 inter
971 631 1120 661 caetera
1139 623 1348 662 eiuslaude
1359 625 1526 678 dignum

163 675 338 724 videtur,
371 675 477 727 quod
504 676 759 726 locupletiora
786 688 1010 729 argumenta
1037 690 1085 716 ex
1108 677 1326 729 duplicibus
1354 683 1527 734 negotiis

163 731 360 784 delegerit
382 732 431 770 ad
448 729 709 776 scribendum„
761 735 859 772 Nam
888 743 1046 784 excepta
1065 736 1170 786 Hec)
1180 748 1231 783 ra,
1260 737 1302 773 in
1321 749 1395 786 qua
1414 739 1525 779 vuius

163 786 354 839 Pamphili
373 800 480 826 arnor
496 786 568 832 est,
599 798 772 826 caeterae
789 789 964 840 quinque
990 788 1105 828 binos
1133 789 1441 832 adolescentulos
1461 793 1528 834 ha-

163 842 274 881 bent.
328 842 430 882 Illud
449 855 538 881 vero
557 843 773 882 tenendum
793 843 860 890 est,
877 844 959 896 post
976 852 1048 882 νέαν
1068 851 1234 891 κωμῳδίαν
1251 849 1408 888 Latinos
1427 851 1525 889 mul·

164 908 204 938 ta
231 896 446 938 fabularum
472 910 621 952 genera
645 897 864 950 protulisset
894 911 932 940 vt
948 903 1137 954 Togatas‚
1166 915 1188 940 a
1216 905 1380 944 scenicis
1408 917 1525 957 atque

165 956 406 1007 argumentis
425 955 587 996 Latinis:
617 957 893 1005 Praetextatas‚
923 956 971 995 ab
990 957 1181 1009 dignitate
1197 956 1455 1010 personarum,
1483 973 1526 1000 et

163 1012 300 1052 Latina
318 1010 491 1049 historia:
522 1011 741 1060 Attelanas,
768 1025 790 1050 a
809 1012 966 1051 ciuitate
990 1015 1241 1065 Campaniae,
1267 1016 1331 1054 vbi
1349 1019 1526 1057 aditatae

162 1064 252 1113 sunt
271 1067 484 1118 plurimae:
511 1065 786 1119 Rhyntonicas,
806 1067 853 1106 ab
879 1069 1015 1109 aum-is
1042 1071 1226 1110 nomine:
1258 1071 1527 1122 Tabernarias,

163 1123 213 1162 ab
244 1121 461 1161 humilitate
486 1124 704 1175 argumenti
733 1134 773 1161 et
801 1123 893 1163 stili:
923 1126 1094 1172 Mimos,
1125 1125 1172 1165 ab
1195 1126 1375 1168 diuturna
1401 1130 1526 1169 imita·

164 1179 274 1219 tione
293 1179 427 1218 vilium
450 1191 579 1217 rerum
598 1189 639 1218 et
659 1179 808 1219 leuium
825 1177 1087 1231 personarum.
1143 1185 1248 1222 Inter
1262 1186 1526 1238 Tragoediam

163 1245 294 1274 autem
320 1245 359 1274 et
385 1234 643 1276 Comoediam
674 1247 761 1274 cum
785 1237 923 1284 multa,
951 1248 1030 1276 tum
1054 1239 1098 1276 in
1126 1239 1258 1289 primis
1290 1240 1365 1280 hoc
1394 1241 1527 1281 distat:

165 1290 270 1342 quod
290 1291 333 1329 in
352 1290 569 1330 Comoedia
587 1290 804 1331 mediocres
821 1291 1005 1332 fortunae
1023 1292 1237 1345 hominum,
1268 1298 1375 1348 parui
1397 1298 1528 1349 impe-

167 1356 228 1385 tus
255 1347 527 1397 periculaque,
556 1347 726 1398 laetique
753 1344 841 1387 sunt
868 1350 991 1387 exitus
1019 1350 1224 1390 afflonum.
1283 1356 1338 1392 At
1361 1354 1404 1392 in
1433 1356 1529 1393 Tra-

169 1395 329 1454 goedia,
358 1403 490 1440 omnia
508 1404 715 1451 contraria,
745 1404 928 1455 ingentes
953 1402 1162 1455 personae,
1194 1410 1326 1461 magni
1354 1410 1524 1459 timores,

168 1458 293 1496 exitus
311 1454 452 1496 funesti
470 1456 670 1496 habentur.
725 1460 772 1497 Et
789 1460 869 1498 illie
898 1459 1122 1500 turbulenta
1140 1465 1284 1513 prima,
1317 1466 1526 1516 tranquilla

169 1513 311 1553 Vltima.
369 1515 413 1552 In
443 1513 663 1565 Tragoedia
698 1516 886 1554 contrario
920 1515 1062 1556 ordine
1098 1530 1158 1556 res
1186 1530 1365 1571 aguntur.
1420 1525 1527 1562 Tum

169 1568 275 1619 quod
295 1569 335 1605 in
353 1570 592 1621 Tragoedia,
620 1568 810 1622 fugienda
838 1571 936 1617 vita3
965 1572 1006 1610 in
1028 1573 1266 1622 Comoedia,
1295 1573 1527 1627 capessenda

168 1624 406 1673 exprimitur.
460 1624 672 1670 Postremo,
703 1626 807 1675 quod
844 1628 968 1666 omnis
1003 1629 1221 1669 Comoedia
1256 1631 1306 1669 de
1339 1631 1433 1671 fietis
1471 1633 1527 1671 est

166 1680 424 1732 argumentis:
455 1680 677 1731 Tragoedia
704 1678 820 1732 saepe
848 1682 894 1720 ab
914 1681 1092 1721 historica
1118 1683 1196 1725 fide
1222 1688 1376 1736 petitur.
1433 1691 1529 1728 Lati·

166 1747 244 1774 nae
261 1733 411 1772 fabulae
428 1735 553 1785 primo
571 1749 592 1774 a
612 1736 721 1775 Liuio
741 1736 967 1777 Andronico
989 1735 1146 1788 scriptae
1166 1738 1271 1790 sunt,
1303 1744 1401 1781 adeo
1424 1755 1460 1782 vt
1479 1744 1529 1783 ad

166 1789 234 1830 has
268 1803 329 1828 res
358 1791 475 1829 etiam
502 1801 583 1829 tum
602 1802 781 1831 recentes
806 1791 914 1832 idem
942 1804 978 1832 et
994 1797 1112 1834 Poeta
1133 1807 1171 1836 et
1190 1798 1291 1838 after
1308 1798 1526 1839 fabularum

166 1843 317 1885 suarum
342 1844 476 1885 fuifl'et.
533 1847 773 1887 Comoediae
791 1860 920 1888 autem
936 1851 1125 1891 motoriae
1136 1850 1232 1902 sunt,
1259 1865 1324 1893 aut
1339 1854 1527 1901 statariae,

167 1913 232 1941 aut
249 1900 392 1940 mistae.
447 1903 660 1951 Motoriae,
691 1902 960 1946 turbulentae:
988 1905 1170 1957 statariae,
1195 1911 1425 1960 quietiores:
1457 1913 1554 1951 mis

165 1957 254 2005 stae,
275 1970 325 1996 ex
343 1967 505 2009 vti-oque
524 1959 607 1997 auu
627 1958 882 2001 confistentes.
939 1963 1156 2004 Comoedia
1176 1979 1248 2016 per
1265 1977 1428 2017 quatuor
1443 1981 1529 2019 pai·-

164 2019 225 2053 tes
257 2012 458 2062 diuiditur,
498 2013 729 2068 Prologum‚
766 2016 955 2064 Protafin‚
993 2019 1181 2070 Epitafin‚
1222 2023 1526 2074 Catastrophem.

163 2069 426 2122 Prologusest
445 2065 547 2109 velu't
564 2069 752 2122 praefatio
771 2073 962 2123 quaedam
987 2073 1166 2115 fabulae:
1197 2078 1237 2116 in
1267 2091 1343 2129 quo
1373 2076 1452 2118 solo
1478 2080 1528 2117 li-

165 2136 248 2174 cet,
281 2136 434 2176 praeter
450 2138 723 2178 argumentum
741 2129 887 2180 aliquid
908 2129 956 2169 ad
975 2132 1184 2182 populum,
1218 2134 1279 2172 vel
1305 2147 1354 2173 ex
1369 2139 1527 2184 Poetae,

167 2182 231 2222 vel
252 2194 301 2219 ex
319 2180 433 2232 ipfius
451 2180 621 2232 fabulae,
650 2184 711 2223 vel
729 2196 779 2223 ex
798 2185 931 2224 aE‘coris
958 2187 1186 2238 commodo,
1218 2190 1339 2240 loqui.
1396 2193 1527 2231 Prota·

165 2236 210 2277 fis
243 2238 385 2289 primus
421 2237 475 2277 est
497 2239 611 2284 astus,
628 2239 864 2293 initiumque
881 2241 1071 2281 dramatis.
1127 2244 1527 2295 Epitafisincremen-

165 2303 247 2333 tum
265 2290 533 2345 proceffusque
552 2295 769 2338 turbarum:
797 2310 840 2335 ac
868 2298 1003 2344 totius,
1034 2310 1073 2338 vt
1103 2300 1155 2339 ita
1184 2301 1372 2350 dixerim,
1399 2315 1528 2344 motus

164 2350 316 2389 erroris.
371 2349 621 2402 Catastrophe
652 2352 849 2392 cmluerfio
868 2367 995 2393 rerum
1023 2354 1076 2394 est
1095 2356 1143 2395 ad
1169 2357 1360 2397 iucundos
1385 2360 1527 2409 exitus,

164 2404 353 2460 patefacta
376 2406 519 2444 cunetis
544 2408 775 2460 cognitione
795 2408 1000 2462 gestorum.

275 2463 346 2514 10)
378 2461 572 2502 Comoedia
600 2463 655 2503 est
676 2463 805 2503 fabula
830 2464 980 2506 diuersa
1005 2466 1178 2508 instituta
1207 2470 1434 2517 continens,
1471 2469 1526 2510 af-

1404 2525 1526 2565 fefin-

219 2590 282 2636 10)
315 2588 501 2643 Comoedia
523 2586 574 2640 est
589 2589 739 2638 sabula]
773 2591 820 2630 In
867 2591 929 2630 sed
953 2593 1098 2632 alterius
1116 2595 1273 2633 austoris
1297 2597 1365 2634 effe
1380 2596 1528 2635 videan.

165 2637 246 2675 ΜΠ.
277 2638 324 2675 fic
358 2640 408 2676 est
439 2641 496 2675 De
524 2641 714 2677 Comoedia.
756 2645 818 2677 Co-
867 2653 934 2679 tur.
981 2645 1022 2680 L.
1077 2644 1350 2683 Westerhouius
1367 2646 1526 2684 nomine

165 2687 298 2723 moedia
318 2688 368 2737 est
382 2689 425 2735 s.
468 2689 575 2726 Adeo
602 2702 640 2727 vt
660 2701 751 2739 quae
767 2690 817 2727 se·
865 2693 1074 2741 Fragmenti
1089 2695 1228 2732 Donati
1238 2699 1362 2735 edidit.
1375 2697 1453 2732 iaris
1465 2710 1526 2733 ηιμ

163 2747 338 2784 quuntur,
355 2750 437 2778 non
455 2738 628 2778 Euanthii
645 2740 816 2789 *ampliun
865 2741 998 2779 datter.
1049 2743 1091 2781 Z.
