1815 3168
317 108 418 156 660*

722 100 881 148 ACT.
914 99 990 144 IV.
1027 98 1224 145 SCEJN.
1259 101 1314 144 V.-

395 225 709 281 ACTVS
767 221 1143 284 QVARTI
1199 221 1501 273 SCENA
1556 192 1653 272 vv

724 312 1030 355 CHREMES.
1090 311 1293 352 SYRVS.
1454 319 1456 321 '

326 456 416 571 Ιτ
439 475 464 503 Α
506 471 577 503 me
600 456 661 502 Di
682 452 903 504 amabunt,
934 459 981 498 vt
1002 466 1120 495 nunc
1143 448 1398 495 Menedemi
1420 448 1559 495 vicem

463 532 642 579 Miseret
663 546 747 581 me,
769 538 937 574 tautum
964 521 1181 571 deuenisse
1202 524 1255 570 ad
1277 541 1377 570 eum
1396 523 1515 569 mali.

463 609 673 657 Illancine
694 604 923 651 mulierem
943 602 1055 647 alere
1081 617 1180 647 cum
1203 600 1274 645 iila
1298 599 1486 646 familia?

463 682 550 732 Etfi
573 682 656 728 scio
671 718 683 734 ,
722 679 847 726 hosce
869 678 1033 741 aliquot
1060 677 1149 722 dies
1173 693 1264 722 non
1288 675 1462 722 sentiet:

399 779 424 826 5
465 764 531 807 Ita
552 774 713 817 magno
738 753 947 802 desiderio
968 753 1054 800 fuit
1076 754 1116 799 ei
1136 750 1266 798 filius.

333 978 501 1033 Dromo]
529 979 573 1017 In
593 974 794 1022 Eunucho,
812 974 869 1014 Tu
883 972 955 1026 pol,
961 970 1004 1023 st

323 1040 453 1095 sapis,
490 1032 590 1087 quod
609 1033 685 1086 scis
720 1031 843 1081 nescis.
902 1033 995 1069 Non

338 1089 536 1147 possumus
562 1089 699 1140 nqsbire
720 1087 823 1140 quod
834 1085 994 1137 scimus:

338 1148 404 1190 sed
434 1149 521 1193 itas
539 1156 579 1184 vt
616 1145 817 1185 concordia
843 1142 995 1193 diſsors.

336 1208 445 1258 Virg.
467 1207 584 1254 (Aen.
605 1215 664 1248 XI,
676 1203 792 1254 695.)
809 1200 999 1251 squzitur-

340 1275 408 1317 que
415 1260 642 1312 fiquerztem.
697 1255 829 1307 Nefiis
841 1257 890 1304 id,
903 1253 999 1307 quod

331 1319 429 1372 scis]
453 1319 534 1356 Hoc
545 1313 599 1353 est
610 1312 712 1367 quod
725 1313 874 1359 dicitur,
886 1310 1001 1366 ‚Quod

332 1376 430 1428 fiis,
460 1371 584 1422 neskis.
647 1369 896 1409 Prouerbiale
934 1366 998 1416 est,

344 1442 385 1471 et
403 1429 566 1468 multum
585 1425 688 1478 apud
701 1426 919 1464 dialefflcos
931 1433 1001 1461 tra-

345 1488 507 1527 &atumt
536 1482 701 1535 vt‚fl1'ci0
723 1492 761 1522 et
782 1494 860 1520 non¹
876 1479 999 1531 flacio,

345 1551 385 1584 et
411 1543 549 1581 amicus
563 1539 650 1589 sum
682 1549 719 1577 et
741 1551 812 1578 non
827 1535 934 1587 stim,
964 1545 1002 1575 et

344 1599 456 1641 audio
476 1607 515 1637 et
530 1609 605 1635 non
626 1596 739 1634 audio
751 1625 761 1644 ‚
792 1604 833 1633 et
852 1603 1002 1632 caetera

344 1651 577 1696 huiusmodi.
633 1653 684 1693 C.

375 1720 382 1727 ·
406 1712 462 1750 Tu
481 1707 613 1762 nescis]
639 1706 681 1747 Id
700 1719 784 1759 age,
815 1715 854 1744 vt
871 1700 1005 1744 nescis-

345 1767 385 1811 se
405 1762 591 1812 videari33
622 1762 661 1802 et
679 1763 745 1801 ille
764 1774 835 1813 per
863 1761 1006 1808 ὑπερβο-

345 1812 418 1872 ish,
444 1834 586 1861 mutum
604 1834 658 1858 me
677 1821 783 1857 dices.
841 1820 883 1857 E.
990 1821 993 1825 '

405 1891 423 1921 1
458 1880 517 1917 Ita
542 1891 596 1915 me
627 1875 684 1914 Di
712 1873 902 1925 amabunt]
931 1874 1006 1913 Hic

350 1935 405 1976 est
435 1931 618 1973 transacia
643 1930 729 1983 Syri
759 1929 929 1974 fallacia,
968 1939 1007 1967 et

349 1990 507 2032 tandem
518 1998 768 2039 extorquetur
779 1996 985 2039 argentum
997 1998 1007 2025 t

349 2060 388 2088 et
408 2047 513 2086 idem
534 2045 589 2085 est
610 2042 814 2089 Chremes,
846 2042 912 2092 qui
933 2040 1010 2079 fuit

349 2106 390 2144 in
432 2104 555 2155 prima
594 2099 840 2142 comoediae
888 2108 1007 2149 parte.

349 2157 557 2203 Miseretur
575 2157 682 2195 enini
702 2151 944 2199 Menedemi,
972 2163 1011 2193 et

352 2218 435 2256 eius
457 2218 577 2255 vicem
599 2213 715 2260 dolet,
739 2207 905 2249 *ciedens
921 2214 1009 2250 Bae-

353 2272 510 2312 chidem
538 2271 702 2309 amicam
734 2267 889 2308 Cliniae
918 2264 1009 2309 esse,

408 2384 469 2423 Ita
479 2397 532 2422 me
543 2381 616 2425 Di]
635 2378 932 2420 Discedentibus
944 2393 1008 2417 an-

354 2441 450 2480 cillis
481 2437 600 2477 senex
628 2435 864 2489 ingemiscit,
905 2434 1009 2486 quod

354 2508 455 2535 tanta
476 2496 521 2533 ad
543 2493 821 2533 Menedemum
844 2493 1009 2530 multiru-

353 2552 403 2591 do
436 2563 595 2589 ventura
626 2549 685 2587 fit:
717 2563 830 2599 quam
861 2559 898 2586 et
930 2546 1010 2599 ipse

352 2614 439 2647 curn
463 2621 575 2650 vnum
598 2606 700 2645 diem
713 2603 920 2648 sni'rinciet„
933 2618 1008 2644 ma-

1527 828 1697 872 Verum

1042 984 1124 1025 gno
1156 968 1193 1011 se
1219 971 1314 1010 dixit
1342 968 1521 1010 affefmm
1541 968 1699 1008 damno.

1044 1032 1141 1067 Nam
1163 1038 1203 1066 et
1220 1027 1381 1066 domina
1400 1023 1628 1080 pytissando,
1662 1024 1703 1063 id

1046 1083 1110 1132 est,
1143 1084 1283 1122 leuiter
1304 1082 1492 1136 gustando
1507 1093 1545 1120 et
1563 1080 1702 1133 spuen-

1047 1140 1117 1186 do„
1156 1139 1426 1178 multum'vini
1454 1136 1631 1184 absumit,
1665 1147 1704 1175 et

1047 1197 1195 1247 reliqua
1215 1195 1367 1234 familia.
1425 1193 1621 1245 Siquidem
1635 1206 1704 1244 per

1047 1251 1327 1299 χαρακτηρισμδν,
1348 1249 1387 1289 id
1403 1249 1467 1298 est,
1487 1247 1638 1288 futurae
1649 1249 1704 1286 rei

1049 1307 1365 1360 descriptionem,
1414 1315 1706 1359 argumentatur

1050 1366 1143 1418 quid
1174 1365 1216 1403 iit
1234 1361 1492 1415 consequens:
1523 1361 1708 1400 videlicet

1048 1421 1118 1461 filii
1152 1419 1335 1460 difceffio.
1387 1429 1427 1457 et
1456 1417 1509 1457 est
1544 1421 1706 1467 ἦθποιίκ,

1050 1490 1151 1530 quae
1177 1476 1239 1525 iit,
1282 1475 1442 1528 quando
1476 1475 1709 1525 loquentem

1049 1534 1330 1574 introducimus
1350 1530 1563 1584 quamlibet
1579 1528 1709 1583 perso-

1050 1605 1152 1631 nam.
1211 1594 1257 1631 E.
1701 1589 1704 1592 ’

1109 1659 1134 1688 2
1173 1646 1335 1685 Tantum
1382 1643 1485 1691 mali]
1529 1643 1712 1694 Proprius

1054 1701 1206 1742 dixiffet
1233 1702 1380 1742 damni:
1409 1699 1534 1739 nifiad
1546 1699 1712 1752 aegritu-

1054 1760 1187 1799 dinem
1205 1759 1327 1799 animi
1347 1755 1500 1797 referas.
1557 1756 1601 1795 C.

1113 1830 1134 1870 3
1176 1815 1349 1855 Illancine
1377 1812 1586 1866 mulierem]
1616 1812 1711 1849 Hoc

1057 1871 1110 1911 est
1132 1872 1234 1923 quod
1257 1869 1365 1922 supra
1383 1869 1475 1917 dixi,
1488 1867 1552 1906 ista
1573 1879 1714 1919 prono·

1058 1930 1163 1967 mina
1182 1926 1323 1966 afferre
1353 1935 1592 1964 contemtum
1617 1935 1654 1963 et
1674 1938 1715 1962 o-

1057 1986 1175 2024 dium.
1258 1984 1348 2023 Cum
1394 1983 1452 2021 illa
1487 1979 1644 2032 fizmilia
1661 1979 1712 2033 ἲ]
1738 1975 1744 1983 ’

1058 2044 1157 2083 Cum
1178 2038 1371 2079 stomacho
1399 2037 1516 2083 dixit,
1547 2037 1587 2074 id
1607 2035 1715 2087 quod

1057 2096 1230 2149 superius
1254 2095 1380 2135 facete
1406 2096 1523 2147 Syrus
1543 2103 1716 2145 pompam

1057 2153 1276 2205 appellauit.
1332 2152 1377 2192 C.

1114 2209 1288 2250 Illancine
1312 2205 1548 2260 mztlierem?]
1587 2201 1717 2244 Prisci-

1058 2281 1120 2306 an.
1141 2267 1205 2305 lib.
1236 2277 1295 2306 12.
1353 2267 1392 2304 L.

1115 2335 1139 2375 5
1173 2324 1231 2362 Ita
1253 2320 1389 2376 magna
1417 2318 1609 2370 dqfi'derio]
1640 2317 1717 2357 Vix

1058 2380 1234 2432 inprimis
1263 2375 1460 2428 explebile
1485 2374 1718 2414 defiderium

1058 2438 1156 2475 illius
1188 2436 1243 2474 rei
1272 2434 1324 2474 est
1343 2447 1454 2484 quam
1483 2433 1550 2470 diu
1572 2430 1718 2482 oprauia

1059 2505 1163 2532 mus:
1198 2489 1260 2530 sed
1292 2490 1373 2528 eins
1401 2488 1531 2540 postea
1564 2488 1605 2525 in
1633 2485 1716 2524 dies

1059 2549 1242 2602 paulatim
1265 2560 1335 2586 nos·
1358 2543 1502 2584 satietas
1525 2544 1634 2595 capit.
1666 2544 1714 2581 C.

1107 2607 1257 2662 uklagno
1275 2600 1461 2652 ‘dcfi'dcrio
1482 2604 1581 2653 fuit]
1611 2601 1717 2637 Tan·-

1632 2666 1715 2693 tum
