1815 3168
544 143 1104 192 ARGVMENTVM.
1395 165 1498 212 ⁴259

133 273 203 314 Illa
221 272 347 325 igitur,
371 267 438 309 etfi
457 276 599 308 amaret
617 267 860 314 Phaedriam,
891 268 1099 320 cupiditate
1117 278 1247 307 tamen
1266 283 1502 323 recuperan-

135 329 210 368 dae
228 327 387 380 virginis
406 335 446 363 et
465 325 561 363 ciuis
577 326 741 371 Atticae,
764 336 803 363 et
826 337 940 375 quarn
957 339 978 364 a
995 325 1152 375 paruula
1164 335 1200 362 vt
1218 322 1385 365 sororem
1406 328 1502 368 dile-

130 396 248 432 xerat,
270 381 436 421 excludit
453 380 676 421 Phaedriam
746 381 852 419 Hinc
882 380 951 418 ille
973 382 1096 431 primo
1120 379 1306 419 irascitur:
1335 383 1420 433 post
1439 397 1508 422 ae«

132 451 244 491 cepta
259 439 344 477 sach
364 438 524 485 ratione,
551 451 573 474 a
591 435 745 475 Thaide
762 437 920 475 lenitur.
946 448 985 475 et
1004 437 1043 474 in
1058 434 1165 474 bidui
1185 434 1347 488 spatium
1363 436 1501 488 sponte

132 493 354 534 concedens
373 493 498 541 militi,
520 506 582 530 rus
605 490 872 542 proficiscitur:
904 490 1107 543 statimque
1127 505 1179 531 ne
1197 491 1244 531 ab
1256 495 1409 532 aemulo
1419 508 1504 534 mu-

130 551 290 591 neribus
316 547 566 599 superaretur,
594 546 825 587 Eunuchum
858 558 895 585 et
925 548 1094 598 puellam
1121 549 1357 587 Parmenoni
1388 549 1501 591 iubet

130 608 268 646 abiens
288 606 335 645 ad
351 609 375 644 ἰ
389 604 543 642 haidem
561 603 764 642 deducere.
804 605 948 641 Verum
960 603 1138 643 Chaerea
1158 603 1275 643 frater
1286 604 1502 645 Phaedriae

131 673 222 702 tunc
243 660 428 713 ephebus,
449 657 524 699 visa
551 661 589 698 in
612 660 670 697 via
691 659 854 712 virgine,
878 658 1135 698 inflammatur
1154 673 1285 699 amore
1312 662 1416 708 eius;
1446 673 1501 701 at-

129 732 208 770 que
229 732 275 756 eo
293 716 410 756 euafit
428 716 654 754 vehementi
672 715 828 762 ardore,
861 726 899 752 vt
926 728 995 765 pro
1015 715 1205 755 Eunucho
1229 714 1310 768 ipse
1332 717 1502 758 deduce-

129 785 194 814 tur
213 773 258 812 ad
277 772 481 811 Thaidem.
538 774 620 811 Hac
639 770 836 809 occalione
857 771 984 810 vitiata
1005 772 1123 823 virg0‚
1154 783 1193 811 et
1208 785 1300 811 mox
1321 774 1426 818 ciuis,
1459 784 1500 813 et

131 830 274 870 nobilis
293 829 467 881 cognita,
497 826 605 866 datur
632 839 725 864 vxor
744 826 952 867 Chaereae.
1009 826 1196 866 Phaedria
1215 841 1310 866 vero
1331 840 1370 868 et
1389 830 1503 869 miles

130 886 282 933 riuales,
305 883 418 922 ambo
439 881 650 921 concordes
675 895 745 934 per
762 881 961 934 parafitum
979 882 1132 931 redditi,
1160 888 1356 923 communi
1378 887 1499 925 amica

129 941 214 981 {ine
239 940 449 980 certamine
479 941 687 990 potiuntur.
744 941 788 978 In
812 941 933 992 primo
960 939 1044 977 astu
1071 939 1259 979 Phaedria
1287 938 1502 981 exclususa

130 995 283 1038 Thaide
296 1028 305 1045 ,
337 1007 377 1034 et
400 993 523 1034 secum
542 995 680 1046 prium,
708 1005 747 1033 et
765 1008 854 1033 mox
881 1008 967 1033 cum
986 998 1231 1035 Parmenone
1248 998 1502 1048 conqueritur

129 1053 303 1095 fortunas
328 1049 428 1090 suas:
460 1063 498 1090 et
518 1051 565 1089 ad
585 1049 819 1102 postremum
843 1064 974 1090 coram
992 1049 1136 1090 accusat
1151 1051 1357 1092 Thaidem,
1408 1057 1504 1093 Rur-

129 1107 189 1149 sus
206 1108 467 1161 permulcetur
486 1106 533 1145 ab
553 1106 701 1154 eadem,
721 1119 759 1146 et
779 1107 974 1146 voluntate
984 1107 1221 1160 digi·edienS‚
1241 1121 1303 1147 rus
1319 1105 1396 1148 sese
1409 1122 1503 1148 con-

127 1162 317 1205 cessurum
336 1164 376 1202 in
398 1161 557 1214 spatium
573 1162 681 1201 bidui
700 1160 778 1201 ess'e
795 1163 995 1214 promittit.
1035 1164 1215 1202 Secundus
1238 1167 1350 1213 actus,
1371 1165 1503 1217 profe—

130 1222 301 1261 &ionem
321 1218 530 1259 Phaedriae
549 1218 740 1265 continet,
768 1218 984 1271 delegantis
1001 1217 1107 1258 seruo
1135 1219 1408 1260 deduffionem
1426 1225 1503 1261 Eu—

131 1276 255 1317 nuchi
285 1286 323 1313 et
340 1275 495 1326 puellae
512 1274 558 1313 ad
578 1273 793 1318 Tha-idem3
825 1285 902 1313 tum
928 1274 1128 1326 parafitum
1146 1277 1396 1327 loquentem,
1430 1290 1502 1328 per

132 1345 252 1383 quem
275 1331 386 1383 virgo
414 1345 435 1368 a
459 1331 582 1368 milite
605 1329 710 1367 dono
741 1330 886 1368 amicae
903 1328 1008 1369 miffa
1029 1330 1083 1368 est
1092 1345 1103 1377 3
1132 1342 1212 1370 tum
1231 1332 1504 1373 interuentum

134 1388 338 1430 Chaereae
357 1386 518 1424 amantis
539 1386 741 1438 virginem,
769 1383 1019 1436 eiusdemque
1044 1399 1131 1424 cum
1148 1390 1393 1426 Parmenone
1413 1403 1505 1427 con-

131 1444 255 1483 silium
277 1442 325 1481 de
344 1441 480 1480 eadem
498 1440 683 1492 potienda
702 1453 770 1489 per
792 1439 1000 1480 fallaciam:
1031 1442 1118 1492 quia
1139 1455 1208 1493 pro
1218 1442 1503 1494 Eunuchoipse

130 1497 361 1551 supponitur
377 1496 531 1536 Thaidi.
600 1498 746 1536 Tertius
765 1497 865 1535 acius
884 1496 1140 1536 characterem
1161 1499 1342 1549 exprimit
1368 1501 1502 1539 militis

134 1566 175 1595 et
193 1553 342 1606 pai-aliti
358 1566 427 1604 per
446 1552 652 1591 ridiculum
671 1552 930 1602 colloquium:
960 1564 1041 1591 tum
1061 1553 1335 1594 inuitationem
1351 1555 1398 1594 ad
1417 1569 1505 1595 coe-

133 1625 226 1650 nam
245 1608 423 1650 Thaidis:
456 1620 534 1646 tum
546 1608 782 1646 oblationem
803 1608 906 1646 velut
923 1607 1318 1649 EunuchiChaereae
1336 1621 1376 1648 et
1397 1611 1503 1662 puel-

132 1667 194 1705 lae
219 1678 268 1704 ex
287 1664 495 1715 Aethiopia
513 1677 582 1716 per
599 1667 884 1702 Parmenonem
903 1662 1057 1706 faCtam:
1089 1675 1170 1704 turn
1183 1665 1297 1704 verba
1310 1665 1504 1707 Chreme-

132 1723 248 1761 metis
262 1721 310 1759 ad
318 1725 354 1760 T
357 1719 510 1758 haidem
524 1720 725 1766 venientis,
740 1718 991 1770 pei-duffique
1004 1719 1049 1757 ad
1061 1720 1222 1759 militem
1236 1733 1244 1758 ε
1263 1722 1504 1772 Antiphouis

133 1777 418 1827 Chaereaeque
436 1776 671 1826 colloquium
692 1774 743 1813 de
762 1776 890 1813 vitiata
909 1774 1121 1826 pei-dolum
1139 1777 1299 1829 virgine.
1339 1782 1383 1816 In
1395 1792 1505 1831 quar-

131 1847 172 1873 to
192 1834 275 1871 astu
297 1833 435 1871 Dorias
453 1832 610 1870 nunciat
627 1831 796 1883 iurgium
815 1831 918 1870 inter
935 1831 1099 1870 militem
1120 1842 1160 1870 et
1176 1832 1391 1873 Thaidem:
1422 1846 1504 1874 tum

132 1889 301 1928 reditum
320 1886 438 1927 habet
457 1900 503 1925 ex
522 1887 609 1925 villa
629 1885 851 1935 Phaedriae,
872 1898 911 1926 et
931 1888 1129 1938 querelam
1150 1887 1311 1941 Pythiae
1331 1889 1380 1927 de
1398 1890 1505 1930 vitia·

134 1956 171 1984 ta
192 1946 340 1997 virgine
357 1943 460 1994 apud
480 1941 727 1983 phaedr-iamt
758 1953 799 1981 et
819 1942 993 1982 eundem
1010 1943 1229 1993 stupentem
1251 1945 1353 1995 quod
1375 1946 1504 1986 audie-

131 1999 215 2040 bat:
247 2013 415 2039 errorem
438 1999 536 2038 ebrii
554 1998 792 2039 Chremetis:
821 2011 860 2037 et
880 1998 995 2038 verba
1017 2001 1231 2051 petulantia
1250 2000 1410 2040 Thaidis
1436 2001 1503 2042 ad-

132 2053 282 2097 uersum
301 2056 476 2103 militem,
511 2065 550 2095 et
572 2056 704 2094 militis
722 2052 924 2094 aduersum
941 2054 1155 2095 Thaidem:
1189 2068 1318 2107 parata
1345 2059 1505 2109 praelia,

132 2112 374 2163 ridiculeque
398 2110 581 2162 deposita.
642 2110 804 2164 Qintus
828 2111 929 2150 acius
947 2109 1047 2150 haec
1075 2112 1269 2159 continet,
1301 2115 1504 2164 querelam

132 2168 292 2209 Thaidis
314 2168 365 2206 de
388 2167 515 2207 vitiata
539 2167 704 2220 virgine,
726 2167 851 2218 primo
872 2180 956 2205 cum
977 2165 1137 2219 Pythia,
1166 2167 1295 2219 postea
1316 2182 1403 2208 cum
1422 2168 1502 2222 ipso

132 2223 329 2266 Chaerea:
360 2234 442 2263 tum
461 2224 723 2263 iuter-uentum
742 2221 960 2263 Chremetis
977 2233 1094 2273 atque
1112 2225 1287 2263 nutricis:
1319 2235 1399 2263 tum
1418 2240 1504 2278 per-

134 2278 392 2319 turbationem
423 2280 673 2319 Parmenonis
691 2292 760 2331 per
778 2279 912 2317 dolum
930 2276 1114 2331 Pythiae;
1144 2291 1262 2330 atque
1288 2281 1368 2319 eius
1398 2283 1505 2322 indi-

136 2337 197 2374 cio
218 2350 284 2386 per
305 2333 456 2385 senem,
486 2336 551 2386 qui
581 2349 668 2376 rure
693 2347 784 2374 tunc
802 2335 1029 2383 aduenerat,
1057 2334 1297 2375 confirmatas
1327 2339 1503 2389 nuptias:

136 2389 256 2485 ethad
288 2391 463 2434 vltimum
488 2391 660 2434 reditum
698 2392 745 2432 in
778 2393 941 2446 gratiam
974 2390 1105 2433 militis
1135 2404 1227 2433 cum
1251 2391 1436 2434 Phaedria
1463 2405 1504 2436 et

137 2447 173 2489 C
188 2488 190 2490 ,
203 2458 326 2487 aerea.

800 2677 834 2729 [R
863 2684 892 2716 2
1324 2674 1503 2719 FABv.
