1815 3168
364 154 515 185 Lvnl

545 262 601 314 L.
668 262 1137 316 VICTORIS
1203 267 1538 323 FAVSTI

797 358 879 397 DE
927 355 1273 398 COMOEDIA

892 438 1182 467 L113ELLvs.

519 557 598 598 Sim
621 557 743 597 breuis
763 553 875 610 vfiJue
892 557 977 596 licet
996 570 1157 597 veterum
1176 558 1222 597 de
1241 572 1341 598 more
1362 559 1515 612 libelius,

580 616 718 665 Meque
735 613 854 664 suum
877 613 1072 668 qug'fqtmm
1091 627 1246 667 nequeat
1269 616 1441 668 asseram

517 669 597 710 Nec
617 671 741 708 triuit's
766 670 917 724 volgata
932 671 1072 721 fi’ram,
1093 672 1304 724 decerptaue
1316 671 1456 726 paffim,

578 726 657 764 Nec
675 727 830 778 proinde
851 727 946 765 elata
954 726 1090 777 fronte
1100 725 1283 779 fitperbus
1307 741 1408 766 eam.-

513 783 687 823 Attamen
705 783 887 836 egregium
906 782 1005 822 nihil
1020 783 1189 835 vndique,
1210 797 1243 821 et
1260 784 1418 836 vndique
1435 783 1567 838 tetfitm
1586 786 1646 839 est.

570 839 673 878 Nam
691 839 790 892 quod
806 839 968 885 miraris,
994 839 1094 879 ridet
1113 839 1154 878 id
1168 840 1269 879 alter
1285 852 1384 893 opus.

341 969 579 1064 Editur-us
611 983 687 1023 ego
720 969 901 1009 libellum
929 969 981 1009 de
1019 971 1160 1022 triplici
1192 971 1496 1014 Comoediarum
1527 970 1711 1022 sefflone,

459 1023 749 1066 Triuisanorum
781 1026 918 1075 decus,
950 1025 1131 1075 Δηὼ-θη,
1165 1027 1256 1075 tibi,
1286 1042 1508 1080 quanquam
1536 1042 1711 1081 praetex-

341 1092 439 1127 tato,
471 1096 610 1121 munus
639 1083 770 1121 dicare
797 1083 967 1122 decreui.
1026 1087 1116 1123 Non
1146 1083 1330 1135 equidem
1361 1084 1616 1125 admiratione
1642 1085 1712 1124 bo.

340 1150 480 1177 norum
501 1139 669 1189 corporis
687 1150 753 1177 aut
772 1137 975 1185 fortunae,
1006 1152 1081 1190 qua
1110 1141 1249 1178 merito
1269 1142 1447 1180 Venetiis
1475 1152 1516 1180 et
1541 1142 1580 1181 in
1610 1141 1710 1181 ade·

339 1195 548 1233 excellenti
569 1194 715 1233 familia
734 1207 1029 1234 veneraremur:
1057 1192 1120 1233 sed
1140 1196 1325 1247 quoniam
1346 1197 1509 1249 ingenio
1529 1208 1567 1235 te
1584 1197 1710 1250 fingu-

338 1250 410 1288 lari
428 1248 714 1289 adolescentem
739 1252 868 1289 multis
890 1250 1119 1300 iampridem
1139 1251 1292 1290 indiciis
1313 1250 1393 1303 ipse
1428 1266 1707 1306 cognoueram.

337 1307 498 1346 Etenim
521 1319 631 1353 vere,
664 1306 769 1356 quod
798 1306 848 1344 de
875 1304 912 1346 se
930 1307 1091 1345 iactabat
1111 1310 1407 1360 HermogeneS,
1437 1319 1606 1347 aetatem
1633 1310 1709 1347 vir-

322 1361 503 1413 tutibus,
536 1361 639 1399 haud
658 1360 794 1400 indole
826 1362 1073 1412 praeuenisti.
1131 1364 1325 1411 Quocirca
1351 1363 1502 1402 nemini
1532 1363 1711 1403 videatur-

337 1418 531 1464 alienum,
563 1417 587 1455 sl
617 1416 722 1467 quod
749 1415 797 1454 ab
823 1418 992 1469 ingenio
1013 1415 1284 1468 proficiscitur,
1316 1419 1482 1471 ingenio
1500 1418 1706 1471 praestanti

335 1470 624 1512 adolescentulo
645 1484 906 1521 nuncupatur.
964 1474 1173 1514 Caeterum
1192 1472 1356 1516 arbitror
1373 1473 1437 1514 ine
1454 1477 1569 1524 meis,
1597 1487 1706 1528 quot÷

335 1540 432 1581 quot
467 1538 684 1580 potuerunt
718 1528 893 1576 intendi,
932 1528 1076 1568 viribus
1103 1527 1416 1580 consecuturum,
1457 1543 1511 1574 ne
1540 1533 1704 1583 amplius

334 1584 430 1637 quid
458 1596 608 1624 nouum
637 1593 700 1622 aut
732 1594 862 1633 vetus,
892 1584 1038 1635 quidue
1062 1587 1253 1634 medium,
1269 1588 1323 1625 'et
1341 1588 1467 1626 curin
1487 1587 1704 1628 Comoedia

333 1642 502 1688 dicatur,
535 1639 630 1678 vllus
649 1639 815 1690 ignoret.
874 1640 995 1690 Quod
1016 1639 1201 1685 haftenus,
1229 1643 1288 1680 vel
1306 1640 1482 1683 omissum
1501 1658 1522 1682 a
1542 1645 1700 1692 Latinis,

332 1698 397 1738 vel
416 1696 601 1735 abolitum
622 1694 805 1734 vetustate
826 1692 952 1735 secula
973 1695 1099 1736 nostra
1127 1697 1400 1737 desiderarunt.
1461 1701 1588 1739 Multa
1615 1701 1703 1751 qui-

335 1753 428 1792 dem
448 1751 611 1804 egregie
631 1752 828 1799 Donatus,
861 1752 981 1790 multa
1001 1752 1234 1800 Diomedes,
1265 1764 1304 1792 et
1329 1753 1427 1792 adeo
1447 1754 1561 1794 bonis
1585 1755 1704 1808 auspi·

333 1810 403 1848 ciis
424 1808 690 1860 protulerunt,
726 1818 764 1845 vt
785 1819 831 1846 ea
848 1808 1101 1847 Grammatici
1122 1810 1251 1860 passirn
1272 1811 1312 1848 in
1334 1807 1396 1848 sua
1414 1809 1703 1855 transfer-ibant:

333 1863 402 1906 sed
431 1864 561 1903 tamen
597 1862 674 1901 huc
698 1862 763 1901 illa
790 1866 925 1913 parom
963 1863 1169 1911 videntur,
1204 1866 1325 1904 immo
1362 1864 1461 1904 nihil
1488 1869 1698 1918 pertinere.

333 1920 542 1972 Quaedam
562 1919 681 1971 igitur
700 1933 722 1957 a
741 1919 896 1958 Graecis
914 1919 1131 1959 auem-ibus
1162 1931 1201 1959 et
1220 1921 1364 1961 Latinis
1399 1920 1701 1976 haudquaquam

331 1976 563 2018 naminatim
585 1975 819 2025 pertra&ata‚
838 1987 971 2014 verum
995 1976 1120 2015 obiter
1139 1974 1294 2016 diss'erta
1313 1978 1560 2032 collegimus:
1583 1994 1700 2031 quae·

332 2034 423 2072 dam
440 2030 506 2084 ipli
529 2031 675 2069 collatis
694 2031 798 2070 inter
825 2027 864 2069 se
887 2030 1017 2071 multis
1041 2033 1252 2081 elicienda,
1283 2047 1327 2073 ac
1354 2032 1529 2078 breuiter
1555 2037 1699 2075 curaui·

331 2102 419 2129 mus
437 2085 683 2133 annotanda,
717 2090 816 2137 ‘quae
839 2086 908 2126 tibi
931 2101 1054 2140 pauca
1072 2102 1208 2139 paruus
1227 2103 1305 2142 ego
1333 2090 1497 2137 deuoui,
1529 2092 1698 2143 perinde

331 2157 451 2197 atque
489 2140 592 2182 suam
622 2143 862 2196 Virgilianus
888 2144 957 2183 ille
984 2145 1266 2187 Micondianae
1292 2147 1570 2187 Venationem.
1631 2151 1698 2188 Fa-

330 2211 458 2242 temur
485 2200 589 2239 enim
616 2210 655 2237 et
682 2210 818 2238 eorum
850 2213 951 2251 quae
976 2213 1048 2239 nos
1073 2201 1239 2240 minime
1257 2203 1550 2254 praeterierint,
1578 2201 1697 2243 subti-

330 2254 449 2296 euiffe
480 2255 689 2306 complura.
742 2258 823 2295 lam
848 2256 980 2307 itaque
1010 2257 1180 2297 nostram
1213 2256 1396 2297 haetenus
1418 2259 1625 2312 obligatam
1652 2260 1698 2300 fi-

329 2313 422 2353 dem
439 2309 687 2351 absoluamus.
743 2312 985 2352 comoediae
1011 2326 1159 2353 nomen
1189 2328 1211 2352 a
1226 2316 1433 2354 Daemone
1456 2317 1584 2357 Como
1608 2318 1697 2356 reli·

329 2366 438 2423 giose
457 2366 667 2406 admodum
686 2366 914 2407 arbitramur
931 2365 1010 2408 esse
1030 2368 1236 2409 dedueum
1249 2398 1259 2415 ,
1289 2371 1475 2421 quoniam
1493 2382 1533 2410 et
1551 2371 1696 2413 cornes-

328 2425 400 2466 sari
430 2423 480 2463 de
509 2423 671 2461 nomine
691 2423 832 2462 dietum
853 2423 1098 2466 Philostratus
1115 2425 1297 2473 affirmat,
1327 2425 1429 2468 cuius
1456 2424 1597 2467 scilicet
1623 2443 1695 2469 nu-

328 2482 445 2522 miniS
473 2479 704 2518 dexteritate
733 2479 931 2531 quaelibet
961 2480 1186 2520 hominibus
1225 2480 1345 2521 fausta
1379 2480 1597 2522 comess'atio
1630 2484 1694 2524 da-

328 2549 444 2577 retur.
505 2535 612 2584 Qu1d
631 2546 760 2574 autem
784 2534 827 2574 fit
854 2534 1073 2584 comeffari,
1100 2535 1345 2578 Philostratus
1371 2540 1544 2592 imagine
1575 2541 1692 2582 Comi

328 2593 481 2635 facilius
505 2589 596 2641 tibi,
628 2604 744 2643 quam
763 2604 839 2646 ego
858 2593 1013 2646 possim,
1043 2592 1322 2634 demonstrabit
1331 2625 1341 2644 ,
1372 2594 1436 2634 vbi
1461 2594 1574 2650 fingit
1600 2609 1691 2637 eum

389 2666 392 2669 ·
519 2663 523 2667 ·
1618 2651 1694 2693 fer-
