1815 3168
520 116 1055 178 ,HEAVTONTIM

1369 121 1466 178 687

233 251 382 303 Quam
401 245 473 291 hic
493 260 572 308 per
594 243 808 304 flagitium
829 243 880 289 ad
893 245 1089 308 inopiam
1101 244 1269 306 redigat
1279 255 1464 310 patrem.

231 325 355 371 Nam
377 319 405 366 si
430 319 492 365 illi
516 336 657 383 pergo
679 319 954 383 suppeditare
977 319 1202 372 sumtibus,

230 395 511 448 Menedeme,
530 395 640 440 mihi
660 394 780 440 illaec
799 411 903 441 vero
926 394 978 439 ad
998 392 1152 439 rastros
1175 411 1244 440 res
1269 397 1396 444 redit.

232 470 287 521 M
300 485 343 518 E.
381 474 507 524 Quot
527 467 902 519 incommbditates
925 470 972 518 in
992 468 1072 517 hac
1091 485 1140 517 re
1164 473 1360 536 accipies,
1381 472 1462 521 nisi

329 561 456 593 caues
469 540 484 598 Ξ

153 767 233 810 Alii
250 765 360 807 codd.
379 779 450 819 pro
474 750 590 813 multo
607 764 756 806 habent

93 836 234 921 figuris,
258 822 365 920 ngd
382 819 681 875 praeferendum
701 823 754 862 vi·

156 995 210 1045 56
230 988 448 1045 Flagitium]
468 989 642 1032 Facinus.
672 986 756 1029 Fla-

96 1048 236 1104 gitium
272 1060 381 1086 more
408 1046 564 1084 militari
599 1046 751 1094 dicitur,

93 1116 158 1144 :res
159 1100 216 1154 fla
216 1105 409 1158 gitatione,
422 1101 495 1140 hoc
507 1102 570 1150 est,
581 1103 755 1153 increpa·

97 1161 210 1199 tione
247 1159 376 1211 digna.
447 1159 543 1197 Nam
574 1155 753 1212 flagitare

97 1215 154 1255 est
171 1212 394 1267 personare,
425 1213 518 1253 inde
530 1210 684 1264 flamma
713 1224 754 1252 et

92 1269 250 1327 flagella,
278 1269 383 1322 quod
404 1269 501 1308 haec
518 1283 600 1308 non
619 1269 692 1309 sint
711 1268 754 1308 fi-

97 1341 152 1368 ne
167 1325 293 1366 sonitu
313 1336 353 1365 et
371 1326 528 1377 crepitu,
586 1327 634 1367 C.

150 1383 273 1435 Quam
320 1381 378 1421 hic
417 1393 489 1434 per
529 1379 752 1438 flagitium]

96 1438 255 1480 Gloffar.
275 1439 479 1493 flagitium
494 1438 666 1488 ἂτόπημα,
685 1444 755 1484 βία.

95 1496 263 1550 figmine,
297 1501 364 1542 βία.
402 1495 584 1535 nimirum
611 1505 651 1534 vt
673 1499 754 1539 βιά-

93 1554 218 1601 ζεσθαι
235 1551 284 1589 ἐπ’
304 1554 433 1597 ἀισχςιὲ
442 1564 453 1597 3
477 1564 555 1602 quo
565 1549 751 1604 fignifica—

95 1619 139 1648 tu
168 1608 233 1649 hic
263 1605 456 1661 flagitium
481 1607 649 1660 intelligi
671 1616 753 1659 pot-

97 1665 164 1707 est.
205 1665 304 1705 Inde
313 1662 519 1718 flagitare.v
538 1664 650 1714 Apul.
664 1665 752 1703 Me-

96 1732 187 1764 tam.
207 1734 268 1768 nc,
297 1721 492 1761 Nudatum
516 1718 751 1771 fitpinatum-

96 1791 166 1832 que
193 1779 232 1816 in
250 1790 412 1816 ventrem
431 1775 646 1814 execrandis
666 1788 752 1813 vre-

95 1832 246 1874 dinibus
257 1830 496 1887 flagitabant.
535 1833 636 1872 Cato
648 1828 751 1882 apud

95 1887 518 1937 Festum,1ntercutibus
527 1886 669 1939 stupris
678 1883 752 1936 fla·

90 1950 242 2001 gnatus,
255 1956 292 1984 et
293 1943 473 2000 flagitato
480 1957 545 1985 res.
566 1944 750 1992 Calpurn.

95 2002 271 2045 Declam.
307 2013 371 2042 20.
417 1999 579 2051 improbi
597 1996 753 2053 flagita-

96 2072 218 2104 tores,
246 2060 307 2110 qui
326 2057 544 2096 detrimenta
562 2057 750 2109 pueritiae

87 2113 179 2169 fitne
191 2126 316 2153 mutuo
325 2114 492 2152 dedecore
502 2111 750 2164 compenstmt.

96 2174 144 2211 Et
162 2169 386 2224 Flagitiofits
413 2171 529 2209 coitus
556 2167 658 2220 apud
677 2167 751 2207 Fir-

98 2228 256 2266 micum.
287 2225 463 2277 quamuis
482 2224 577 2263 haec
594 2224 643 2262 de
653 2236 750 2275 pue·

93 2295 228 2322 rorum
249 2281 440 2321 amoribus
468 2281 604 2320 refflus
623 2279 751 2319 dican—

94 2349 168 2380 tur.
225 2340 265 2378 L.

156 2394 283 2446 57'81'
304 2393 478 2449 pergam]
509 2393 749 2444 Perleuerem.

99 2451 189 2490 alias
218 2460 371 2503 pergere
402 2448 456 2488 est
492 2450 560 2489 ire.
633 2447 751 2491 Multi

98 2506 271 2548 Codices
293 2505 632 2556 habentfitmtibus‚
647 2502 752 2556 quod

99 2576 181 2602 non
197 2561 357 2601 multum
380 2562 518 2613 placet,
544 2560 614 2600 nifi
631 2560 681 2599 fic
698 2560 753 2599 di-

100 2632 182 2659 cas:
210 2619 250 2660 Si
268 2629 421 2674 pergam
433 2616 673 2673 fitppedimre
698 2613 754 2658 illi

1381 625 1460 674 ‚60

793 763 891 819 filio,
915 766 941 807 i.
963 778 996 807 e.
1015 763 1222 815 inseruire,
1251 765 1462 820 indulgere

801 825 858 864 illi
875 821 1057 863 sumtibus
1077 823 1226 863 dandis.
1267 823 1342 862 Vel
1358 824 1462 874 sum—

801 881 910 929 tibus,
927 879 953 919 i.
973 892 1007 918 e.
1029 892 1098 931 per
1115 878 1264 919 sumtuS.
1324 879 1368 919 C.

807 942 811 946 “
856 939 945 977 Duo
968 936 1070 975 recle
1089 949 1158 988 pro
1176 934 1232 973 illi
1251 933 1399 974 habent
1420 936 1463 974 il-

801 992 886 1033 lius.
947 992 1010 1033 Sic
1035 994 1107 1031 eius
1120 991 1289 1043 fhmzus,
1315 1004 1393 1043 111,
1424 1003 1461 1040 1,

801 1062 906 1159 4458
942 1103 1034 1144 Vere
1043 1102 1092 1142 ad
1106 1101 1258 1154 rastros]
1277 1102 1391 1154 Quafi
1403 1102 1460 1142 di-

803 1171 881 1210 cat,
910 1160 956 1200 Id
981 1160 1082 1212 quod
1099 1171 1149 1203 ,tu
1167 1159 1381 1198 Menedeme
1401 1159 1463 1198 ab·

790 1217 920 1268 fintia
944 1215 1022 1267 filii
1047 1212 1257 1260 exercebas,
1288 1214 1362 1253 hoc
1393 1215 1459 1264 est,

803 1287 878 1312 rem
893 1271 1085 1323 rusticam,
1112 1271 1156 1310 id
1172 1284 1234 1325 ego
1254 1272 1378 1325 inopia
1389 1271 1460 1323 fa-

804 1342 881 1368 cere
904 1341 1027 1383 cogar.
1112 1327 1134 1370 “.

856 1384 920 1424 Ad
970 1381 1109 1438 rastros
1164 1380 1246 1430 res]
1291 1382 1355 1423 Ad
1403 1397 1459 1426 ra,-

802 1440 894 1480 stros
914 1437 995 1479 sum
1012 1452 1094 1478 non
1113 1437 1260 1487 dolore,
1288 1437 1353 1479 sed
1372 1452 1461 1490 pau·
1502 1442 1504 1445 ’

802 1507 952 1548 pei-tate
970 1495 1172 1535 rediturus.
1225 1498 1268 1534 E.

855 1554 960 1594 Cum
989 1566 1046 1591 res
1074 1552 1174 1590 redit
1193 1548 1366 1591 absolute
1383 1550 1459 1591 dici

802 1606 942 1657 soleat,
980 1621 1050 1659 pro
1086 1606 1186 1645 illaec
1220 1604 1342 1646 scribe
1375 1606 1458 1657 illic,

803 1665 908 1716 quod
937 1666 978 1703 in
1009 1662 1094 1703 cod.
1121 1663 1246 1715 Regio
1283 1677 1305 1702 a
1335 1665 1460 1714 prima

800 1732 919 1759 manu
936 1718 1018 1760 fuit.
1075 1719 1183 1759 Dein
1211 1731 1281 1768 pro
1310 1731 1399 1758 vero
1420 1732 1461 1758 ε)-

799 1789 911 1817 mnes
932 1775 1185 1822 110st1·i1·e&e‚
1214 1788 1310 1813 vere.
1364 1776 1406 1814 Β.

858 1844 920 1885 59¹
955 1833 1063 1888 ιριίοτ
1108 1829 1460 1885 incommoditates]

800 1890 897 1929 Satis
927 1887 1075 1927 comice
1105 1886 1221 1925 dixit:
1265 1900 1355 1926 nam
1384 1885 1460 1925 hoc

802 1957 970 1993 nomen,
1001 1944 1092 1982 leue
1114 1941 1299 1994 quiddam
1316 1941 1462 1995 fignifi-

803 2010 880 2039 cat:
907 2009 948 2040 vt
971 1999 1014 2038 in
1031 1998 1244 2047 Eunucho,
1278 1999 1393 2045 Immo
1427 2012 1461 2037 e-

798 2059 875 2096 nim
901 2069 988 2095 vero
1017 2055 1225 2108 infeliciter.
1282 2055 1384 2094 Nam
1404 2057 1460 2093 in·

800 2113 993 2152 commoda
1037 2112 1113 2150 alia
1153 2108 1255 2160 fient
1293 2111 1460 2160 dicenda,

799 2169 993 2209 Parmeno.
1053 2166 1200 2218 Capies]
1245 2166 1352 2205 Alibi
1390 2169 1461 2206 ini-

799 2227 960 2264 micitias
981 2235 1150 2275 caperem.
1208 2222 1345 2274 Capere
1374 2236 1462 2274 pro-

800 2283 885 2334 prie
904 2280 1084 2327 dicimus,
1115 2291 1204 2317 cum
1230 2278 1270 2316 id
1293 2278 1398 2330 quod
1416 2279 1461 2318 in

800 2336 915 2377 nobis
953 2331 1287 2382 est‚1affumimus.
1342 2334 1461 2375 Vnde

800 2406 924 2446 capere
949 2404 1020 2444 pro
1051 2391 1198 2443 eligere
1215 2391 1382 2441 ponitur.
1414 2393 1462 2433 C.

852 2449 959 2503 Qgcot
977 2448 1307 2496 incommoditates]
1336 2443 1406 2487 Ms.
1419 2449 1459 2486 R.

803 2516 842 2545 et
863 2509 910 2545 V.
931 2506 977 2546 C.
1011 2502 1119 2554 Quot
1138 2504 1368 2542 incommoda
1388 2501 1461 2541 tihi

802 2564 843 2602 in
863 2562 932 2600 hac
950 2574 990 2600 re
1014 2563 1139 2612 capies.
1196 2562 1235 2598 L.

857 2620 912 2663 Vt
921 2627 1044 2662 mette
1057 2611 1282 2667 consulatur,
1296 2627 1458 2665 repone,

1345 2670 1462 2726 Qod
