1815 3168
335 141 429 192 208

723 134 887 181 Ae‘r,
923 132 996 177 lv.
1034 130 1234 178 SCEN.
1268 132 1322 177 V.

466 259 741 312 Mendicum.
764 270 873 312 tum,
895 259 1027 323 ipsam
1052 256 1286 322 despoliare
1309 257 1531 310 nonlicet,

467 339 524 389 M
540 352 590 390 Y.
619 341 817 401 Optume
827 334 996 399 hospes,
1019 333 1110 397 pol,
1126 334 1261 385 Crito,
1275 334 1503 396 antiquum
1520 330 1704 384 obtines,

467 411 573 462 CR.
614 417 714 459 Duc
736 428 806 456 me
826 409 877 456 ad
900 425 1016 455 eam:

1056 406 1232 471 quando
1258 408 1345 454 huc
1368 410 1492 461 veni,
1521 418 1567 455 vt
1588 406 1702 455 vide-

568 506 653 534 am.
691 486 804 534 MY.
843 501 1058 536 maxume,

468 562 517 613 D
536 578 567 609 A
584 576 635 608 v.
673 566 836 624 Sequar
857 560 964 608 hos:
997 558 1105 608 nolo
1134 574 1208 606 me
1241 559 1287 608 in
1310 567 1509 624 tempore
1528 557 1614 605 hoc
1646 560 1704 606 vi-

570 637 667 691 deat
686 637 827 686 senex.

341 1004 434 1044 lites.
465 993 630 1050 Respicit
647 992 794 1035 versum
816 994 897 1045 ις).
935 992 1001 1044 sy.

340 1056 575 1110 cophantam]
624 1055 752 1099 Bene,
787 1048 1001 1101 fflcophan-

339 1127 439 1155 tam:
471 1111 561 1162 quia
592 1107 738 1146 bonam
765 1103 912 1144 causam
937 1103 1003 1144 ha-

340 1170 430 1218 bet,
460 1165 562 1206 nihil
588 1162 692 1203 aliud
719 1163 859 1201 timens
886 1174 1002 1213 quarn

340 1223 533 1265 conui'cia.
572 1224 623 1261 Et
637 1217 909 1271 sycophantam
922 1215 1003 1256 sub·

341 1281 558 1332 distingue:
587 1286 628 1314 et
641 1275 694 1314 fic
713 1273 813 1314 infer
840 1271 1003 1326 sequen-

341 1338 409 1379 tia.
464 1337 512 1375 D.

400 1390 529 1433 Codd.
557 1400 713 1435 omnes,
749 1386 1000 1435 hereditatem,

341 1447 393 1490 fc.
436 1447 535 1487 hanc
574 1443 782 1497 Chryfidis.
843 1442 1001 1483 Melius.

341 1508 555 1547 Caeterum
572 1513 661 1540 curn
677 1499 833 1538 Donato
850 1498 932 1551 post
940 1498 1004 1550 βι-

342 1561 562 1615 cophamam
637 1554 1004 1610 interpungendum

340 1629 452 1675 puto.
508 1617 549 1655 Β.

402 1686 453 1715 21
481 1672 576 1710 Tum
592 1667 710 1723 fpfizm
720 1667 799 1720 desp
805 1666 919 1706 oliare
929 1680 1003 1706 non

344 1731 445 1781 licet]
477 1726 594 1779 (forte
611 1739 633 1764 a
650 1737 768 1763 manu
777 1724 924 1765 Donati
937 1723 1002 1772 est,

345 1786 444 1826 lubet
466 1787 533 1836 Z.)
577 1781 640 1821 Ab
674 1779 849 1820 honesto.
879 1790 919 1818 et
939 1778 1005 1818 be·

344 1855 411 1891 ne,
433 1841 522 1892 quia
539 1836 639 1877 nihil
657 1834 767 1875 suum
785 1835 915 1885 habet,
934 1833 1005 1875 nifi

346 1894 558 1941 ChrvfidiS.
613 1896 662 1933 D.
869 1893 872 1895 ’

398 1943 525 1994 C'odd.
537 1949 614 1989 duo
625 1947 905 2000 perantiqui‚et
918 1946 1006 1985 toti-

346 2010 440 2050 dem
452 2005 554 2059 apud
565 2005 721 2044 Riuium
732 2002 881 2042 habent
891 2001 1004 2042 lubet:

343 2064 450 2118 quod
477 2058 642 2115 persona
666 2059 838 2100 Critonis
866 2057 920 2098 est
948 2057 1006 2097 cli-

346 2123 476 2176 gnius.
535 2120 578 2156 B.

400 2173 633 2217 Mendieum
653 2181 694 2210 et
717 2169 1005 2223 Sycophantam

345 2233 454 2274 idem
473 2230 623 2278 valere,
656 2237 813 2281 patete
835 2229 1006 2266 Menan-

346 2289 407 2329 dri
423 2289 558 2335 Γεωργῷ
578 2298 640 2337 ap.
652 2283 849 2325 &lob-Tit.
860 2284 925 2336 96.
945 2282 1008 2322 Εὐ-

344 2339 603 2391 καταφςᾶνητόν
629 2345 697 2387 ἐςι,
724 2346 874 2388 semdae,
900 2344 1007 2387 πένης,

347 2399 415 2450 Κᾷν
425 2407 509 2439 πάνυ
518 2406 600 2445 λέγῃ
609 2398 814 2442 δίκαια,τέτο
822 2395 892 2443 7028
901 2401 1009 2441 λέγειν

346 2457 453 2500 Ε’νεκοι
470 2455 554 2503 μὸνε
581 2454 749 2500 ναμίζεσ9’
776 2448 854 2494 ἔτος
882 2453 927 2492 τέ
955 2464 1014 2489 Λα-

346 2519 439 2562 fletu,
470 2521 533 2552 Καὶ
563 2514 771 2554 Συκοφάντης
806 2506 942 2549 εὐθῦςὸ
970 2506 1012 2545 ro*

346 2567 514 2617 rqafiw'vm
540 2563 642 2612 Ε”χων
660 2570 836 2613 καλεῖται,
863 2561 922 2614 κᾷν
942 2567 1009 2604 ἄδι.

347 2623 485 2673 κείμενος
510 2621 614 2673 τύχῃ.
669 2623 734 2661 W.

1442 779 1703 835 ACTVS

1105 1005 1161 1034 22
1197 993 1407 1046 Antiquum
1434 989 1592 1042 obtines]
1631 993 1708 1032 An-

1051 1050 1195 1100 tiquam
1222 1046 1394 1087 absolute
1420 1047 1546 1096 dixit„
1583 1058 1622 1087 vt
1649 1062 1708 1087 ae-

1051 1117 1164 1157 quum
1182 1114 1246 1142 aut
1267 1103 1410 1150 bonum,
1433 1103 1540 1153 quod
1553 1105 1707 1156 antiqui

1050 1159 1245 1200 solebant:
1275 1168 1339 1198 aut
1370 1168 1474 1197 certe
1506 1171 1578 1210 per
1611 1157 1709 1197 ἔλλει-

1049 1222 1122 1265 ψιν,
1160 1214 1201 1255 id
1229 1214 1302 1264 est,
1339 1226 1493 1254 morem
1521 1225 1562 1254 et
1597 1215 1712 1269 inge-

1050 1274 1170 1312 nium.
1229 1271 1281 1311 D.

1109 1328 1266 1380 Perp0l‚
1312 1329 1505 1382 antiquum
1545 1325 1707 1381 obtines]

1052 1385 1210 1426 Scilicet
1239 1396 1389 1422 morem
1399 1397 1410 1429 3
1447 1383 1489 1422 id
1516 1382 1603 1432 est‚·
1627 1382 1710 1422 fine

1051 1441 1173 1481 dubio
1193 1439 1242 1480 fic
1259 1440 1442 1491 loqueris,
1462 1439 1713 1491 quemadmo-

1052 1498 1147 1537 dum
1158 1496 1404 1547 antiquorum
1413 1495 1618 1534 hominum
1629 1509 1712 1534 mo-

1051 1566 1112 1594 res
1139 1550 1238 1593 sunt.
1295 1551 1368 1591 Pol
1391 1562 1538 1598 autem,
1571 1552 1711 1590 iuratio

1052 1610 1106 1649 est
1131 1622 1201 1662 per
1227 1608 1426 1648 Pollucem
1443 1638 1454 1657 ‚
1503 1607 1713 1659 quomodo,

1051 1666 1195 1712 Hercle,
1216 1663 1396 1715 Aecastor.
1453 1666 1497 1704 E.

1106 1724 1197 1763 Duo
1237 1733 1262 1760 e
1299 1719 1454 1770 nostris,
1492 1719 1527 1760 Ο
1553 1731 1714 1774 optume.

1052 1778 1180 1821 Reue.
1234 1779 1274 1816 Β,

1106 1847 1160 1887 23
1199 1832 1286 1873 Duc
1310 1846 1366 1872 me
1382 1832 1434 1872 ad
1450 1845 1537 1881 eam,
1564 1832 1713 1885 quando

1054 1890 1127 1930 huc
1145 1891 1251 1935 veni,
1281 1901 1324 1927 vt
1341 1888 1504 1942 videam]
1543 1888 1619 1926 Vel
1638 1886 1714 1927 hoe

1055 1945 1195 1996 inquit,
1221 1955 1259 1983 vt
1277 1943 1440 1984 videam.
1459 1954 1663 1983 curantem
1674 1954 1715 1983 vt

1055 2001 1235 2043 videam?
1276 2000 1366 2050 quia
1400 2000 1519 2039 timet.
1573 2002 1622 2040 Et
1659 1999 1714 2039 est

1057 2055 1170 2105 ordo,
1197 2056 1284 2095 Duc
1301 2069 1355 2094 me
1374 2055 1422 2094 ad
1441 2069 1526 2105 eam,
1551 2068 1593 2095 vt
1612 2056 1714 2095 vide-

1054 2127 1128 2163 am,
1149 2112 1296 2167 quando
1319 2110 1387 2151 huc
1407 2113 1503 2152 veni.
1557 2115 1609 2154 D.

1081 2238 1163 2280 *24
1193 2225 1327 2265 Videat
1352 2222 1490 2277 senex]
1527 2226 1636 2263 Bene
1654 2223 1714 2274 J}-

1057 2295 1141 2322 nex.
1196 2283 1303 2322 Simo
1341 2280 1451 2318 enim
1477 2293 1564 2318 cum
1592 2278 1714 2321 Chre-

1057 2349 1164 2378 mete
1186 2337 1251 2377 est.
1305 2339 1464 2385 Propter
1488 2334 1563 2374 hoc
1591 2335 1713 2375 videri

1059 2408 1141 2433 non
1162 2394 1255 2442 vult,
1287 2405 1339 2430 ne
1358 2392 1440 2430 eius
1461 2401 1584 2430 vtatur
1608 2391 1714 2442 apud

1058 2450 1232 2489 socerum
1251 2447 1480 2486 -testirnonio
1492 2478 1501 2496 ‚
1534 2460 1616 2486 rem
1637 2444 1715 2487 esse

1055 2505 1260 2557 Pamphilo
1280 2501 1456 2543 aduersus
1468 2503 1711 2555 Glycerium:

1058 2572 1097 2602 et
1136 2558 1260 2601 rursus
1298 2559 1460 2613 nuptiae
1484 2557 1714 2602 confirmen-

1059 2628 1129 2660 tur.
1185 2619 1234 2660 D.
