1815 3168
649 192 943 237 ANDRIA.

1379 201 1472 252 203

246 323 309 368 Vt
328 319 412 367 fert
432 328 597 371 natura,
622 318 762 371 facias,
784 333 837 364 an
861 317 914 363 de
938 312 1179 365 industria?

195 465 504 517 ACTVS
569 462 923 536 QVARTI
982 463 1282 515 SCENA
1338 465 1403 516 V.

389 554 902 597 cR1T0.MYsls.
951 552 1206 592 DAVVS.

246 683 289 797 l

110 942 205 984 haec
224 941 412 985 sententia
431 959 453 985 a
471 946 661 987 TerentiO
691 945 772 993 ἔξω.

110 1004 300 1046 τημκτικῶς
320 1003 466 1052 prolata
477 1001 542 1051 est,
562 1016 677 1054 quam
687 1005 770 1043 Me-

110 1056 264 1095 nander
284 1058 507 1101 ἐπιδεικτικῶς
530 1057 664 1109 posuit.
691 1062 741 1099 D.

169 1113 330 1152 Paulum
355 1113 382 1152 fi
415 1127 502 1154 cum
522 1118 680 1154 Donato
702 1127 772 1164 per

447 766 581 816 fidem
597 786 606 813 :

109 1168 267 1210 multum
297 1171 490 1222 explicas,
528 1168 658 1210 sensus
696 1171 772 1209 loci

44 1243 46 1246 ·
112 1224 272 1275 quidem
298 1229 456 1277 patitur,
485 1223 551 1265 sed
580 1236 774 1280 repugnat

112 1278 197 1319 vsus
218 1281 419 1332 loquendi.
454 1283 684 1335 Legendum
695 1280 774 1322 esse

117 1335 316 1377 censemus
336 1338 485 1383 fidum,
514 1339 618 1390 quod
638 1338 692 1378 est
707 1341 778 1378 Lu-

121 1403 213 1431 cret.
237 1406 306 1440 111,
328 1399 420 1440 881.
477 1397 520 1435 B.

175 1451 227 1500 56
263 1449 310 1486 Vt
321 1449 408 1500 fert
425 1449 583 1502 natura]
614 1451 699 1488 Hoc
712 1447 776 1496 est,

117 1504 298 1542 naturalis
320 1515 359 1542 et
381 1505 560 1557 ingenita
580 1505 690 1544 attio.
718 1505 780 1542 An

118 1560 162 1598 de
183 1559 416 1614 industria?]
445 1560 490 1599 Id
522 1559 594 1608 est,
623 1558 779 1598 scientia

119 1627 160 1655 et
188 1615 444 1667 prouidentia.
474 1629 520 1654 ea
547 1617 654 1654 enim
678 1627 778 1666 quae

118 1670 296 1710 discimus
315 1683 355 1710 et
372 1669 517 1719 scimus,
548 1672 778 1722 operatione

117 1728 253 1780 genita
273 1737 310 1766 et
327 1726 509 1766 industria
531 1727 695 1778 quadam
714 1724 779 1764 sci-

116 1796 203 1822 mus
224 1783 349 1835 aege:
382 1794 447 1835 ope
462 1784 634 1830 rationis,
660 1796 696 1822 et
723 1784 776 1820 in-

118 1838 261 1889 dustria
272 1839 426 1891 quadam
435 1839 606 1889 sitimus).
617 1850 655 1878 vt
666 1839 778 1891 Virg.

115 1897 282 1946 (Geor-g.
305 1908 368 1944 11,
398 1896 517 1947 204.)
547 1895 599 1934 Et
627 1898 686 1934 cui
705 1906 778 1947 pu-

114 1964 175 1992 tre
195 1951 340 2001 salum,
379 1964 532 2004 namque
557 1951 626 1990 hoc
655 1953 779 1991 imita-

118 2020 207 2047 mur
225 2008 381 2046 arando.
442 2010 490 2047 D.

176 2075 193 2103 1
237 2063 284 2102 In
322 2063 390 2102 hac
427 2062 601 2116 habitaffi’
633 2062 777 2117 platea]

118 2120 166 2159 In
194 2118 267 2158 hoc
293 2120 380 2158 loco
408 2117 570 2169 persona
599 2120 647 2159 ad
684 2130 780 2159 cata-

118 2174 302 2227 strophen
329 2175 565 2224 machinata,
595 2189 701 2215 nunc
724 2176 780 2214 lo-

121 2232 266 2282 quitur.
323 2235 422 2272 Nam
449 2231 514 2270 hic
540 2233 648 2272 Crito
679 2231 780 2270 nihil

119 2298 348 2339 argumento
372 2287 510 2337 debet,
538 2287 608 2327 nifi
633 2286 781 2327 absolu-

121 2343 272 2383 tionem
313 2345 450 2383 erroris
491 2345 588 2383 eius.
657 2344 781 2384 Simul

124 2410 174 2436 ex
208 2399 333 2438 verbis
360 2398 458 2446 suis,
494 2414 610 2452 quam
638 2401 779 2453 grauis,

123 2467 238 2503 quam
265 2456 475 2506 modestus,
506 2469 702 2508 quamque
728 2457 781 2495 iu-

124 2507 199 2547 stus
217 2509 267 2555 fit,
290 2511 467 2552 ostendit.
525 2513 571 2551 In
591 2511 658 2551 hac
679 2511 782 2551 hahi-

125 2564 228 2618 taffb]
267 2569 356 2606 Non
385 2566 572 2608 habitare:
601 2566 665 2608 sed
691 2569 783 2620 quia

124 2632 276 2659 mortua
299 2622 363 2669 est,
386 2622 558 2677 habitasse
571 2624 674 2663 dicit.
701 2625 784 2664 Pla·

127 2679 202 2728 tea]
232 2679 370 2718 Graeci
399 2689 562 2721 marsim
592 2680 783 2729 dixerunt,

317 711 350 739 N
405 711 435 738 n
465 711 491 737 A
520 709 546 737 c
595 688 800 740 habitasse
837 690 979 757 platea
1019 685 1205 737 digium*
1229 686 1291 738 est
1339 689 1478 756 Chry-

1354 844 1483 898 Quae

821 957 939 997 quam
957 956 1030 984 nos
1043 944 1204 997 plateam
1217 942 1389 983 dicimus.
1411 945 1484 984 Se-

820 1001 990 1041 cundum
1008 1000 1174 1040 formam
1192 998 1390 1048 eiusmodi,
1411 1012 1481 1042 Mn-

820 1062 908 1096 δεῖαν
943 1069 983 1097 et
1007 1058 1202 1106 Medeam,
1240 1062 1404 1095 σπονδεῖον
1442 1066 1485 1096 et

811 1113 1021 1169 spondeum
1046 1112 1254 1153 scribimus,
1310 1114 1358 1152 D.

880 1171 927 1209 In
953 1171 1019 1210 hac
1045 1168 1236 1223 habitasse]
1266 1170 1376 1207 Haec
1408 1165 1486 1207 sce·

824 1240 875 1265 na
893 1226 1231 1278 percontationem
1257 1235 1387 1274 tenet,
1418 1223 1485 1263 vbi

824 1282 978 1336 Chryfis
1001 1282 1158 1322 habitet.
1210 1281 1336 1321 Habet
1354 1290 1486 1320 tamen

826 1337 1104 1379 deliber-atinae
1147 1336 1325 1377 sormam.
1386 1339 1485 1376 Nam

826 1395 936 1434 Crito
971 1392 1146 1432 sobrinus
1183 1392 1237 1433 est
1269 1392 1483 1446 Clu-yfidis,

828 1463 902 1500 qua
929 1461 1099 1497 mortua,
1127 1448 1174 1487 ad
1204 1462 1293 1487 eum
1312 1449 1403 1501 lege
1420 1447 1489 1486 he-

827 1505 967 1544 reditas
997 1504 1227 1557 pertinebat.
1284 1504 1489 1544 Deliberat

828 1575 942 1614 ergo,
973 1575 1022 1599 an
1042 1561 1090 1599 ad
1110 1560 1276 1599 eandem
1296 1558 1488 1599 heredita·

827 1629 906 1656 tem
923 1614 1072 1668 aspiret,
1091 1617 1260 1655 maxime
1279 1629 1365 1654 cum
1385 1614 1487 1660 sciat,

828 1673 1072 1725 Glycerium,
1103 1669 1238 1710 sororis
1256 1671 1351 1720 loco,
1381 1670 1489 1710 habi-

830 1738 908 1767 tam
928 1725 1027 1766 efl'e:
1059 1739 1228 1779 eamque
1249 1724 1329 1765 efl'e
1350 1727 1427 1766 iam
1454 1741 1489 1765 a·

830 1781 1145 1823 dolescentulam.
1220 1783 1330 1823 Haec
1373 1783 1491 1836 igitur

829 1839 1081 1878 defiberatiua
1101 1839 1143 1878 in
1164 1851 1226 1886 eo,
1258 1838 1364 1890 quod
1382 1837 1490 1877 audi-

830 1897 901 1935 erit
920 1905 1110 1934 mortuam
1134 1894 1389 1948 Chrysidem,
1422 1907 1489 1946 pu-

829 1953 946 1992 ellam
982 1964 1074 1990 vero
1112 1961 1152 1990 et
1187 1964 1293 1990 nunc
1319 1950 1490 1990 necdum

828 2018 1009 2060 parentes
1044 2005 1128 2046 suos
1162 2006 1224 2046 hic
1251 2003 1489 2060 cognouifl'e,

829 2077 948 2116 quam
975 2063 1121 2103 constat
1145 2061 1221 2102 effe
1244 2064 1415 2104 Atticam
1440 2062 1492 2101 ci-

828 2134 933 2160 uem.
996 2121 1201 2162 Continuo
1238 2119 1370 2159 tra-stat
1405 2118 1495 2157 arti-

829 2177 938 2215 culos
948 2174 1101 2215 honesti
1122 2185 1161 2215 et
1170 2176 1282 2224 vtilis,
1302 2173 1469 2214 dicendo
1480 2187 1493 2213 τ

828 2233 936 2272 Haut
960 2231 1150 2284 auspicato
1178 2231 1246 2270 huc
1279 2244 1334 2271 me
1352 2230 1495 2284 appuli„

828 2293 916 2329 Hoc
936 2288 999 2338 est,
1020 2300 1102 2326 non
1121 2289 1224 2326 reRe
1245 2301 1376 2339 neque
1385 2287 1491 2326 bono

830 2345 964 2384 omine
1005 2343 1080 2382 huc
1119 2345 1222 2384 veni.
1287 2343 1492 2395 Siquidem

831 2413 932 2452 quae
959 2397 1063 2439 soror
1092 2399 1191 2439 dieta
1212 2399 1266 2439 est
1283 2398 1491 2453 Chryfidis,

832 2468 871 2495 et
889 2470 996 2495 nunc
1013 2467 1193 2508 parentes
1205 2453 1287 2495 suos
1306 2469 1389 2495 non
1406 2468 1493 2506 rep·

832 2514 952 2565 perit:
980 2512 1084 2551 vnde
1112 2525 1194 2550 non
1216 2509 1362 2562 pofi'um
1385 2522 1492 2563 pete-

832 2581 875 2608 re
896 2568 1162 2609 hereditatem,
1220 2571 1320 2609 Nam
1344 2566 1391 2606 ab
1415 2567 1494 2605 vrili

832 2621 917 2664 satis
946 2639 1017 2678 pro
1046 2623 1127 2676 ipso
1154 2622 1226 2673 est,
1275 2622 1493 2671 cumvdicit,

833 2682 944 2722 Nunc
974 2695 1029 2722 me
1058 2680 1236 2736 hospitem
1264 2682 1346 2721 lites
1372 2678 1496 2732 sequi.

1407 2737 1493 2775 Huc
