1815 3168
670 180 961 225 ANDRIA.

1403 193 1492 240 ¹99

255 304 598 357 Suffarciiiatain.
641 303 692 352 M
708 319 754 351 Y.
793 309 873 352 Dis
894 305 970 370 pol
994 304 1134 351 habeo
1156 309 1324 365 gratiae,

255 388 369 431 Cum
389 386 433 429 iu
454 381 673 446 pariundo
699 381 864 444 aliquot
888 379 1110 426 affuerunt
1140 380 1312 426 liberae.

253 457 348 506 DA
365 472 412 504 V.
444 463 542 504 Nae
564 458 633 503 illa
658 457 783 503 illum
803 458 908 503 haut
942 457 1080 508 nouit,
1106 457 1229 501 cuius
1253 456 1481 503 causahaec
1497 477 1509 482 ’-

351 535 517 598 incipit.

252 609 475 662 Chremes,
497 607 527 654 fi
546 606 737 673 positum
758 623 948 672 puerum
971 617 1069 653 ante
1091 605 1215 652 aedes
1237 606 1407 659 viderit,

113 828 255 882 dignus
283 837 323 867 vt
344 840 431 867 cum
453 827 512 867 his
533 825 766 868 conferatur.

111 884 418 938 Suffc'zrcinatam]
460 885 579 925 Plaut.
608 884 768 925 Curcul.

111 953 162 989 Π,
183 954 219 993 3,
238 953 276 992 9.
334 942 417 996 Qi
436 937 614 980 incedunt
624 939 769 991 stffar-

112 998 226 1035 cinati
253 1009 330 1035 cum
346 998 474 1046 libris,
507 1009 588 1035 cum
613 996 768 1051 sportu-

113 1054 171 1094 Iis.
225 1054 269 1092 L.

164 1110 282 1148 Rette
301 1122 321 1147 a
333 1105 523 1148 Westerh.
544 1106 766 1161 repudiatur

108 1166 205 1203 ratio
223 1168 262 1204 P.
283 1165 440 1211 Nannii,
461 1165 527 1216 qui
544 1165 585 1203 in
602 1161 762 1205 Miscell.

108 1221 189 1261 Lib,
211 1233 240 1269 1,
261 1220 474 1274 legendum
493 1230 600 1273 putat
617 1219 766 1259 cantha-

109 1290 192 1316 rum
198 1274 499 1327 fiaeffiarcinatumss
520 1287 560 1315 et
579 1276 766 1329 intelligit

109 1331 253 1378 χύτραν,
270 1331 307 1370 h.
329 1345 362 1370 e.
381 1345 443 1371 vas
461 1331 587 1378 fietile,
609 1345 686 1382 quo
711 1336 764 1372 A-

110 1386 332 1426 thenienses
362 1389 403 1426 in
433 1387 679 1438 exponendis
700 1401 766 1438 pu-

110 1444 185 1495 eris
202 1442 272 1481 fint
290 1443 349 1482 vfi.
406 1445 504 1483 Nam
524 1443 691 1494 primum
709 1455 766 1481 re-

108 1510 289 1552 pugnant
308 1511 443 1538 omnes
467 1498 630 1537 codices.
684 1500 765 1537 De-

109 1555 203 1594 inde
221 1554 469 1593 commodum
481 1554 598 1594 efficit
615 1551 763 1593 sensum

106 1612 270 1663 vulgaris
301 1611 433 1657 lefitio,
472 1623 546 1661 qua
573 1608 761 1661 fignifica-

107 1677 165 1705 tur
174 1665 333 1717 fitfferta
350 1678 474 1713 onere,
505 1665 610 1715 quod
641 1663 706 1703 sub
725 1679 761 1703 a-

104 1723 205 1761 xillis
235 1721 397 1774 gestatur
415 1732 456 1760 et
475 1720 578 1760 veste
604 1721 758 1773 tegitur.

102 1776 164 1819 Cf.
204 1779 308 1816 locus
345 1776 469 1816 Plauti
508 1786 601 1814 aute
634 1775 760 1814 lauda-

103 1845 173 1872 tus.
230 1837 271 1874 Z.

157 1900 208 1939 31
244 1889 337 1927 Duo
365 1899 388 1926 e
413 1886 548 1926 nostris
572 1888 754 1941 gratiam,

96 1945 222 1992 teile,
252 1942 299 1983 cf.
321 1946 418 1983 Eun.
439 1956 468 1991 1,
494 1954 532 1983 2.
564 1945 659 1983 Hec.
681 1956 755 1992 111,

99 2013 139 2049 2,
166 2013 228 2042 11.
286 2004 328 2040 B.

153 2068 207 2108 32
238 2057 326 2095 Cum
345 2056 385 2093 in
404 2055 594 2108 pariundo
612 2054 755 2108 aliquot

97 2110 286 2162 affuerunt
331 2109 492 2164 liberae]
559 2110 755 2151 Indicium

99 2166 223 2207 secuta
250 2166 488 2206 confirmatio
517 2165 592 2212 est,
639 2180 755 2219 quam

102 2224 278 2274 expressit
300 2223 402 2264 Daui
436 2221 627 2262 refutatio.
682 2224 752 2263 Su-

99 2279 221 2331 perest
239 2281 354 2319 etiam
382 2289 420 2318 vt
446 2290 486 2318 et
503 2278 753 2317 concludatur

100 2334 255 2374 efseRus
292 2335 391 2387 doli,
429 2346 605 2388 negante
631 2334 755 2376 Chre-

100 2388 204 2429 mete
224 2389 260 2430 se
281 2391 457 2431 daturum
477 2390 616 2431 filiam:
648 2390 753 2442 quod

102 2444 264 2485 subinde
313 2447 430 2486 efficit
471 2449 604 2486 Dauus
649 2446 752 2486 dolo.

103 2501 254 2553 Aliquot
287 2500 437 2557 liberae]
477 2505 561 2542 Nec
595 2515 751 2554 paucae,

101 2570 175 2595 nec
204 2558 354 2596 multae.
422 2557 590 2613 Liberae]
628 2558 752 2598 Testi-

96 2614 231 2651 monia
266 2612 384 2652 libera
419 2627 549 2654 contra
585 2612 751 2654 seruum.

95 2670 144 2708 Et
174 2667 246 2708 hoc
264 2670 459 2721 proprium
480 2672 658 2712 Terentii
682 2671 745 2711 est.

1415 697 1473 744 35

817 829 917 867 Nam
955 825 1005 865 de
1042 829 1218 868 Romano
1256 837 1368 865 more
1400 824 1475 864 hoe

819 883 927 922 dixit.
984 885 1034 922 D.

874 940 920 977 In
952 938 1194 990 parturiendo
1231 938 1375 990 aliquot
1409 938 1473 975 ad-

807 994 1001 1048 fuerunt]
1046 995 1110 1034 Sic
1138 994 1244 1034 enim
1275 992 1475 1031 confirma-

820 1063 879 1090 tur
901 1062 1050 1103 partus,
1083 1063 1168 1089 cum
1190 1049 1338 1088 liberae
1367 1062 1474 1098 pra'e-

815 1107 943 1146 sentes
977 1104 1082 1153 sunt,
1123 1119 1226 1157 quae
1252 1105 1391 1157 poffint
1417 1104 1472 1143 di-

815 1177 906 1204 cere
928 1162 1203 1202 testimonium.
1262 1159 1304 1202 E.

866 1218 1023 1272 Aliquot
1075 1216 1279 1268 adfuerunt
1316 1215 1469 1270 liberae]

814 1276 962 1323 Vt'lzic‚
982 1274 1029 1313 fic
1051 1285 1090 1313 et
1110 1275 1152 1313 in
1172 1275 1196 1314 l.
1218 1285 1255 1314 2.
1276 1279 1306 1324 §.
1335 1286 1395 1315 10.
1418 1273 1469 1311 de

814 1342 936 1371 ventr.
967 1328 1099 1382 inspic.
1128 1331 1152 1368 l.
1182 1343 1218 1383 3.
1249 1333 1281 1382 ᾗ.
1307 1341 1342 1380 5.
1361 1327 1399 1367 ff.
1419 1329 1469 1367 de

815 1387 1050 1427 Carbonian.
1067 1386 1192 1424 edieto
1215 1385 1405 1424 muliebre
1415 1395 1469 1423 te-

813 1443 1036 1481 stimonium
1054 1440 1198 1490 sufficit,
1223 1442 1404 1492 quoniam
1420 1442 1470 1479 vi-

813 1511 944 1537 rorum
983 1508 1140 1548 propter
1166 1495 1357 1548 pudorem
1385 1510 1466 1534 non

813 1555 1036 1593 admittitur.
1068 1552 1153 1591 Vid.
1171 1550 1332 1605 Synops.
1361 1555 1468 1591 Atta—

811 1611 889 1649 liat.
926 1623 990 1649 xv.
1025 1610 1304 1659 Harmenopul.
1337 1608 1400 1646 lib.
1438 1623 1466 1646 1.

809 1667 889 1705 Tit.
921 1668 957 1706 6.
979 1669 1012 1714 ς.
1045 1675 1105 1716 14.
1131 1674 1169 1703 et
1188 1676 1251 1716 52.
1275 1676 1338 1716 53.
1389 1661 1467 1702 Vbi

809 1719 1001 1761 Scholiast.
1024 1721 1210 1759 Graecus:
1235 1725 1288 1756 ἐπὶ
1310 1719 1467 1765 μέντοιγε

809 1779 959 1824 rouen-23,
1006 1782 1044 1812 αἱ
1075 1774 1135 1813 τᾶν
1169 1778 1232 1818 τῆς
1268 1773 1466 1820 σεμνότητος

809 1831 933 1879 τρόπον
962 1833 1185 1878 ΦυλάτΊεσ-οιι,
1208 1827 1362 1869 δύνανται
1381 1847 1468 1878 {me-

808 1894 928 1938 τυςεῖν.
1002 1888 1107 1926 Nam
1148 1900 1248 1939 quae
1285 1888 1465 1939 integrae

805 1943 934 1985 famae
954 1957 1036 1981 non
1057 1941 1127 1992 est),
1159 1954 1223 1982 aut
1239 1943 1364 1995 palam
1386 1956 1464 1981 cor-

807 2014 905 2054 pore
924 1997 1121 2051 quaestum
1141 1998 1233 2039 facit
1259 1997 1463 2046 feceritue,

805 2071 888 2096 nou
923 2056 1149 2095 admittitur.
1182 2056 1205 2095 l.
1233 2068 1269 2109 3.
1302 2060 1336 2105 §.
1364 2068 1399 2109 ς.
1419 2053 1462 2094 ff.

805 2114 856 2152 de
875 2111 997 2152 testib.
1052 2114 1092 2150 L.

859 2180 909 2222 33
940 2167 1027 2206 Nae
1040 2165 1101 2205 illa
1119 2165 1239 2220 illum]
1269 2166 1365 2215 Nae,
1386 2166 1462 2205 val-

804 2225 867 2264 de.
897 2225 980 2265 Cic.
1002 2225 1108 2275 (Cat.
1127 2238 1177 2270 11,
1200 2224 1269 2276 3.)‚
1300 2226 1385 2263 Nae
1402 2223 1460 2261 illi

802 2280 1056 2319 vehementer
1067 2289 1209 2317 errant.
1239 2279 1323 2317 Nae
1338 2278 1400 2317 illa
1421 2279 1460 2317 il-

801 2336 893 2390 lum]
923 2335 1176 2376 Chremetem
1191 2331 1352 2374 scilicet.
1381 2337 1429 2375 D.

860 2393 922 2431 Ne
943 2391 1021 2444 illa]
1052 2394 1124 2430 Pro
1154 2389 1265 2428 valde
1292 2390 1366 2429 illa.
1398 2389 1459 2429 vel

801 2447 864 2487 illa
892 2460 955 2496 ne,
986 2446 1025 2485 id
1057 2446 1129 2493 est,
1160 2446 1339 2497 nunquid
1369 2447 1458 2485 illa?

802 2517 872 2558 per
891 2500 1163 2551 soloecismum,
1183 2503 1383 2542 immutato
1402 2516 1458 2540 or-

802 2561 906 2601 dine.
963 2562 1005 2599 E.

854 2629 907 2669 34
937 2613 1129 2660 Chremes,
1148 2610 1354 2667 fipofitum
1370 2625 1458 2666 pua·

802 2673 902 2727 rum]
946 2672 979 2709 ἐν
1015 2670 1192 2717 ὑποκρίσει.
1248 2674 1297 2711 Et
1323 2669 1377 2708 est
1407 2676 1458 2714 μί-

917 2730 951 2767 Ν
979 2739 1007 2778 4
1344 2741 1457 2770 uncte:
