1815 3168
518 141 798 230 ErOGIA
835 161 1200 209 VETERVM.
1440 179 1533 208 mx

219 281 348 325 Liuius
374 278 440 318 lib.
469 292 557 318 xxx.
587 293 667 318 non
697 279 900 320 comicum
929 277 1034 320 hunc
1059 281 1264 333 intelligit,
1295 279 1359 321 sed
1389 283 1435 321 ad
1452 284 1528 321 Te-

325 337 494 374 rentium
513 337 750 376 Culleonem
780 334 994 376 senatorem
1018 340 1121 377 Rom.
1152 337 1290 384 refert,
1323 339 1388 388 qui
1418 339 1523 389 pileo

323 392 437 442 capiti
471 391 646 442 impolito
679 390 825 431 secutus
863 393 916 431 est
949 394 1177 444 Scipionem
1207 392 1521 443 triumphantem.

323 459 428 486 certe
456 447 507 485 de
537 447 719 486 alterutro
741 449 996 499 Quin'cliliani
1025 450 1144 488 etiam
1173 449 1280 488 locus
1300 463 1347 489 ex
1364 449 1520 489 declam.

320 516 373 543 lx,
391 503 668 555 intelligendus
698 505 763 544 est.

470 598 674 645 Sidonius
697 600 940 663 Apollinar.
967 603 1108 647 Carm.
1134 617 1202 649 xx.

259 682 364 734 Quid
384 696 449 723 vos
470 685 615 736 eloquii
637 698 770 724 canam
794 686 933 733 Latini,

257 740 450 790 Arpinas,
481 742 688 787 Patauine‚
723 746 952 787 Mantuane,

257 798 307 835 Et
326 807 363 834 te
381 797 540 845 Comica
560 798 624 847 qui
648 796 762 836 docos
782 798 960 844 Terenti,

257 854 304 891 Et
323 862 383 897 te,
413 862 589 903 tempore
610 854 675 903 qui
695 851 792 891 satus
813 851 959 899 seuero,

259 908 410 956 Graios,
427 909 571 956 Plaute²
602 906 694 958 sales
713 910 847 961 lepore
868 907 1012 948 tranfis.

380 1002 565 1050 Rufinus
600 1005 921 1056 Grammaticus
956 997 1279 1049 Antiochensis.

255 1089 433 1142 Aguouit
454 1100 617 1127 metrum
641 1086 838 1138 seruatque
856 1088 1064 1128 Terentius
1085 1098 1226 1127 artem:

255 1146 353 1183 Nam
375 1145 749 1198 prologostrimetro
771 1144 906 1182 didicit
925 1156 1164 1195 componere
1184 1141 1304 1191 versu,

254 1202 547 1251 Scenarumque
566 1201 665 1240 ac‘tus
685 1201 827 1254 primos
850 1199 952 1250 pede
976 1200 1117 1239 claudit
1138 1199 1295 1242 eodem.

251 1297 427 1342 Seruius
450 1297 495 1341 in
520 1296 626 1342 illud
649 1296 724 1342 lib.
754 1314 790 1342 1.
826 1298 1009 1343 Aeneid.
1044 1297 1199 1344 talibus
1225 1296 1402 1343 inculht.

203 1378 414 1418 Sciendum
436 1379 741 1428 estTarentium,
762 1391 919 1432 propter
943 1378 1056 1420 solam
1075 1383 1364 1434 proprietatem,
1385 1382 1509 1421 omni·

149 1433 219 1473 bus
244 1436 414 1475 Cornicis
434 1432 511 1475 esse
533 1435 817 1488 praepolitunu
845 1435 983 1487 quihus
1002 1437 1075 1485 est,
1105 1448 1291 1489 quantum
1318 1437 1365 1477 ad
1384 1448 1509 1477 caete·

147 1504 186 1529 ra
206 1488 355 1542 specht,
378 1489 551 1530 inferior.

451 1588 517 1632 Fl.
545 1585 759 1651 Sosipater
782 1587 996 1635 Charisius
1028 1588 1102 1635 lib.
1131 1607 1197 1635 11.

253 1665 339 1717 ιῖῦη,
373 1681 411 1709 vt
429 1672 482 1709 ait
497 1673 619 1711 Varro
647 1671 697 1710 de
714 1672 852 1712 Latino
876 1669 1053 1712 sermone
1070 1673 1135 1713 lib.
1157 1687 1195 1714 v.
1223 1674 1321 1713 nulli
1343 1675 1406 1714 alii
1433 1673 1504 1715 ser·

108 1761 126 1766 r
142 1739 232 1765 uzu-e
262 1728 447 1766 conuenit
467 1740 579 1776 quam
599 1729 636 1764 T
637 1727 779 1765 itinnio
799 1738 837 1767 et
856 1731 1056 1768 Terentio.
1112 1734 1202 1775 Πάθη
1225 1744 1316 1771 vero
1337 1731 1502 1782 Trabea,

141 1783 278 1834 inquit,
299 1793 339 1822 et
362 1783 529 1832 Attilius,
549 1794 589 1822 et
609 1784 800 1824 Caecilius
822 1782 937 1824 facile
955 1796 1174 1828 mouerant,

447 1875 597 1924 Ifidor.
620 1881 796 1939 Origin.
819 1880 894 1927 lib.
927 1899 961 1926 1.
986 1899 1081 1946 capr
1109 1897 1192 1944 39.
1221 1884 1225 1888 ’

247 1962 409 2002 Fabulas
427 1965 569 2002 Poetae
587 1961 767 2014 quasdam
788 1964 1006 2004 deleflandi
1026 1964 1132 2006 causa
1150 1966 1363 2017 finxerunt,
1395 1964 1501 2019 quas-

138 2020 224 2060 dam
242 2019 289 2058 ad
310 2030 462 2058 naturas
481 2032 618 2065 rerum,
639 2022 847 2059 nonnullas
866 2022 913 2060 ad
935 2036 1060 2062 mores
1082 2022 1286 2063 hominum
1310 2024 1501 2075 interpre-

137 2077 204 2115 t‘ati
234 2073 326 2114 sunt.
383 2074 615 2116 Deleesandi
646 2073 753 2114 causa
781 2076 902 2126 ficlas,
936 2089 973 2116 vt
1002 2092 1066 2118 eas
1093 2086 1186 2131 q‘uas
1205 2080 1322 2133 vulgo
1349 2080 1496 2130 dicunt,

137 2133 199 2172 vel
220 2145 313 2184 quas
333 2131 486 2171 Plautus
504 2143 543 2184 et
560 2133 770 2172 Terentius
795 2131 1109 2186 composuerunt.

246 2232 311 2274 Ex
334 2228 512 2290 antiquo
537 2227 644 2275 Cod.
665 2227 747 2277 Ms.
770 2230 814 2274 in
836 2227 1104 2277 Bibliotheca
1122 2234 1252 2293 Regis
1276 2232 1393 2280 Gall.

243 2316 364 2355 Natus
389 2313 430 2350 in
453 2311 607 2352 excelfis
626 2313 734 2352 tefflis
757 2313 1003 2368 Carthaginis
1024 2316 1123 2355 altae
1175 2319 1182 2328 “

358 2369 539 2408 Romanis
559 2367 722 2408 ducibus
742 2368 883 2409 bellica
901 2371 1041 2421 praeda
1058 2371 1127 2412 sui.

243 2422 431 2475 Descripfi
449 2437 576 2462 mores
602 2424 816 2473 homiuuin,
835 2428 1117 2479 iuuenumque,
1142 2427 1370 2480 senumque,

360 2480 541 2531 Qualiter
563 2491 603 2520 et
623 2479 718 2520 serui
741 2482 937 2534 decipiant
955 2483 1158 2523 dominos:

246 2537 354 2589 Quid
381 2537 573 2583 meretrix,
594 2536 689 2587 quid
708 2538 801 2576 leno
822 2538 919 2578 dolis
941 2538 1137 2593 conlingat
1153 2554 1307 2589 auarus3

359 2596 464 2634 Haec
483 2593 707 2646 quicunque
728 2595 832 2650 legit,
852 2594 910 2644 fic,
928 2606 1032 2648 puto,
1059 2607 1191 2636 cautus
1211 2598 1293 2637 erit.

803 2705 829 2746 b
860 2718 884 2760 3
1422 2712 1501 2753 DE
