<?xml version="1.0" encoding="UTF-8"?>
<!DOCTYPE html PUBLIC "-//W3C//DTD XHTML 1.0 Transitional//EN"
    "http://www.w3.org/TR/xhtml1/DTD/xhtml1-transitional.dtd">
<html xmlns="http://www.w3.org/1999/xhtml" xml:lang="en" lang="en">
 <head>
  <title>
</title>
<meta http-equiv="Content-Type" content="text/html;charset=utf-8" />
  <meta name='ocr-system' content='tesseract 3.04.00' />
  <meta name='ocr-capabilities' content='ocr_page ocr_carea ocr_par ocr_line ocrx_word'/>
</head>
<body>
  <div class='ocr_page' id='page_1' title='image "./comoediaesexexre01tereuoft_0677.png"; bbox 0 0 1815 3168; ppageno 0'>
   <div class='ocr_carea' id='block_1_1' title="bbox 481 161 1026 207">
    <p class='ocr_par' dir='ltr' id='par_1_1' title="bbox 481 161 1026 207">
     <span class='ocr_line' id='line_1_1' title="bbox 481 161 1026 207; baseline 0.002 -1"><span class='ocrx_word' id='word_1_1' title='bbox 481 161 1026 207; x_wconf 65' lang='lat' dir='ltr'>&#39;HEAVTONTIM</span> 
     </span>
    </p>
   </div>
   <div class='ocr_carea' id='block_1_2' title="bbox 1333 177 1426 223">
    <p class='ocr_par' dir='ltr' id='par_1_2' title="bbox 1333 177 1426 223">
     <span class='ocr_line' id='line_1_2' title="bbox 1333 177 1426 223; baseline 0 0"><span class='ocrx_word' id='word_1_2' title='bbox 1333 177 1426 223; x_wconf 81' lang='lat'>579</span> 
     </span>
    </p>
   </div>
   <div class='ocr_carea' id='block_1_3' title="bbox 202 282 1427 351">
    <p class='ocr_par' dir='ltr' id='par_1_3' title="bbox 202 282 1427 351">
     <span class='ocr_line' id='line_1_3' title="bbox 202 282 1427 351; baseline -0.002 -13"><span class='ocrx_word' id='word_1_3' title='bbox 202 289 322 344; x_wconf 83' lang='lat' dir='ltr'>Post,</span> <span class='ocrx_word' id='word_1_4' title='bbox 357 289 461 336; x_wconf 88' lang='lat' dir='ltr'>istuc</span> <span class='ocrx_word' id='word_1_5' title='bbox 489 291 674 334; x_wconf 86' lang='lat' dir='ltr'>veniam.</span> <span class='ocrx_word' id='word_1_6' title='bbox 722 282 907 332; x_wconf 76' lang='lat' dir='ltr'><strong>CLIT.</strong></span> <span class='ocrx_word' id='word_1_7' title='bbox 957 303 1162 351; x_wconf 84' lang='lat' dir='ltr'>propera.</span> <span class='ocrx_word' id='word_1_8' title='bbox 1210 287 1301 336; x_wconf 73' lang='grc' dir='ltr'>ΞΥ.</span> <span class='ocrx_word' id='word_1_9' title='bbox 1340 291 1427 336; x_wconf 82' lang='lat' dir='ltr'>iam</span> 
     </span>
    </p>
   </div>
   <div class='ocr_carea' id='block_1_4' title="bbox 296 364 726 430">
    <p class='ocr_par' dir='ltr' id='par_1_4' title="bbox 296 364 726 430">
     <span class='ocr_line' id='line_1_4' title="bbox 296 364 726 430; baseline -0.009 -20"><span class='ocrx_word' id='word_1_10' title='bbox 296 368 490 430; x_wconf 84' lang='lat' dir='ltr'>primum</span> <span class='ocrx_word' id='word_1_11' title='bbox 512 364 726 413; x_wconf 82' lang='lat' dir='ltr'>omnium,</span> 
     </span>
    </p>
   </div>
   <div class='ocr_carea' id='block_1_5' title="bbox 102 435 1378 581">
    <p class='ocr_par' dir='ltr' id='par_1_5' title="bbox 102 435 1378 581">
     <span class='ocr_line' id='line_1_5' title="bbox 201 435 1308 499; baseline -0.004 -11"><span class='ocrx_word' id='word_1_12' title='bbox 201 441 487 488; x_wconf 79' lang='lat' dir='ltr'>Vbiventum</span> <span class='ocrx_word' id='word_1_13' title='bbox 509 439 560 483; x_wconf 89' lang='lat' dir='ltr'>ad</span> <span class='ocrx_word' id='word_1_14' title='bbox 581 437 695 483; x_wconf 77' lang='lat' dir='ltr'>aedis</span> <span class='ocrx_word' id='word_1_15' title='bbox 717 435 789 489; x_wconf 85' lang='lat' dir='ltr'>est,</span> <span class='ocrx_word' id='word_1_16' title='bbox 812 440 984 482; x_wconf 83' lang='lat' dir='ltr'>Dromo</span> <span class='ocrx_word' id='word_1_17' title='bbox 1005 436 1145 499; x_wconf 85' lang='lat' dir='ltr'>pultat</span> <span class='ocrx_word' id='word_1_18' title='bbox 1166 437 1280 483; x_wconf 83' lang='lat' dir='ltr'>fores</span> <span class='ocrx_word' id='word_1_19' title='bbox 1298 458 1308 484; x_wconf 89' lang='lat'>:</span> 
     </span>
     <span class='ocr_line' id='line_1_6' title="bbox 102 511 1378 581; baseline -0.002 -19"><span class='ocrx_word' id='word_1_20' title='bbox 102 533 162 581; x_wconf 78' lang='lat'>35</span> <span class='ocrx_word' id='word_1_21' title='bbox 198 520 321 563; x_wconf 87' lang='lat' dir='ltr'>Anus</span> <span class='ocrx_word' id='word_1_22' title='bbox 343 514 553 578; x_wconf 84' lang='lat' dir='ltr'><strong>quaedam</strong></span> <span class='ocrx_word' id='word_1_23' title='bbox 572 513 744 578; x_wconf 83' lang='lat' dir='ltr'>prodit:</span> <span class='ocrx_word' id='word_1_24' title='bbox 784 511 890 558; x_wconf 79' lang='lat' dir='ltr'>haec</span> <span class='ocrx_word' id='word_1_25' title='bbox 918 511 991 559; x_wconf 81' lang='lat' dir='ltr'>vbi</span> <span class='ocrx_word' id='word_1_26' title='bbox 1016 514 1187 578; x_wconf 79' lang='lat' dir='ltr'>aperuit</span> <span class='ocrx_word' id='word_1_27' title='bbox 1207 512 1378 568; x_wconf 83' lang='lat' dir='ltr'>ostium,</span> 
     </span>
    </p>
   </div>
   <div class='ocr_carea' id='block_1_6' title="bbox 54 733 721 1512">
    <p class='ocr_par' dir='ltr' id='par_1_6' title="bbox 54 733 721 1512">
     <span class='ocr_line' id='line_1_7' title="bbox 120 733 717 788; baseline -0.008 -13"><span class='ocrx_word' id='word_1_28' title='bbox 120 746 171 788; x_wconf 80' lang='lat'>33</span> <span class='ocrx_word' id='word_1_29' title='bbox 210 733 393 787; x_wconf 78' lang='lat' dir='ltr'><em>Propera]</em></span> <span class='ocrx_word' id='word_1_30' title='bbox 432 733 615 786; x_wconf 80' lang='lat' dir='ltr'><em>Properat</em></span> <span class='ocrx_word' id='word_1_31' title='bbox 652 733 717 784; x_wconf 90' lang='lat' dir='ltr'>qui</span> 
     </span>
     <span class='ocr_line' id='line_1_8' title="bbox 64 788 716 841; baseline -0.005 -12"><span class='ocrx_word' id='word_1_32' title='bbox 64 788 288 829; x_wconf 82' lang='lat' dir='ltr'>festinanter</span> <span class='ocrx_word' id='word_1_33' title='bbox 308 790 449 841; x_wconf 79' lang='lat' dir='ltr'>aliquid</span> <span class='ocrx_word' id='word_1_34' title='bbox 470 792 522 828; x_wconf 84' lang='lat' dir='ltr'>ait</span> <span class='ocrx_word' id='word_1_35' title='bbox 541 790 600 829; x_wconf 86' lang='lat' dir='ltr'>vel</span> <span class='ocrx_word' id='word_1_36' title='bbox 613 788 716 827; x_wconf 85' lang='lat' dir='ltr'>dicit.</span> 
     </span>
     <span class='ocr_line' id='line_1_9' title="bbox 64 845 718 899; baseline -0.005 -14"><span class='ocrx_word' id='word_1_37' title='bbox 64 847 173 898; x_wconf 77' lang='lat' dir='ltr'>Virg.</span> <span class='ocrx_word' id='word_1_38' title='bbox 196 849 356 899; x_wconf 76' lang='lat' dir='ltr'>(Georg.</span> <span class='ocrx_word' id='word_1_39' title='bbox 376 860 402 890; x_wconf 87' lang='lat'>1,</span> <span class='ocrx_word' id='word_1_40' title='bbox 425 847 536 895; x_wconf 85' lang='lat'><em>260.)</em></span> <span class='ocrx_word' id='word_1_41' title='bbox 574 845 718 892; x_wconf 82' lang='lat' dir='ltr'><em>Multa,</em></span> 
     </span>
     <span class='ocr_line' id='line_1_10' title="bbox 54 900 718 954; baseline -0.005 -14"><span class='ocrx_word' id='word_1_42' title='bbox 54 902 190 954; x_wconf 84' lang='lat' dir='ltr'><em>forem</em></span> <span class='ocrx_word' id='word_1_43' title='bbox 229 915 319 953; x_wconf 80' lang='lat' dir='ltr'><em>quae</em></span> <span class='ocrx_word' id='word_1_44' title='bbox 356 915 446 941; x_wconf 86' lang='lat' dir='ltr'>mox</span> <span class='ocrx_word' id='word_1_45' title='bbox 476 900 567 940; x_wconf 86' lang='lat' dir='ltr'>coelo</span> <span class='ocrx_word' id='word_1_46' title='bbox 591 912 718 952; x_wconf 76' lang='lat' dir='ltr'><em>prope-</em></span> 
     </span>
     <span class='ocr_line' id='line_1_11' title="bbox 63 957 715 1007; baseline -0.006 -10"><span class='ocrx_word' id='word_1_47' title='bbox 63 960 183 997; x_wconf 79' lang='lat' dir='ltr'><em>randa</em></span> <span class='ocrx_word' id='word_1_48' title='bbox 196 958 340 1007; x_wconf 60' lang='lat' dir='ltr'>serena,</span> <span class='ocrx_word' id='word_1_49' title='bbox 366 957 572 995; x_wconf 81' lang='lat' dir='ltr'>Maturare</span> <span class='ocrx_word' id='word_1_50' title='bbox 591 957 715 994; x_wconf 53' lang='lat' dir='ltr'><em>datar.</em></span> 
     </span>
     <span class='ocr_line' id='line_1_12' title="bbox 63 1012 715 1066; baseline -0.005 -13"><span class='ocrx_word' id='word_1_51' title='bbox 63 1014 147 1053; x_wconf 79' lang='lat' dir='ltr'>Iam</span> <span class='ocrx_word' id='word_1_52' title='bbox 161 1017 318 1066; x_wconf 82' lang='lat' dir='ltr'><em>primum</em></span> <span class='ocrx_word' id='word_1_53' title='bbox 339 1012 516 1064; x_wconf 79' lang='lat' dir='ltr'><em>omnium]</em></span> <span class='ocrx_word' id='word_1_54' title='bbox 547 1012 609 1051; x_wconf 80' lang='lat' dir='ltr'>Sic</span> <span class='ocrx_word' id='word_1_55' title='bbox 623 1012 715 1050; x_wconf 83' lang='lat' dir='ltr'>inci-</span> 
     </span>
     <span class='ocr_line' id='line_1_13' title="bbox 64 1067 718 1122; baseline -0.005 -14"><span class='ocrx_word' id='word_1_56' title='bbox 64 1072 141 1122; x_wconf 79' lang='lat' dir='ltr'>pit,</span> <span class='ocrx_word' id='word_1_57' title='bbox 173 1079 211 1107; x_wconf 90' lang='lat' dir='ltr'>vt</span> <span class='ocrx_word' id='word_1_58' title='bbox 236 1069 353 1106; x_wconf 84' lang='lat' dir='ltr'>multa</span> <span class='ocrx_word' id='word_1_59' title='bbox 374 1068 590 1119; x_wconf 79' lang='lat' dir='ltr'>pudicitiae</span> <span class='ocrx_word' id='word_1_60' title='bbox 610 1067 718 1119; x_wconf 76' lang='lat' dir='ltr'>ligna</span> 
     </span>
     <span class='ocr_line' id='line_1_14' title="bbox 62 1124 716 1174; baseline -0.006 -9"><span class='ocrx_word' id='word_1_61' title='bbox 62 1135 291 1165; x_wconf 64' lang='lat' dir='ltr'>narraturus.</span> <span class='ocrx_word' id='word_1_62' title='bbox 346 1124 474 1164; x_wconf 87' lang='lat' dir='ltr'>Liuius</span> <span class='ocrx_word' id='word_1_63' title='bbox 510 1125 552 1162; x_wconf 87' lang='lat' dir='ltr'>in</span> <span class='ocrx_word' id='word_1_64' title='bbox 591 1124 716 1174; x_wconf 87' lang='lat' dir='ltr'>primo</span> 
     </span>
     <span class='ocr_line' id='line_1_15' title="bbox 62 1179 718 1230; baseline -0.008 -9"><span class='ocrx_word' id='word_1_65' title='bbox 62 1183 113 1221; x_wconf 88' lang='lat' dir='ltr'>ab</span> <span class='ocrx_word' id='word_1_66' title='bbox 125 1181 423 1230; x_wconf 76' lang='lat' dir='ltr'>Vrbec011d.&lt;c.</span> <span class='ocrx_word' id='word_1_67' title='bbox 452 1181 508 1230; x_wconf 82' lang='grc' dir='ltr'>Ι.)</span> <span class='ocrx_word' id='word_1_68' title='bbox 547 1179 627 1218; x_wconf 88' lang='lat' dir='ltr'>Iam</span> <span class='ocrx_word' id='word_1_69' title='bbox 642 1182 718 1230; x_wconf 87' lang='lat' dir='ltr'><em>pri-</em></span> 
     </span>
     <span class='ocr_line' id='line_1_16' title="bbox 56 1234 719 1286; baseline -0.011 -7"><span class='ocrx_word' id='word_1_70' title='bbox 56 1251 162 1279; x_wconf 77' lang='lat' dir='ltr'>mum</span> <span class='ocrx_word' id='word_1_71' title='bbox 186 1235 454 1286; x_wconf 71' lang='lat' dir='ltr'>omniumfiztis</span> <span class='ocrx_word' id='word_1_72' title='bbox 464 1234 612 1286; x_wconf 83' lang='lat' dir='ltr'>constat.</span> <span class='ocrx_word' id='word_1_73' title='bbox 643 1234 719 1274; x_wconf 80' lang='lat' dir='ltr'>Hie</span> 
     </span>
     <span class='ocr_line' id='line_1_17' title="bbox 63 1290 720 1345; baseline -0.009 -12"><span class='ocrx_word' id='word_1_74' title='bbox 63 1297 140 1333; x_wconf 83' lang='lat' dir='ltr'>iam</span> <span class='ocrx_word' id='word_1_75' title='bbox 150 1296 310 1345; x_wconf 85' lang='lat' dir='ltr'><em>primum</em></span> <span class='ocrx_word' id='word_1_76' title='bbox 332 1293 495 1331; x_wconf 86' lang='lat' dir='ltr'><em>omnium</em></span> <span class='ocrx_word' id='word_1_77' title='bbox 513 1290 566 1329; x_wconf 87' lang='lat' dir='ltr'>est</span> <span class='ocrx_word' id='word_1_78' title='bbox 583 1292 624 1328; x_wconf 91' lang='lat' dir='ltr'>in</span> <span class='ocrx_word' id='word_1_79' title='bbox 644 1291 720 1341; x_wconf 80' lang='lat' dir='ltr'>pri-</span> 
     </span>
     <span class='ocr_line' id='line_1_18' title="bbox 64 1347 721 1400; baseline -0.009 -11"><span class='ocrx_word' id='word_1_80' title='bbox 64 1351 136 1390; x_wconf 84' lang='lat' dir='ltr'>mis</span> <span class='ocrx_word' id='word_1_81' title='bbox 147 1348 208 1387; x_wconf 92' lang='lat' dir='ltr'>vel</span> <span class='ocrx_word' id='word_1_82' title='bbox 218 1350 260 1387; x_wconf 90' lang='lat' dir='ltr'>in</span> <span class='ocrx_word' id='word_1_83' title='bbox 271 1348 476 1400; x_wconf 84' lang='lat' dir='ltr'>principio.</span> <span class='ocrx_word' id='word_1_84' title='bbox 506 1349 606 1386; x_wconf 83' lang='lat' dir='ltr'>Nam</span> <span class='ocrx_word' id='word_1_85' title='bbox 619 1347 721 1396; x_wconf 84' lang='lat' dir='ltr'>prin-</span> 
     </span>
     <span class='ocr_line' id='line_1_19' title="bbox 65 1403 720 1456; baseline -0.009 -12"><span class='ocrx_word' id='word_1_86' title='bbox 65 1406 214 1456; x_wconf 86' lang='lat' dir='ltr'>cipium</span> <span class='ocrx_word' id='word_1_87' title='bbox 248 1404 300 1443; x_wconf 88' lang='lat' dir='ltr'>est</span> <span class='ocrx_word' id='word_1_88' title='bbox 327 1404 493 1454; x_wconf 78' lang='lat' dir='ltr'>primum</span> <span class='ocrx_word' id='word_1_89' title='bbox 531 1403 720 1442; x_wconf 80' lang='lat' dir='ltr'>omnium.</span> 
     </span>
     <span class='ocr_line' id='line_1_20' title="bbox 63 1459 721 1512; baseline -0.014 -10"><span class='ocrx_word' id='word_1_90' title='bbox 63 1462 141 1502; x_wconf 87' lang='lat' dir='ltr'>Vel</span> <span class='ocrx_word' id='word_1_91' title='bbox 160 1459 206 1498; x_wconf 85' lang='lat' dir='ltr'>fic</span> <span class='ocrx_word' id='word_1_92' title='bbox 227 1460 420 1512; x_wconf 83' lang='lat' dir='ltr'>intelligas</span> <span class='ocrx_word' id='word_1_93' title='bbox 433 1488 442 1506; x_wconf 85' lang='lat'>,</span> <span class='ocrx_word' id='word_1_94' title='bbox 468 1461 542 1497; x_wconf 86' lang='lat' dir='ltr'>iam</span> <span class='ocrx_word' id='word_1_95' title='bbox 556 1459 721 1509; x_wconf 85' lang='lat' dir='ltr'><em>primum</em></span> 
     </span>
    </p>
   </div>
   <div class='ocr_carea' id='block_1_7' title="bbox 1310 592 1424 636">
    <p class='ocr_par' dir='ltr' id='par_1_7' title="bbox 1310 592 1424 636">
     <span class='ocr_line' id='line_1_21' title="bbox 1310 592 1424 636; baseline 0.009 -1"><span class='ocrx_word' id='word_1_96' title='bbox 1310 592 1424 636; x_wconf 89' lang='lat' dir='ltr'>Con-</span> 
     </span>
    </p>
   </div>
   <div class='ocr_carea' id='block_1_8' title="bbox 765 731 1430 1503">
    <p class='ocr_par' dir='ltr' id='par_1_8' title="bbox 765 731 1430 1503">
     <span class='ocr_line' id='line_1_22' title="bbox 767 731 1425 787; baseline 0 -16"><span class='ocrx_word' id='word_1_97' title='bbox 767 732 846 772; x_wconf 69' lang='lat' dir='ltr'>&amp;us</span> <span class='ocrx_word' id='word_1_98' title='bbox 873 733 1007 770; x_wconf 82' lang='lat' dir='ltr'>circum</span> <span class='ocrx_word' id='word_1_99' title='bbox 1026 741 1130 784; x_wconf 83' lang='lat' dir='ltr'><em>caput</em></span> <span class='ocrx_word' id='word_1_100' title='bbox 1147 731 1286 784; x_wconf 81' lang='lat' dir='ltr'><em>fuerat</em></span> <span class='ocrx_word' id='word_1_101' title='bbox 1311 733 1425 787; x_wconf 77' lang='lat' dir='ltr'>negli-</span> 
     </span>
     <span class='ocr_line' id='line_1_23' title="bbox 765 787 1426 842; baseline 0.002 -16"><span class='ocrx_word' id='word_1_102' title='bbox 765 801 918 842; x_wconf 78' lang='lat' dir='ltr'>genter:</span> <span class='ocrx_word' id='word_1_103' title='bbox 946 787 1051 838; x_wconf 89' lang='lat' dir='ltr'>quod</span> <span class='ocrx_word' id='word_1_104' title='bbox 1074 801 1153 825; x_wconf 86' lang='lat' dir='ltr'>cum</span> <span class='ocrx_word' id='word_1_105' title='bbox 1171 788 1303 827; x_wconf 84' lang='lat' dir='ltr'>ancilla</span> <span class='ocrx_word' id='word_1_106' title='bbox 1325 802 1363 826; x_wconf 85' lang='lat' dir='ltr'>ea</span> <span class='ocrx_word' id='word_1_107' title='bbox 1374 803 1426 827; x_wconf 83' lang='lat' dir='ltr'>ze·</span> 
     </span>
     <span class='ocr_line' id='line_1_24' title="bbox 766 842 1424 896; baseline 0.006 -16"><span class='ocrx_word' id='word_1_108' title='bbox 766 842 901 889; x_wconf 82' lang='lat' dir='ltr'><em>xebat,</em></span> <span class='ocrx_word' id='word_1_109' title='bbox 942 844 1078 894; x_wconf 82' lang='lat' dir='ltr'>pannis</span> <span class='ocrx_word' id='word_1_110' title='bbox 1119 842 1198 896; x_wconf 72' lang='lat' dir='ltr'><em>ipsa</em></span> <span class='ocrx_word' id='word_1_111' title='bbox 1235 857 1424 885; x_wconf 84' lang='lat' dir='ltr'>contexta.</span> 
     </span>
     <span class='ocr_line' id='line_1_25' title="bbox 766 895 1423 951; baseline 0.005 -14"><span class='ocrx_word' id='word_1_112' title='bbox 766 901 875 937; x_wconf 85' lang='lat' dir='ltr'>Haec</span> <span class='ocrx_word' id='word_1_113' title='bbox 894 895 979 936; x_wconf 85' lang='lat' dir='ltr'>sunt</span> <span class='ocrx_word' id='word_1_114' title='bbox 999 911 1099 949; x_wconf 82' lang='lat' dir='ltr'>quae</span> <span class='ocrx_word' id='word_1_115' title='bbox 1110 901 1225 938; x_wconf 84' lang='lat' dir='ltr'>vitam</span> <span class='ocrx_word' id='word_1_116' title='bbox 1245 900 1423 951; x_wconf 80' lang='lat' dir='ltr'>probant.</span> 
     </span>
     <span class='ocr_line' id='line_1_26' title="bbox 767 951 1427 1006; baseline 0.003 -13"><span class='ocrx_word' id='word_1_117' title='bbox 767 952 901 994; x_wconf 82' lang='lat' dir='ltr'>Rursus</span> <span class='ocrx_word' id='word_1_118' title='bbox 922 951 1174 1006; x_wconf 81' lang='lat' dir='ltr'>subiungitur,</span> <span class='ocrx_word' id='word_1_119' title='bbox 1196 969 1246 994; x_wconf 85' lang='lat' dir='ltr'>au</span> <span class='ocrx_word' id='word_1_120' title='bbox 1265 956 1371 994; x_wconf 84' lang='lat' dir='ltr'>idem</span> <span class='ocrx_word' id='word_1_121' title='bbox 1390 971 1427 995; x_wconf 89' lang='lat' dir='ltr'>a·</span> 
     </span>
     <span class='ocr_line' id='line_1_27' title="bbox 767 1010 1428 1063; baseline 0.002 -14"><span class='ocrx_word' id='word_1_122' title='bbox 767 1011 894 1049; x_wconf 86' lang='lat' dir='ltr'>nimus</span> <span class='ocrx_word' id='word_1_123' title='bbox 922 1010 1018 1048; x_wconf 85' lang='lat' dir='ltr'>circa</span> <span class='ocrx_word' id='word_1_124' title='bbox 1045 1011 1214 1050; x_wconf 85' lang='lat' dir='ltr'>Cliniam</span> <span class='ocrx_word' id='word_1_125' title='bbox 1247 1011 1428 1063; x_wconf 80' lang='lat' dir='ltr'>perseue-</span> 
     </span>
     <span class='ocr_line' id='line_1_28' title="bbox 768 1064 1429 1122; baseline 0.005 -18"><span class='ocrx_word' id='word_1_126' title='bbox 768 1077 838 1106; x_wconf 80' lang='lat' dir='ltr'>ret.</span> <span class='ocrx_word' id='word_1_127' title='bbox 893 1064 987 1105; x_wconf 82' lang='lat' dir='ltr'>Ideo</span> <span class='ocrx_word' id='word_1_128' title='bbox 1015 1066 1290 1120; x_wconf 82' lang='lat' dir='ltr'>interrogauit:</span> <span class='ocrx_word' id='word_1_129' title='bbox 1319 1067 1429 1122; x_wconf 62' lang='lat' dir='ltr'><em>‚Qtid</em></span> 
     </span>
     <span class='ocr_line' id='line_1_29' title="bbox 768 1120 1427 1169; baseline 0.005 -9"><span class='ocrx_word' id='word_1_130' title='bbox 768 1126 843 1169; x_wconf 87' lang='lat' dir='ltr'><em>ait,</em></span> <span class='ocrx_word' id='word_1_131' title='bbox 872 1120 935 1159; x_wconf 80' lang='lat' dir='ltr'>vbi</span> <span class='ocrx_word' id='word_1_132' title='bbox 961 1135 1014 1160; x_wconf 88' lang='lat' dir='ltr'>me</span> <span class='ocrx_word' id='word_1_133' title='bbox 1035 1123 1230 1166; x_wconf 79' lang='lat' dir='ltr'><em>nominas?</em></span> <span class='ocrx_word' id='word_1_134' title='bbox 1259 1124 1427 1163; x_wconf 72' lang='lat' dir='ltr'>Subiun-</span> 
     </span>
     <span class='ocr_line' id='line_1_30' title="bbox 768 1176 1425 1230; baseline 0.002 -14"><span class='ocrx_word' id='word_1_135' title='bbox 768 1179 823 1230; x_wconf 87' lang='lat' dir='ltr'>git</span> <span class='ocrx_word' id='word_1_136' title='bbox 837 1177 924 1217; x_wconf 78' lang='lat' dir='ltr'>ille:</span> <span class='ocrx_word' id='word_1_137' title='bbox 961 1176 1029 1217; x_wconf 78' lang='lat' dir='ltr'>Vbi</span> <span class='ocrx_word' id='word_1_138' title='bbox 1049 1178 1202 1217; x_wconf 80' lang='lat' dir='ltr'><em>dicimus</em></span> <span class='ocrx_word' id='word_1_139' title='bbox 1220 1180 1319 1230; x_wconf 77' lang='lat' dir='ltr'><em>redis</em></span> <span class='ocrx_word' id='word_1_140' title='bbox 1328 1195 1344 1218; x_wconf 90' lang='lat' dir='ltr'><em>e</em></span> <span class='ocrx_word' id='word_1_141' title='bbox 1376 1193 1425 1229; x_wconf 85' lang='lat' dir='ltr'>te,</span> 
     </span>
     <span class='ocr_line' id='line_1_31' title="bbox 770 1234 1427 1286; baseline 0.002 -13"><span class='ocrx_word' id='word_1_142' title='bbox 770 1234 843 1274; x_wconf 59' lang='lat' dir='ltr'>&amp;a</span> <span class='ocrx_word' id='word_1_143' title='bbox 899 1236 1006 1286; x_wconf 86' lang='lat' dir='ltr'>Ergo</span> <span class='ocrx_word' id='word_1_144' title='bbox 1040 1244 1079 1272; x_wconf 87' lang='lat' dir='ltr'>et</span> <span class='ocrx_word' id='word_1_145' title='bbox 1115 1234 1178 1272; x_wconf 89' lang='lat' dir='ltr'>hic</span> <span class='ocrx_word' id='word_1_146' title='bbox 1205 1236 1427 1274; x_wconf 62' lang='lat' dir='ltr'>coniecffira</span> 
     </span>
     <span class='ocr_line' id='line_1_32' title="bbox 769 1287 1430 1342; baseline 0.003 -14"><span class='ocrx_word' id='word_1_147' title='bbox 769 1288 844 1337; x_wconf 85' lang='lat' dir='ltr'>est,</span> <span class='ocrx_word' id='word_1_148' title='bbox 875 1302 925 1327; x_wconf 86' lang='lat' dir='ltr'>an</span> <span class='ocrx_word' id='word_1_149' title='bbox 943 1287 1049 1328; x_wconf 88' lang='lat' dir='ltr'>idem</span> <span class='ocrx_word' id='word_1_150' title='bbox 1074 1291 1226 1329; x_wconf 87' lang='lat' dir='ltr'>animus</span> <span class='ocrx_word' id='word_1_151' title='bbox 1247 1289 1430 1342; x_wconf 84' lang='lat' dir='ltr'>perseue-</span> 
     </span>
     <span class='ocr_line' id='line_1_33' title="bbox 769 1344 1428 1398; baseline 0.003 -15"><span class='ocrx_word' id='word_1_152' title='bbox 769 1356 839 1383; x_wconf 84' lang='lat' dir='ltr'>ret.</span> <span class='ocrx_word' id='word_1_153' title='bbox 868 1374 872 1376; x_wconf 26' lang='lat' dir='ltr'>v</span> <span class='ocrx_word' id='word_1_154' title='bbox 907 1344 1114 1384; x_wconf 79' lang='lat' dir='ltr'>Probamus</span> <span class='ocrx_word' id='word_1_155' title='bbox 1156 1357 1285 1387; x_wconf 81' lang='lat' dir='ltr'>autem</span> <span class='ocrx_word' id='word_1_156' title='bbox 1321 1347 1428 1398; x_wconf 85' lang='lat' dir='ltr'>quod</span> 
     </span>
     <span class='ocr_line' id='line_1_34' title="bbox 769 1399 1427 1452; baseline 0.006 -14"><span class='ocrx_word' id='word_1_157' title='bbox 769 1399 990 1451; x_wconf 82' lang='lat' dir='ltr'>perseueret</span> <span class='ocrx_word' id='word_1_158' title='bbox 1009 1413 1057 1438; x_wconf 84' lang='lat' dir='ltr'>ex</span> <span class='ocrx_word' id='word_1_159' title='bbox 1077 1414 1136 1448; x_wconf 76' lang='lat' dir='ltr'>eo,</span> <span class='ocrx_word' id='word_1_160' title='bbox 1162 1403 1267 1452; x_wconf 91' lang='lat' dir='ltr'>quod</span> <span class='ocrx_word' id='word_1_161' title='bbox 1296 1402 1358 1440; x_wconf 77' lang='lat' dir='ltr'>vbi</span> <span class='ocrx_word' id='word_1_162' title='bbox 1386 1414 1427 1442; x_wconf 81' lang='lat' dir='ltr'>te</span> 
     </span>
     <span class='ocr_line' id='line_1_35' title="bbox 770 1456 1428 1503; baseline 0.006 -10"><span class='ocrx_word' id='word_1_163' title='bbox 770 1456 1067 1503; x_wconf 64' lang='lat' dir='ltr'>nominafflmus,</span> <span class='ocrx_word' id='word_1_164' title='bbox 1099 1458 1226 1495; x_wconf 84' lang='lat' dir='ltr'>mulier</span> <span class='ocrx_word' id='word_1_165' title='bbox 1246 1458 1351 1496; x_wconf 76' lang='lat' dir='ltr'><em>telam</em></span> <span class='ocrx_word' id='word_1_166' title='bbox 1370 1460 1428 1497; x_wconf 84' lang='lat' dir='ltr'>de-</span> 
     </span>
    </p>
   </div>
   <div class='ocr_carea' id='block_1_9' title="bbox 64 1511 1427 1565">
    <p class='ocr_par' dir='ltr' id='par_1_9' title="bbox 64 1511 1427 1565">
     <span class='ocr_line' id='line_1_36' title="bbox 64 1511 1427 1565; baseline -0.004 -9"><span class='ocrx_word' id='word_1_167' title='bbox 64 1520 244 1564; x_wconf 84' lang='lat' dir='ltr'>omnium,</span> <span class='ocrx_word' id='word_1_168' title='bbox 276 1517 300 1554; x_wconf 89' lang='lat' dir='ltr'>i.</span> <span class='ocrx_word' id='word_1_169' title='bbox 328 1527 361 1553; x_wconf 86' lang='lat' dir='ltr'>e.</span> <span class='ocrx_word' id='word_1_170' title='bbox 383 1527 476 1553; x_wconf 80' lang='lat' dir='ltr'>eece</span> <span class='ocrx_word' id='word_1_171' title='bbox 494 1514 661 1565; x_wconf 81' lang='lat' dir='ltr'>primum</span> <span class='ocrx_word' id='word_1_172' title='bbox 685 1524 721 1550; x_wconf 91' lang='lat' dir='ltr'>o·</span> <span class='ocrx_word' id='word_1_173' title='bbox 757 1511 860 1562; x_wconf 75' lang='lat' dir='ltr'><strong><em>firit</em></strong></span> <span class='ocrx_word' id='word_1_174' title='bbox 889 1512 1080 1558; x_wconf 71' lang='lat' dir='ltr'>continuo,</span> <span class='ocrx_word' id='word_1_175' title='bbox 1110 1523 1145 1552; x_wconf 81' lang='lat' dir='ltr'>et</span> <span class='ocrx_word' id='word_1_176' title='bbox 1170 1516 1346 1552; x_wconf 79' lang='lat' dir='ltr'><em>lacrumis</em></span> <span class='ocrx_word' id='word_1_177' title='bbox 1365 1525 1427 1565; x_wconf 86' lang='lat' dir='ltr'>op-</span> 
     </span>
    </p>
   </div>
   <div class='ocr_carea' id='block_1_10' title="bbox 63 1568 722 2687">
    <p class='ocr_par' dir='ltr' id='par_1_10' title="bbox 63 1568 722 2687">
     <span class='ocr_line' id='line_1_37' title="bbox 64 1568 664 1622; baseline -0.012 -9"><span class='ocrx_word' id='word_1_178' title='bbox 64 1573 227 1618; x_wconf 86' lang='lat' dir='ltr'>mnium,</span> <span class='ocrx_word' id='word_1_179' title='bbox 250 1570 354 1622; x_wconf 91' lang='lat' dir='ltr'>quod</span> <span class='ocrx_word' id='word_1_180' title='bbox 378 1568 560 1622; x_wconf 83' lang='lat' dir='ltr'>sequitur.</span> <span class='ocrx_word' id='word_1_181' title='bbox 619 1570 664 1609; x_wconf 94' lang='lat' dir='ltr'>C.</span> 
     </span>
     <span class='ocr_line' id='line_1_38' title="bbox 119 1623 722 1681; baseline -0.012 -13"><span class='ocrx_word' id='word_1_182' title='bbox 119 1641 174 1681; x_wconf 86' lang='lat'>34</span> <span class='ocrx_word' id='word_1_183' title='bbox 203 1626 277 1667; x_wconf 82' lang='lat' dir='ltr'>Vbi</span> <span class='ocrx_word' id='word_1_184' title='bbox 295 1639 439 1665; x_wconf 78' lang='lat' dir='ltr'>ventum</span> <span class='ocrx_word' id='word_1_185' title='bbox 449 1624 625 1677; x_wconf 82' lang='lat' dir='ltr'><em>adaedis]</em></span> <span class='ocrx_word' id='word_1_186' title='bbox 647 1623 722 1662; x_wconf 85' lang='lat' dir='ltr'>Hic</span> 
     </span>
     <span class='ocr_line' id='line_1_39' title="bbox 66 1681 722 1737; baseline -0.012 -13"><span class='ocrx_word' id='word_1_187' title='bbox 66 1698 162 1737; x_wconf 83' lang='lat' dir='ltr'>ergo</span> <span class='ocrx_word' id='word_1_188' title='bbox 183 1684 352 1722; x_wconf 79' lang='lat' dir='ltr'>breuiter</span> <span class='ocrx_word' id='word_1_189' title='bbox 372 1681 502 1720; x_wconf 82' lang='lat' dir='ltr'>omnia</span> <span class='ocrx_word' id='word_1_190' title='bbox 515 1692 722 1733; x_wconf 78' lang='lat' dir='ltr'>argumen-</span> 
     </span>
     <span class='ocr_line' id='line_1_40' title="bbox 63 1736 721 1791; baseline -0.011 -11"><span class='ocrx_word' id='word_1_191' title='bbox 63 1753 127 1787; x_wconf 77' lang='lat' dir='ltr'>ta,</span> <span class='ocrx_word' id='word_1_192' title='bbox 163 1752 263 1791; x_wconf 87' lang='lat' dir='ltr'>quae</span> <span class='ocrx_word' id='word_1_193' title='bbox 297 1753 318 1777; x_wconf 87' lang='lat' dir='ltr'><em>a</em></span> <span class='ocrx_word' id='word_1_194' title='bbox 352 1736 575 1776; x_wconf 79' lang='lat' dir='ltr'>summo&#39;ad</span> <span class='ocrx_word' id='word_1_195' title='bbox 598 1737 721 1773; x_wconf 89' lang='lat' dir='ltr'>imum</span> 
     </span>
     <span class='ocr_line' id='line_1_41' title="bbox 63 1792 721 1847; baseline -0.012 -11"><span class='ocrx_word' id='word_1_196' title='bbox 63 1795 164 1844; x_wconf 83' lang='lat' dir='ltr'>sunt,</span> <span class='ocrx_word' id='word_1_197' title='bbox 187 1796 424 1847; x_wconf 82' lang='lat' dir='ltr'>colligamus.</span> <span class='ocrx_word' id='word_1_198' title='bbox 479 1797 537 1832; x_wconf 87' lang='lat' dir='ltr'>Ac</span> <span class='ocrx_word' id='word_1_199' title='bbox 553 1792 721 1843; x_wconf 85' lang='lat' dir='ltr'>primum</span> 
     </span>
     <span class='ocr_line' id='line_1_42' title="bbox 65 1847 717 1895; baseline -0.011 -4"><span class='ocrx_word' id='word_1_200' title='bbox 65 1853 296 1891; x_wconf 83' lang='lat' dir='ltr'>collocetur:</span> <span class='ocrx_word' id='word_1_201' title='bbox 337 1848 446 1889; x_wconf 84' lang='lat' dir='ltr'>Casta</span> <span class='ocrx_word' id='word_1_202' title='bbox 480 1847 535 1887; x_wconf 89' lang='lat' dir='ltr'>est</span> <span class='ocrx_word' id='word_1_203' title='bbox 569 1847 717 1895; x_wconf 83' lang='lat' dir='ltr'>mulier,</span> 
     </span>
     <span class='ocr_line' id='line_1_43' title="bbox 64 1903 718 1956; baseline -0.014 -8"><span class='ocrx_word' id='word_1_204' title='bbox 64 1919 105 1948; x_wconf 91' lang='lat' dir='ltr'>et</span> <span class='ocrx_word' id='word_1_205' title='bbox 124 1908 263 1947; x_wconf 84' lang='lat' dir='ltr'><em>eadem</em></span> <span class='ocrx_word' id='word_1_206' title='bbox 284 1917 387 1956; x_wconf 87' lang='lat' dir='ltr'>quae</span> <span class='ocrx_word' id='word_1_207' title='bbox 403 1903 477 1942; x_wconf 87' lang='lat' dir='ltr'>fuit</span> <span class='ocrx_word' id='word_1_208' title='bbox 496 1913 599 1948; x_wconf 80' lang='lat' dir='ltr'>ante,</span> <span class='ocrx_word' id='word_1_209' title='bbox 632 1915 718 1954; x_wconf 80' lang='lat' dir='ltr'>per-</span> 
     </span>
     <span class='ocr_line' id='line_1_44' title="bbox 63 1955 718 2013; baseline -0.014 -9"><span class='ocrx_word' id='word_1_210' title='bbox 63 1963 228 2004; x_wconf 84' lang='lat' dir='ltr'>seuerat:</span> <span class='ocrx_word' id='word_1_211' title='bbox 268 1960 372 2013; x_wconf 90' lang='lat' dir='ltr'>quod</span> <span class='ocrx_word' id='word_1_212' title='bbox 409 1973 499 1999; x_wconf 85' lang='lat' dir='ltr'>anus</span> <span class='ocrx_word' id='word_1_213' title='bbox 525 1955 718 2012; x_wconf 68' lang='lat' dir='ltr'>p‘oceffit:</span> 
     </span>
     <span class='ocr_line' id='line_1_45' title="bbox 63 2013 717 2072; baseline -0.012 -13"><span class='ocrx_word' id='word_1_214' title='bbox 63 2019 171 2072; x_wconf 90' lang='lat' dir='ltr'>quod</span> <span class='ocrx_word' id='word_1_215' title='bbox 213 2018 341 2070; x_wconf 83' lang='lat' dir='ltr'><em>ostium</em></span> <span class='ocrx_word' id='word_1_216' title='bbox 387 2017 562 2066; x_wconf 70' lang='lat' dir='ltr'><em>aperuitt</em></span> <span class='ocrx_word' id='word_1_217' title='bbox 612 2013 717 2065; x_wconf 83' lang='lat' dir='ltr'>quod</span> 
     </span>
     <span class='ocr_line' id='line_1_46' title="bbox 65 2069 718 2128; baseline -0.014 -12"><span class='ocrx_word' id='word_1_218' title='bbox 65 2078 234 2117; x_wconf 79' lang='lat' dir='ltr'>continuo</span> <span class='ocrx_word' id='word_1_219' title='bbox 274 2071 448 2128; x_wconf 65' lang='lat' dir='ltr'>ingrqlfiu·</span> <span class='ocrx_word' id='word_1_220' title='bbox 485 2070 532 2121; x_wconf 83' lang='lat' dir='ltr'>est</span> <span class='ocrx_word' id='word_1_221' title='bbox 561 2069 718 2119; x_wconf 85' lang='lat' dir='ltr'>seruus:</span> 
     </span>
     <span class='ocr_line' id='line_1_47' title="bbox 64 2124 718 2185; baseline -0.014 -13"><span class='ocrx_word' id='word_1_222' title='bbox 64 2132 182 2185; x_wconf 88' lang='lat' dir='ltr'>quod,</span> <span class='ocrx_word' id='word_1_223' title='bbox 202 2130 402 2183; x_wconf 84' lang='lat' dir='ltr'>postquam</span> <span class='ocrx_word' id='word_1_224' title='bbox 420 2124 620 2180; x_wconf 67' lang='lat' dir='ltr'>ingressus,</span> <span class='ocrx_word' id='word_1_225' title='bbox 652 2125 718 2164; x_wconf 87' lang='lat' dir='ltr'>sta-</span> 
     </span>
     <span class='ocr_line' id='line_1_48' title="bbox 65 2179 716 2239; baseline -0.014 -11"><span class='ocrx_word' id='word_1_226' title='bbox 65 2190 134 2228; x_wconf 87' lang='lat' dir='ltr'>tim</span> <span class='ocrx_word' id='word_1_227' title='bbox 166 2200 256 2227; x_wconf 79' lang='lat' dir='ltr'>anus</span> <span class='ocrx_word' id='word_1_228' title='bbox 274 2184 445 2239; x_wconf 72' lang='lat' dir='ltr'>paefficlum</span> <span class='ocrx_word' id='word_1_229' title='bbox 473 2179 593 2222; x_wconf 81' lang='lat' dir='ltr'>rursus</span> <span class='ocrx_word' id='word_1_230' title='bbox 613 2181 716 2233; x_wconf 85' lang='lat' dir='ltr'><em>fori-</em></span> 
     </span>
     <span class='ocr_line' id='line_1_49' title="bbox 68 2238 717 2292; baseline -0.011 -10"><span class='ocrx_word' id='word_1_231' title='bbox 68 2242 135 2283; x_wconf 84' lang='lat' dir='ltr'>bus</span> <span class='ocrx_word' id='word_1_232' title='bbox 161 2244 288 2282; x_wconf 86' lang='lat' dir='ltr'><em>obdit:</em></span> <span class='ocrx_word' id='word_1_233' title='bbox 317 2240 420 2292; x_wconf 89' lang='lat' dir='ltr'>quod</span> <span class='ocrx_word' id='word_1_234' title='bbox 448 2240 498 2278; x_wconf 83' lang='lat' dir='ltr'>ad</span> <span class='ocrx_word' id='word_1_235' title='bbox 525 2238 645 2277; x_wconf 82' lang='lat' dir='ltr'>lanam</span> <span class='ocrx_word' id='word_1_236' title='bbox 664 2245 717 2276; x_wconf 72' lang='lat' dir='ltr'>re-</span> 
     </span>
     <span class='ocr_line' id='line_1_50' title="bbox 67 2292 718 2350; baseline -0.014 -11"><span class='ocrx_word' id='word_1_237' title='bbox 67 2300 149 2339; x_wconf 84' lang='lat' dir='ltr'><em>dit:</em></span> <span class='ocrx_word' id='word_1_238' title='bbox 176 2298 277 2350; x_wconf 90' lang='lat' dir='ltr'>quod</span> <span class='ocrx_word' id='word_1_239' title='bbox 302 2309 483 2338; x_wconf 79' lang='lat' dir='ltr'><em>texentem</em></span> <span class='ocrx_word' id='word_1_240' title='bbox 512 2294 618 2333; x_wconf 84' lang='lat' dir='ltr'><em>telam</em></span> <span class='ocrx_word' id='word_1_241' title='bbox 639 2292 718 2346; x_wconf 87' lang='lat' dir='ltr'>stu-</span> 
     </span>
     <span class='ocr_line' id='line_1_51' title="bbox 65 2349 718 2406; baseline -0.014 -12"><span class='ocrx_word' id='word_1_242' title='bbox 65 2354 165 2405; x_wconf 71' lang='grc' dir='ltr'>άὶΟΙέ</span> <span class='ocrx_word' id='word_1_243' title='bbox 182 2353 293 2406; x_wconf 70' lang='lat' dir='ltr'><em>ipsam</em></span> <span class='ocrx_word' id='word_1_244' title='bbox 303 2355 510 2393; x_wconf 77' lang='lat' dir='ltr'><em>inuenerit:</em></span> <span class='ocrx_word' id='word_1_245' title='bbox 536 2349 641 2401; x_wconf 85' lang='lat' dir='ltr'>quod</span> <span class='ocrx_word' id='word_1_246' title='bbox 652 2362 718 2387; x_wconf 75' lang='lat' dir='ltr'>me-</span> 
     </span>
     <span class='ocr_line' id='line_1_52' title="bbox 66 2404 718 2461; baseline -0.009 -12"><span class='ocrx_word' id='word_1_247' title='bbox 66 2412 244 2450; x_wconf 83' lang='lat' dir='ltr'>diocriter</span> <span class='ocrx_word' id='word_1_248' title='bbox 278 2409 462 2461; x_wconf 63' lang='lat' dir='ltr'>vestituum</span> <span class='ocrx_word' id='word_1_249' title='bbox 500 2404 606 2458; x_wconf 88' lang='lat' dir='ltr'>quod</span> <span class='ocrx_word' id='word_1_250' title='bbox 637 2405 718 2455; x_wconf 80' lang='lat' dir='ltr'>fine</span> 
     </span>
     <span class='ocr_line' id='line_1_53' title="bbox 66 2463 718 2516; baseline -0.012 -10"><span class='ocrx_word' id='word_1_251' title='bbox 66 2480 158 2506; x_wconf 85' lang='lat' dir='ltr'>auro</span> <span class='ocrx_word' id='word_1_252' title='bbox 172 2483 185 2504; x_wconf 93' lang='lat'><em>:</em></span> <span class='ocrx_word' id='word_1_253' title='bbox 214 2466 318 2516; x_wconf 84' lang='lat' dir='ltr'>quod</span> <span class='ocrx_word' id='word_1_254' title='bbox 339 2463 392 2505; x_wconf 72' lang='lat' dir='ltr'>ita</span> <span class='ocrx_word' id='word_1_255' title='bbox 410 2474 718 2515; x_wconf 84' lang='lat' dir='ltr'><em>ornatam,quem-</em></span> 
     </span>
     <span class='ocr_line' id='line_1_54' title="bbox 66 2516 716 2573; baseline -0.012 -11"><span class='ocrx_word' id='word_1_256' title='bbox 66 2521 259 2562; x_wconf 82' lang='lat' dir='ltr'><em>admodum</em></span> <span class='ocrx_word' id='word_1_257' title='bbox 284 2521 357 2573; x_wconf 81' lang='lat' dir='ltr'>fibi</span> <span class='ocrx_word' id='word_1_258' title='bbox 389 2531 574 2561; x_wconf 87' lang='lat' dir='ltr'>ornatur;</span> <span class='ocrx_word' id='word_1_259' title='bbox 612 2516 716 2569; x_wconf 90' lang='lat' dir='ltr'>quod</span> 
     </span>
     <span class='ocr_line' id='line_1_55' title="bbox 66 2572 718 2627; baseline -0.011 -10"><span class='ocrx_word' id='word_1_260' title='bbox 66 2577 167 2619; x_wconf 80' lang='lat' dir='ltr'>nulla</span> <span class='ocrx_word' id='word_1_261' title='bbox 195 2577 291 2616; x_wconf 85' lang='lat' dir='ltr'>mala</span> <span class='ocrx_word' id='word_1_262' title='bbox 314 2590 351 2615; x_wconf 74' lang='lat' dir='ltr'>re</span> <span class='ocrx_word' id='word_1_263' title='bbox 377 2576 576 2627; x_wconf 81' lang='lat' dir='ltr'>expolitam</span> <span class='ocrx_word' id='word_1_264' title='bbox 593 2572 718 2612; x_wconf 83' lang='lat' dir='ltr'>mulie-</span> 
     </span>
     <span class='ocr_line' id='line_1_56' title="bbox 67 2630 717 2687; baseline -0.015 -10"><span class='ocrx_word' id='word_1_265' title='bbox 67 2633 144 2686; x_wconf 70' lang='lat' dir='ltr'>bri:</span> <span class='ocrx_word' id='word_1_266' title='bbox 180 2631 286 2686; x_wconf 82' lang='lat' dir='ltr'>quod</span> <span class='ocrx_word' id='word_1_267' title='bbox 316 2632 462 2687; x_wconf 75' lang='lat' dir='ltr'>capillus</span> <span class='ocrx_word' id='word_1_268' title='bbox 489 2630 532 2671; x_wconf 75' lang='lat' dir='ltr'>ab</span> <span class='ocrx_word' id='word_1_269' title='bbox 564 2644 602 2670; x_wconf 84' lang='lat' dir='ltr'>ea</span> <span class='ocrx_word' id='word_1_270' title='bbox 633 2632 717 2669; x_wconf 65' lang='lat' dir='ltr'><em>reie-</em></span> 
     </span>
    </p>
   </div>
   <div class='ocr_carea' id='block_1_11' title="bbox 764 1565 1429 2730">
    <p class='ocr_par' dir='ltr' id='par_1_11' title="bbox 764 1565 1429 1942">
     <span class='ocr_line' id='line_1_57' title="bbox 764 1565 1428 1621; baseline 0.005 -16"><span class='ocrx_word' id='word_1_271' title='bbox 764 1567 844 1620; x_wconf 85' lang='lat' dir='ltr'>plet</span> <span class='ocrx_word' id='word_1_272' title='bbox 865 1582 906 1606; x_wconf 86' lang='lat' dir='ltr'>os</span> <span class='ocrx_word' id='word_1_273' title='bbox 926 1565 1143 1617; x_wconf 77' lang='lat' dir='ltr'>totumfi‘bi²</span> <span class='ocrx_word' id='word_1_274' title='bbox 1167 1579 1213 1608; x_wconf 78' lang='lat' dir='ltr'>vt</span> <span class='ocrx_word' id='word_1_275' title='bbox 1227 1568 1428 1621; x_wconf 78' lang='lat' dir='ltr'>fhcilefii-</span> 
     </span>
     <span class='ocr_line' id='line_1_58' title="bbox 771 1621 1428 1674; baseline 0.003 -12"><span class='ocrx_word' id='word_1_276' title='bbox 771 1637 838 1670; x_wconf 86' lang='lat' dir='ltr'><em>res,</em></span> <span class='ocrx_word' id='word_1_277' title='bbox 858 1621 1030 1671; x_wconf 65' lang='lat' dir='ltr'>defiderio</span> <span class='ocrx_word' id='word_1_278' title='bbox 1050 1624 1090 1662; x_wconf 86' lang='lat' dir='ltr'>id</span> <span class='ocrx_word' id='word_1_279' title='bbox 1099 1623 1189 1674; x_wconf 82' lang='lat' dir='ltr'><em>fieri</em></span> <span class='ocrx_word' id='word_1_280' title='bbox 1200 1638 1276 1662; x_wconf 86' lang='lat' dir='ltr'>tuo.</span> <span class='ocrx_word' id='word_1_281' title='bbox 1310 1626 1428 1666; x_wconf 89' lang='lat' dir='ltr'>Com-</span> 
     </span>
     <span class='ocr_line' id='line_1_59' title="bbox 770 1679 1428 1731; baseline 0.005 -14"><span class='ocrx_word' id='word_1_282' title='bbox 770 1680 874 1731; x_wconf 83' lang='lat' dir='ltr'>pleta</span> <span class='ocrx_word' id='word_1_283' title='bbox 894 1679 1013 1731; x_wconf 78' lang='lat' dir='ltr'>igitur</span> <span class='ocrx_word' id='word_1_284' title='bbox 1033 1681 1142 1718; x_wconf 84' lang='lat' dir='ltr'>omni</span> <span class='ocrx_word' id='word_1_285' title='bbox 1170 1692 1232 1726; x_wconf 84' lang='lat' dir='ltr'>re,</span> <span class='ocrx_word' id='word_1_286' title='bbox 1261 1681 1309 1719; x_wconf 84' lang='lat' dir='ltr'>ad</span> <span class='ocrx_word' id='word_1_287' title='bbox 1333 1682 1428 1720; x_wconf 71' lang='lat' dir='ltr'>alte-</span> 
     </span>
     <span class='ocr_line' id='line_1_60' title="bbox 771 1733 1429 1775; baseline 0.002 -1"><span class='ocrx_word' id='word_1_288' title='bbox 771 1749 851 1774; x_wconf 86' lang='lat' dir='ltr'>ram</span> <span class='ocrx_word' id='word_1_289' title='bbox 868 1734 1128 1774; x_wconf 81' lang='lat' dir='ltr'>narrationem</span> <span class='ocrx_word' id='word_1_290' title='bbox 1148 1733 1356 1775; x_wconf 75' lang='lat' dir='ltr'>uecefl&#39;ario</span> <span class='ocrx_word' id='word_1_291' title='bbox 1376 1739 1429 1775; x_wconf 79' lang='lat' dir='ltr'>ci-</span> 
     </span>
     <span class='ocr_line' id='line_1_61' title="bbox 771 1790 1427 1843; baseline 0.003 -14"><span class='ocrx_word' id='word_1_292' title='bbox 771 1801 809 1829; x_wconf 87' lang='lat' dir='ltr'>to</span> <span class='ocrx_word' id='word_1_293' title='bbox 831 1790 1058 1838; x_wconf 80' lang='lat' dir='ltr'>deuoluitur,</span> <span class='ocrx_word' id='word_1_294' title='bbox 1080 1803 1119 1830; x_wconf 82' lang='lat' dir='ltr'>vt</span> <span class='ocrx_word' id='word_1_295' title='bbox 1131 1791 1304 1830; x_wconf 77' lang='lat' dir='ltr'>ostendat</span> <span class='ocrx_word' id='word_1_296' title='bbox 1324 1806 1427 1843; x_wconf 80' lang='lat' dir='ltr'>quae</span> 
     </span>
     <span class='ocr_line' id='line_1_62' title="bbox 767 1845 1426 1899; baseline 0.005 -15"><span class='ocrx_word' id='word_1_297' title='bbox 767 1847 831 1885; x_wconf 88' lang='lat' dir='ltr'>illa</span> <span class='ocrx_word' id='word_1_298' title='bbox 853 1847 976 1884; x_wconf 82' lang='lat' dir='ltr'>altera</span> <span class='ocrx_word' id='word_1_299' title='bbox 1006 1845 1048 1884; x_wconf 88' lang='lat' dir='ltr'>fit</span> <span class='ocrx_word' id='word_1_300' title='bbox 1076 1847 1236 1896; x_wconf 79' lang='lat' dir='ltr'>mulier,</span> <span class='ocrx_word' id='word_1_301' title='bbox 1267 1846 1317 1886; x_wconf 86' lang='lat' dir='ltr'>de</span> <span class='ocrx_word' id='word_1_302' title='bbox 1347 1862 1426 1899; x_wconf 80' lang='lat' dir='ltr'>qua</span> 
     </span>
     <span class='ocr_line' id='line_1_63' title="bbox 766 1902 1135 1942; baseline -0.003 -1"><span class='ocrx_word' id='word_1_303' title='bbox 766 1912 859 1941; x_wconf 86' lang='lat' dir='ltr'>ante</span> <span class='ocrx_word' id='word_1_304' title='bbox 878 1902 1037 1940; x_wconf 77' lang='lat' dir='ltr'>dixerat.</span> <span class='ocrx_word' id='word_1_305' title='bbox 1094 1905 1135 1942; x_wconf 90' lang='lat' dir='ltr'>E.</span> 
     </span>
    </p>

    <p class='ocr_par' dir='ltr' id='par_1_12' title="bbox 764 1958 1427 2165">
     <span class='ocr_line' id='line_1_64' title="bbox 824 1958 1427 2013; baseline 0.005 -17"><span class='ocrx_word' id='word_1_306' title='bbox 824 1969 875 2010; x_wconf 83' lang='lat'>35</span> <span class='ocrx_word' id='word_1_307' title='bbox 914 1961 1018 1996; x_wconf 76' lang='lat' dir='ltr'><em>Anus</em></span> <span class='ocrx_word' id='word_1_308' title='bbox 1055 1958 1235 2010; x_wconf 77' lang='lat' dir='ltr'><em>quaedam</em></span> <span class='ocrx_word' id='word_1_309' title='bbox 1273 1960 1427 2013; x_wconf 80' lang='lat' dir='ltr'>prodit]</span> 
     </span>
     <span class='ocr_line' id='line_1_65' title="bbox 764 2012 1426 2066; baseline 0 -13"><span class='ocrx_word' id='word_1_310' title='bbox 764 2015 810 2053; x_wconf 87' lang='lat' dir='ltr'>In</span> <span class='ocrx_word' id='word_1_311' title='bbox 838 2012 1027 2053; x_wconf 83' lang='lat' dir='ltr'>Eunucho</span> <span class='ocrx_word' id='word_1_312' title='bbox 1057 2013 1108 2052; x_wconf 73' lang='lat' dir='ltr'>de</span> <span class='ocrx_word' id='word_1_313' title='bbox 1139 2014 1313 2053; x_wconf 70' lang='lat' dir='ltr'>viliffima</span> <span class='ocrx_word' id='word_1_314' title='bbox 1338 2029 1426 2066; x_wconf 83' lang='lat' dir='ltr'>per-</span> 
     </span>
     <span class='ocr_line' id='line_1_66' title="bbox 766 2067 1426 2120; baseline 0.002 -13"><span class='ocrx_word' id='word_1_315' title='bbox 766 2067 876 2117; x_wconf 86' lang='lat' dir='ltr'>sona,</span> <span class='ocrx_word' id='word_1_316' title='bbox 905 2070 1024 2108; x_wconf 77' lang='lat' dir='ltr'><em>Prodi</em></span> <span class='ocrx_word' id='word_1_317' title='bbox 1037 2070 1170 2120; x_wconf 80' lang='lat' dir='ltr'>foras,</span> <span class='ocrx_word' id='word_1_318' title='bbox 1195 2071 1285 2109; x_wconf 77' lang='lat' dir='ltr'>male</span> <span class='ocrx_word' id='word_1_319' title='bbox 1305 2074 1426 2111; x_wconf 77' lang='lat' dir='ltr'>conci-</span> 
     </span>
     <span class='ocr_line' id='line_1_67' title="bbox 764 2124 1323 2165; baseline -0.005 -1"><span class='ocrx_word' id='word_1_320' title='bbox 764 2124 865 2164; x_wconf 81' lang='lat' dir='ltr'>liate.</span> <span class='ocrx_word' id='word_1_321' title='bbox 924 2125 971 2165; x_wconf 90' lang='lat' dir='ltr'>C.</span> <span class='ocrx_word' id='word_1_322' title='bbox 1320 2139 1323 2143; x_wconf 84' lang='grc'><em>·</em></span> 
     </span>
    </p>

    <p class='ocr_par' dir='ltr' id='par_1_13' title="bbox 765 2180 1426 2681">
     <span class='ocr_line' id='line_1_68' title="bbox 821 2180 1424 2235; baseline 0.005 -17"><span class='ocrx_word' id='word_1_323' title='bbox 821 2184 923 2221; x_wconf 79' lang='lat' dir='ltr'>Anus</span> <span class='ocrx_word' id='word_1_324' title='bbox 952 2180 1126 2234; x_wconf 80' lang='lat' dir='ltr'><em>quaedam</em></span> <span class='ocrx_word' id='word_1_325' title='bbox 1147 2181 1297 2235; x_wconf 83' lang='lat' dir='ltr'>prodit]</span> <span class='ocrx_word' id='word_1_326' title='bbox 1316 2183 1424 2224; x_wconf 67' lang='lat' dir='ltr'>soii-</span> 
     </span>
     <span class='ocr_line' id='line_1_69' title="bbox 766 2236 1424 2286; baseline 0.003 -11"><span class='ocrx_word' id='word_1_327' title='bbox 766 2246 829 2275; x_wconf 84' lang='lat' dir='ltr'>tae</span> <span class='ocrx_word' id='word_1_328' title='bbox 849 2237 953 2274; x_wconf 85' lang='lat' dir='ltr'>inter</span> <span class='ocrx_word' id='word_1_329' title='bbox 974 2237 1168 2286; x_wconf 79' lang='lat' dir='ltr'>reliquum</span> <span class='ocrx_word' id='word_1_330' title='bbox 1193 2236 1424 2278; x_wconf 77' lang='lat' dir='ltr'>famulitium</span> 
     </span>
     <span class='ocr_line' id='line_1_70' title="bbox 766 2292 1426 2347; baseline 0.005 -17"><span class='ocrx_word' id='word_1_331' title='bbox 766 2293 927 2331; x_wconf 83' lang='lat' dir='ltr'>ancillae</span> <span class='ocrx_word' id='word_1_332' title='bbox 938 2292 1129 2342; x_wconf 86' lang='lat' dir='ltr'>quaedam</span> <span class='ocrx_word' id='word_1_333' title='bbox 1146 2292 1188 2330; x_wconf 91' lang='lat' dir='ltr'>in</span> <span class='ocrx_word' id='word_1_334' title='bbox 1199 2304 1323 2333; x_wconf 80' lang='lat' dir='ltr'>aetate</span> <span class='ocrx_word' id='word_1_335' title='bbox 1340 2307 1426 2347; x_wconf 83' lang='lat' dir='ltr'>gra-</span> 
     </span>
     <span class='ocr_line' id='line_1_71' title="bbox 766 2344 1424 2398; baseline 0.003 -12"><span class='ocrx_word' id='word_1_336' title='bbox 766 2348 894 2386; x_wconf 83' lang='lat' dir='ltr'>uim-es</span> <span class='ocrx_word' id='word_1_337' title='bbox 927 2344 1025 2386; x_wconf 87' lang='lat' dir='ltr'>esse:</span> <span class='ocrx_word' id='word_1_338' title='bbox 1057 2361 1217 2398; x_wconf 74' lang='lat' dir='ltr'>quarum</span> <span class='ocrx_word' id='word_1_339' title='bbox 1249 2349 1424 2389; x_wconf 81' lang='lat' dir='ltr'>officium</span> 
     </span>
     <span class='ocr_line' id='line_1_72' title="bbox 766 2403 1425 2454; baseline 0.003 -12"><span class='ocrx_word' id='word_1_340' title='bbox 766 2414 858 2451; x_wconf 83' lang='lat' dir='ltr'><em>erat,</em></span> <span class='ocrx_word' id='word_1_341' title='bbox 880 2403 929 2442; x_wconf 89' lang='lat' dir='ltr'>de</span> <span class='ocrx_word' id='word_1_342' title='bbox 951 2403 1226 2454; x_wconf 82' lang='lat' dir='ltr'>capillamento</span> <span class='ocrx_word' id='word_1_343' title='bbox 1238 2405 1425 2444; x_wconf 79' lang='lat' dir='ltr'>dominae</span> 
     </span>
     <span class='ocr_line' id='line_1_73' title="bbox 766 2458 1424 2511; baseline 0.002 -13"><span class='ocrx_word' id='word_1_344' title='bbox 766 2461 808 2498; x_wconf 89' lang='lat' dir='ltr'>in</span> <span class='ocrx_word' id='word_1_345' title='bbox 828 2458 1024 2497; x_wconf 82' lang='lat' dir='ltr'>confilium</span> <span class='ocrx_word' id='word_1_346' title='bbox 1044 2459 1111 2506; x_wconf 84' lang='lat' dir='ltr'>ire,</span> <span class='ocrx_word' id='word_1_347' title='bbox 1132 2470 1171 2498; x_wconf 90' lang='lat' dir='ltr'>vt</span> <span class='ocrx_word' id='word_1_348' title='bbox 1189 2461 1291 2499; x_wconf 66' lang='lat' dir='ltr'>recle</span> <span class='ocrx_word' id='word_1_349' title='bbox 1302 2458 1424 2511; x_wconf 79' lang='lat' dir='ltr'>dispo-</span> 
     </span>
     <span class='ocr_line' id='line_1_74' title="bbox 767 2513 1424 2564; baseline 0.002 -10"><span class='ocrx_word' id='word_1_350' title='bbox 767 2526 936 2564; x_wconf 83' lang='lat' dir='ltr'>neretur,</span> <span class='ocrx_word' id='word_1_351' title='bbox 955 2527 998 2553; x_wconf 90' lang='lat' dir='ltr'>ac</span> <span class='ocrx_word' id='word_1_352' title='bbox 1016 2515 1067 2553; x_wconf 82' lang='lat' dir='ltr'>de</span> <span class='ocrx_word' id='word_1_353' title='bbox 1087 2513 1207 2554; x_wconf 83' lang='lat' dir='ltr'>forma</span> <span class='ocrx_word' id='word_1_354' title='bbox 1225 2517 1306 2554; x_wconf 83' lang='lat' dir='ltr'>eius</span> <span class='ocrx_word' id='word_1_355' title='bbox 1326 2516 1424 2555; x_wconf 80' lang='lat' dir='ltr'>iudi-</span> 
     </span>
     <span class='ocr_line' id='line_1_75' title="bbox 767 2571 1418 2620; baseline 0.002 -11"><span class='ocrx_word' id='word_1_356' title='bbox 767 2583 864 2610; x_wconf 78' lang='lat' dir='ltr'>care.</span> <span class='ocrx_word' id='word_1_357' title='bbox 924 2571 1079 2611; x_wconf 77' lang='lat' dir='ltr'>Lucian.</span> <span class='ocrx_word' id='word_1_358' title='bbox 1122 2572 1163 2609; x_wconf 88' lang='lat' dir='ltr'>in</span> <span class='ocrx_word' id='word_1_359' title='bbox 1196 2572 1418 2620; x_wconf 79' lang='lat' dir='ltr'>Amoribus,</span> 
     </span>
     <span class='ocr_line' id='line_1_76' title="bbox 765 2625 1422 2681; baseline 0.002 -18"><span class='ocrx_word' id='word_1_360' title='bbox 765 2629 865 2676; x_wconf 56' lang='lat'>235⁵?</span> <span class='ocrx_word' id='word_1_361' title='bbox 895 2625 933 2664; x_wconf 75' lang='grc' dir='ltr'>δὲ</span> <span class='ocrx_word' id='word_1_362' title='bbox 957 2635 1012 2664; x_wconf 70' lang='grc' dir='ltr'>καὶ</span> <span class='ocrx_word' id='word_1_363' title='bbox 1039 2629 1267 2681; x_wconf 58' lang='grc' dir='ltr'>θςὲνκπκιγίόων</span> <span class='ocrx_word' id='word_1_364' title='bbox 1295 2634 1311 2665; x_wconf 83' lang='grc' dir='ltr'><strong>ὁ</strong></span> <span class='ocrx_word' id='word_1_365' title='bbox 1339 2627 1422 2672; x_wconf 70' lang='grc' dir='ltr'>σύμ-</span> 
     </span>
    </p>

    <p class='ocr_par' dir='ltr' id='par_1_14' title="bbox 877 2683 1421 2730">
     <span class='ocr_line' id='line_1_77' title="bbox 877 2683 1421 2730; baseline 0 -9"><span class='ocrx_word' id='word_1_366' title='bbox 877 2683 913 2721; x_wconf 82' lang='lat' dir='ltr'>O</span> <span class='ocrx_word' id='word_1_367' title='bbox 927 2694 949 2722; x_wconf 85' lang='grc' dir='ltr'>Ο</span> <span class='ocrx_word' id='word_1_368' title='bbox 976 2695 1005 2726; x_wconf 75' lang='lat'>2</span> <span class='ocrx_word' id='word_1_369' title='bbox 1347 2701 1421 2730; x_wconf 66' lang='grc' dir='ltr'><em>μοι]-</em></span> 
     </span>
    </p>
   </div>
  </div>
 </body>
</html>
