1815 3168
496 129 584 174 *IN
616 128 1053 177 HEAVTONT.

1210 174 1217 190 1
1357 148 1451 194 529

215 257 346 302 Poeta
367 254 545 307 dederit,
569 271 679 317 quae
700 253 796 300 sunt
817 254 1166 313 adolescentium,
1389 319 1391 323 Ι

214 329 268 376 Id
286 333 481 406 primum
503 329 663 376 dicam.
702 329 870 381 deinde,
894 330 1014 393 quod
1035 333 1150 382 veni,
1174 332 1367 398 eloquar.

215 408 280 452 Ex
299 408 469 466 integra
495 406 677 464 Graeca,
697 406 916 466 integram
938 406 1211 453 comoediam

78 603 157 657 ipfi,
169 603 283 644 totius
295 604 425 658 gregis
437 603 599 644 domino
611 613 649 645 et
659 603 736 642 iam

31 710 34 714 Ι
76 660 157 701 seni
171 662 287 700 dedit.
320 662 477 702 Etenim
488 673 536 700 ex
547 660 622 700 Ad.
635 660 734 701 Prol.

78 729 142 758 22.
181 728 221 756 et
249 719 366 756 Plaut.
396 719 506 756 Trin.
536 716 634 756 Prol.
672 718 734 757 36

78 774 282 826 colligitur,
302 773 485 825 Prologos
503 771 643 811 ab‘aliis
656 768 735 810 esse

76 829 372 881 pronunciatus,
405 842 486 867 non
513 827 561 866 ab
587 828 733 875 Aelori-

75 885 168 931 bus3
199 885 265 935 qui
284 885 397 935 primi
424 883 466 922 ih
484 885 647 924 Scenam
670 895 733 921 ve-

73 941 202 988 niam,
243 937 459 991 primasque
494 951 625 992 agant·
649 952 732 991 par·

10 1006 15 1010 '
73 1007 143 1036 tes
168 999 240 1035 Β.
298 1004 312 1011 ’

130 1064 152 1103 3
183 1051 301 1106 Quod
327 1050 455 1105 vem]
468 1050 605 1099 Deest,
644 1063 731 1103 pro-

75 1118 172 1159 pter
227 1110 278 1149 C.

127 1163 285 1210 Deinde,
313 1160 414 1216 quod
433 1165 527 1210 veni,
557 1161 728 1216 eloquar]

72 1221 207 1261 Altera
235 1218 332 1258 haec
358 1230 442 1270 pars
473 1218 537 1258 est.
593 1219 731 1258 Simile

72 1286 205 1315 autem
230 1274 328 1313 mihi
357 1274 506 1314 videtur
532 1273 621 1313 huic
651 1271 729 1313 efie

71 1331 309 1385 plincipium
334 1331 596 1369 Diuinationis
625 1332 729 1382 (cap.

74 1389 146 1439 Ι..)
205 1389 385 1436 Namque
421 1395 460 1424 et
485 1386 581 1432 illic,
623 1384 730 1436 quod

73 1441 200 1482 subito
221 1452 363 1480 mutata
383 1441 583 1480 voluntate
604 1440 652 1479 ad
672 1453 729 1480 ac-

72 1496 286 1537 cusandum
307 1494 569 1544 descenderat,
586 1498 729 1535 mirum

72 1554 171 1593 dixit
190 1552 324 1600 videri,
349 1553 411 1591 vel
432 1551 636 1600 iudicibus,
666 1553 729 1591 vel

71 1607 422 1650 circumstantibus:
453 1621 496 1647 ac
521 1618 729 1660 propterea

69 1664 111 1706 se
138 1666 302 1716 primum
328 1663 367 1703 id
395 1664 495 1703 velle
514 1661 727 1704 diflbluere.

71 1721 115 1761 Si
131 1724 213 1774 quis
240 1719 410 1771 vestrum,
429 1720 574 1768 iudices,
593 1733 659 1759 aut
670 1734 728 1758 eo-

70 1791 152 1818 rum
171 1778 236 1830 qui
254 1775 400 1828 adfluit,
419 1776 529 1826 forte
548 1778 725 1816 miratur.

68 1833 192 1874 Vides
216 1832 279 1870 hic
299 1832 456 1870 verbum
469 1836 616 1871 nouerit
633 1830 726 1872 sem·

66 1901 139 1941 per
159 1889 311 1940 (mirum
331 1887 375 1926 ab
394 1884 569 1927 ciceione
586 1890 644 1938 Z.)
663 1903 727 1939 ap
736 1925 744 1939 h,

66 1945 183 1998 poni:
208 1945 260 1984 ita
279 1944 387 1983 enim
407 1953 445 1983 et
464 1942 527 1982 hic
545 1943 650 1993 dixit,
683 1957 725 1982 ne

18 2011 34 2016 “’
69 2003 130 2041 cui
149 1998 187 2048 s
165 2014 198 2040 t
225 2000 377 2051 vestrum
412 2002 555 2040 mirum.
612 2002 724 2039 Hanc

69 2059 186 2112 igitur
214 2056 468 2108 partitionem
497 2053 629 2104 soluit,
668 2056 724 2095 vti

70 2113 184 2159 dicat,
212 2125 280 2152 cur
291 2124 418 2165 partes
428 2111 511 2162 fini
531 2112 648 2152 Poeta
667 2112 725 2151 de-

69 2171 179 2216 derit,
199 2181 291 2222 quae
306 2167 402 2219 fimt
429 2168 724 2218 adolefi·entium.

70 2224 186 2276 Quod
209 2225 336 2276 primo
355 2221 623 2274 proposuerat
650 2224 726 2276 pri·

72 2294 138 2320 mo
163 2279 294 2319 soluit·
350 2282 543 2320 Oratorem
578 2293 632 2318 me
662 2279 725 2331 ‘ffi‘

71 2335 217 2385 voluit,
258 2344 341 2375 non!
374 2336 588 2390 Prologum.
656 2337 726 2376 Ve.

61 2391 183 2445 strum
193 2391 367 2438 iudicium
373 2392 482 2443 ficit,
501 2406 555 2430 me
565 2392 724 2432 actorem

70 2448 185 2488 dedit.
222 2449 338 2498 Quod
357 2446 487 2487 autem
505 2448 611 2497 dixit,
623 2449 727 2502 quod

71 2507 178 2548 veni,
212 2503 380 2555 eloquar,
412 2503 510 2542 illud
536 2503 609 2543 est:
639 2518 725 2544 nam

72 2560 173 2612 quod
205 2572 366 2604 rumores
383 2559 598 2610 distulerunt
621 2561 725 2600 mali-

72 2615 166 2670 uoli,
182 2615 318 2657 multas
335 2615 589 2670 contaminaffe
611 2615 725 2658 Grae·

1282 500 1307 546 ς
1347 488 1443 533 Ho-

784 616 864 653 cas,
893 605 980 643 dum
999 604 1105 656 fizcit
1114 617 1255 658 paucas
1274 606 1439 658 Latinas,

783 661 825 698 id
855 660 915 712 este
933 662 1085 712 filetum
1124 663 1185 701 hic
1216 676 1291 702 non
1319 678 1440 719 negat.

781 719 886 769 Eroo
906 728 944 755 vt
963 716 1172 768 propositio
1182 719 1363 758 collocata
1374 719 1438 769 est,

780 773 832 811 ita
852 773 968 811 etiam
987 771 1184 813 solutionis
1196 775 1250 813 est
1261 775 1356 813 ordo
1370 774 1438 815 sei·

782 838 905 867 uatus.
960 827 1038 868 Sed
1050 842 1166 868 nunc
1186 830 1234 869 ad
1252 832 1440 881 interpre-

780 884 969 922 tationem
997 882 1241 937 superiorum
1273 899 1440 928 reuerta-

781 953 876 979 mur.
934 943 976 980 E.

833 999 885 1036 Er
888 1006 974 1034 rant
982 996 1143 1035 Palmer
1133 1011 1191 1036 ms
1202 1008 1241 1037 et
1249 999 1438 1052 Guyerus‚

780 1053 857 1103 qui,
878 1063 915 1090 vt
936 1050 1058 1092 sensui
1070 1051 1297 1104 consulatui
1333 1057 1439 1095 oidi-

780 1120 874 1146 nem
903 1107 966 1148 hic
995 1109 1211 1159 iuuet-tunt,
1242 1112 1290 1150 Id
1315 1112 1436 1151 dicam

779 1164 907 1202 demde
914 1180 930 1208 ;
955 1168 1119 1215 primum
1138 1167 1240 1218 quod
1263 1171 1348 1206 veni
1365 1169 1436 1207 elo·

779 1227 916 1272 quon*
940 1222 1039 1259 Nam
1060 1219 1120 1259 hic
1132 1223 1316 1275 Prologus
1337 1238 1433 1274 non,

778 1287 817 1314 vt
842 1276 944 1324 alias,
966 1288 990 1314 e
1009 1276 1134 1318 Scena
1152 1277 1250 1327 abit,
1281 1276 1346 1318 sed
1367 1280 1437 1319 sta-

778 1333 847 1371 tim
856 1331 1077 1372 Chremetis
1097 1344 1222 1385 partes
1238 1336 1436 1388 agir.1ta·

780 1400 857 1439 que
885 1385 1012 1426 sensus
1039 1387 1112 1427 est:
1139 1389 1361 1442 Idprimum
1379 1394 1434 1431 di-

780 1443 875 1497 cam]
909 1441 954 1481 sc.
974 1456 1040 1481 cur
1056 1446 1174 1483 Poeta
1200 1446 1320 1495 mihi,
1350 1461 1432 1487 non

779 1499 916 1538 iuueni
946 1500 1245 1551 ac'lori‚pa1tes
1274 1503 1433 1557 Prologi

778 1552 1018 1594 commiserit.
1076 1555 1221 1595 Deinde
1246 1560 1350 1610 qnod
1374 1573 1435 1598 ve-

777 1614 820 1650 ni
850 1611 1022 1664 eloquar]
1058 1610 1096 1650 h.
1126 1625 1162 1651 e.
1192 1614 1372 1654 Fabulam
1397 1617 1435 1654 i-

777 1664 900 1730 psam,
937 1666 983 1705 ad
1005 1680 1119 1717 quam
1130 1669 1332 1732 agendam
1354 1670 1432 1710 huc

776 1736 797 1761 ι
801 1723 878 1768 eni,
890 1722 973 1773 post
981 1725 1027 1763 Pr
1031 1722 1139 1777 ologi
1149 1726 1432 1778 recitationem,

776 1791 973 1831 peragam.
1029 1781 1070 1818 B.

827 1849 855 1888 4
890 1833 954 1873 Ex
981 1836 1132 1888 integra
1160 1834 1318 1890 Graeca]
1353 1838 1432 1876 Te-

775 1891 923 1928 rentius
953 1892 1148 1942 Hecyram
1179 1902 1219 1929 et
1238 1891 1432 1931 Phormio·

773 1958 865 1984 nem
900 1944 945 1984 ab
968 1946 1214 1995 Apollodoro
1234 1947 1433 1997 transtulit,

773 2002 941 2053 reliquas
986 2013 1149 2053 quatuor
1197 2017 1220 2042 a
1264 2008 1434 2046 Menan·

773 2058 857 2097 dro.
921 2058 967 2098 C.

829 2115 892 2153 Ex
908 2115 1055 2168 integra
1082 2113 1225 2153 Graeca
1244 2115 1432 2169 integram

775 2170 997 2209 comoediam
1015 2169 1104 2220 fiam
1129 2170 1236 2209 hodie
1262 2172 1429 2226 acturus]

775 2225 976 2275 Quoniam
1016 2224 1168 2265 Andiia
1203 2239 1261 2265 ex
1282 2225 1432 2267 duabus

774 2280 985 2319 comoediis
1015 2282 1166 2321 videtur
1192 2278 1270 2320 effe
1297 2283 1432 2322 confe-

772 2337 850 2384 ffla,
881 2338 1027 2388 quippe
1049 2337 1130 2376 illic
1157 2347 1197 2376 et
1221 2339 1432 2385 Perinthia,

773 2403 812 2431 et
844 2392 994 2433 Andria
1023 2393 1293 2440 continentum
1325 2396 1432 2446 quod

774 2448 931 2500 quidem
950 2449 1123 2488 criminis
1146 2449 1232 2487 loco
1253 2448 1430 2490 aduersa-

773 2505 850 2543 rius
870 2503 1036 2545 dederat.
1091 2504 1184 2544 Ideo
1217 2504 1279 2544 hic
1308 2519 1352 2548 ex
1376 2509 1434 2545 in·

773 2574 888 2614 tegra,
900 2560 1038 2612 inquit,
1051 2562 1231 2600 comoedia
1243 2565 1429 2616 integram

773 2617 992 2657 comoediam
1008 2618 1156 2659 murus
1171 2617 1282 2671 fiam·
1310 2630 1364 2657 ne
1378 2618 1427 2656 vi-

884 2674 915 2713 Ι..
932 2673 945 2711 l
1340 2672 1434 2713 dea·
