1815 3168
348 93 446 150 646

738 87 900 138 ACT·
931 91 1005 135 IV.
1045 88 1331 137 SCEN011.

418 234 441 281 ς
476 215 604 264 Nihil
619 212 678 262 est
692 236 700 262 ;
712 217 956 281 triumpho,
969 214 995 261 si
1011 217 1110 262 licet
1123 231 1194 263 me
1205 215 1337 262 latere
1353 212 1470 262 teE‘to
1483 214 1721 263 abscedere.

482 294 677 343 Crucior,
699 292 853 339 bolum
875 303 1045 339 tantum
1067 291 1177 336 mihi
1199 301 1402 356 ereptum
1425 302 1514 337 tam
1528 290 1722 339 desubito

580 384 605 412 e
626 367 836 414 faucibus.

482 442 602 497 Quid
633 440 792 502 agam?
830 453 903 489 aut
935 441 1042 504 quid
1062 440 1392 489 comminiscar?
1431 441 1542 488 ratio
1575 440 1628 489 de
1659 443 1723 488 in·

579 528 705 577 tegro
727 512 929 563 ineunda
935 516 967 562 st
988 517 1113 564 mihi.

481 593 612 642 Nihil
633 603 719 638 tam
741 590 914 639 difficile
936 591 1018 646 est,

582 665 750 730 posset

1055 594 1162 656 quin
1187 591 1438 655 quaerendo
1472 589 1722 652 inuestigari

487 743 623 797 Quid,
646 741 674 787 si
696 743 781 790 hoc
803 760 923 790 nunc
944 742 1000 791 fic
1020 742 1257 808 incipiam?
1291 742 1402 791 nihil
1424 739 1502 791 est.
1543 741 1662 807 quid,
1691 740 1724 789 fi

582 816 669 866 fic?
708 819 966 867 tantundem
996 836 1144 882 egero.

405 1032 430 1074 ς
466 1018 693 1072 Triumpho,
719 1017 861 1072 silicet
877 1034 933 1060 me
961 1020 1013 1061 la-

348 1081 441 1128 tere]
472 1077 601 1116 Verba
622 1078 780 1128 proprie
798 1075 1006 1125 seruorum,

345 1133 528 1184 quotiens
549 1132 681 1172 vident
690 1130 728 1171 se
738 1132 862 1184 quod
853 1145 1008 1185 incepe

344 1200 445 1230 rant
472 1199 788 1240 per-petiarenon
806 1186 928 1245 pofl'e.
964 1192 1012 1230 Et

345 1252 440 1293 εῑςω
443 1248 518 1286 ικῶς
546 1244 769 1298 legendum.
829 1246 878 1287 C.

405 1302 448 1340 T
451 1300 619 1353 iumpho,
628 1301 775 1354 silicet]
807 1303 1012 1341 Summum

349 1357 536 1412 gaudium
567 1355 639 1404 est,
668 1356 693 1395 fi
712 1368 812 1396 tutus
833 1357 912 1398 iine
934 1358 1013 1397 vul-

347 1426 446 1453 nele
465 1409 677 1452 discedam:
709 1412 784 1453 hoc
804 1412 868 1462 est,
896 1413 1013 1453 latere

345 1483 382 1510 te
388 1471 442 1509 cto
472 1479 511 1507 et
541 1469 737 1508 custodito.
795 1471 887 1510 Non
916 1483 1011 1523 ergo

347 1526 401 1564 de
445 1536 608 1577 argento
654 1527 825 1579 cogitare
869 1525 1012 1576 debeo,

345 1581 677 1633 quemadmodum
729 1581 768 1621 id
823 1582 1010 1632 eripiam:

347 1636 414 1678 sed
445 1637 778 1688 quemadmodum
799 1649 901 1678 tutus
930 1635 1012 1691 ipse

325 1692 554 1738 discedam.
614 1697 657 1734 E.

402 1753 428 1793 6
460 1749 607 1803 Bolum]
646 1747 866 1790 Translatio
894 1750 941 1790 ab
976 1765 1013 1790 a-

345 1805 558 1845 nimalibus
572 1805 710 1856 quibus
730 1805 1012 1859 ansermi-prae-

344 1862 404 1901 da.
462 1860 578 1901 Bolus
596 1860 698 1911 apud
721 1862 1011 1913 Graecosfiper

346 1931 370 1955 0
394 1915 576 1962 scribitur,
600 1915 935 1970 fignificatiac'ium
952 1933 1009 1957 re-

344 1976 421 2014 tis;
457 1973 482 2012 {i
515 1986 588 2024 per
613 1988 659 2020 ω,
693 1972 838 2026 glebam
868 1984 1003 2024 terrae,

344 2029 409 2069 vel
429 2027 588 2067 frustum
606 2027 791 2080 cuiusque
807 2030 880 2070 rei,
911 2030 956 2071 C.

403 2084 550 2138 Bolum]
581 2085 782 2124 P1·.aedam
836 2088 879 2126 Ε.

397 2140 559 2180 Tantum
585 2139 676 2179 mihi
703 2140 834 2195 περι]
871 2142 920 2182 V.
955 2143 1005 2185 C.

342 2197 406 2250 ff
425 2210 503 2249 etep
508 2211 534 2236 t.
590 2201 634 2238 L

398 2257 426 2293 Ι
431 2266 506 2305 ege
527 2265 576 2290 ex
587 2251 735 2292 duobus
746 2251 896 2304 nostris,
911 2254 1004 2294 Cru-

341 2309 426 2350 0⁴62-
440 2309 560 2348 bolum
579 2308 671 2347 mihi
688 2310 846 2349 nimum.
903 2313 946 2351 Β.

400 2377 427 2418 7
475 2364 768 2419 Comminiscar]
826 2366 1003 2419 Fingam.

340 2421 441 2461 Inde
469 2433 711 2460 commentum
747 2420 895 2461 dicitur.
955 2427 1004 2465 Α-

342 2477 436 2523 libi,
478 2479 603 2528 Atque
636 2475 711 2516 illis
739 2476 807 2516 hoc
833 2491 1006 2518 commen-

345 2546 424 2573 tum
448 2533 580 2584 placet.
637 2532 774 2587 Ratio]
811 2536 911 2573 Nam
946 2537 1004 2574 in-

343 2599 484 2630 nuerat
512 2599 629 2629 vnam
659 2590 869 2641 rationem,
899 2589 938 2632 h.
965 2603 1000 2632 e.

1661 910 1722 944 10

1062 1019 1222 1060 modum
1263 1019 1472 1060 habendae
1519 1018 1722 1073 pecuniae.

1064 1078 1181 1127 Quae
1198 1077 1257 1115 via
1275 1076 1339 1115 vbi
1358 1088 1438 1114 non
1459 1076 1653 1127 processit,
1686 1088 1725 1113 a-

1059 1132 1152 1171 liam
1185 1133 1305 1179 inire,
1351 1130 1389 1173 h.
1427 1143 1461 1171 e.
1502 1132 1724 1185 excogitare

1060 1185 1214 1228 neceffe
1229 1187 1314 1228 fuit.
1370 1188 1416 1228 C.

1116 1245 1225 1301 Qid
1260 1241 1568 1296 εοηηηίηῇὲτινῖ]
1612 1241 1722 1293 Quid

1061 1301 1280 1354 argumenti
1301 1300 1471 1351 capiam?
1500 1301 1548 1338 Et
1565 1297 1619 1337 est
1630 1312 1724 1337 com-

1060 1356 1244 1420 mifziftor,
1263 1355 1428 1396 inuenio
1448 1368 1468 1392 v
1461 1355 1510 1393 el
1525 1354 1724 1401 reem-dm,

1063 1415 1169 1453 cuius
1188 1412 1366 1463 simplex
1357 1424 1399 1449 in
1414 1408 1476 1449 vsu
1489 1411 1646 1451 nonest.
1674 1405 1722 1452 Ε.

1117 1475 1140 1517 8
1174 1468 1290 1508 Nihil
1319 1481 1395 1507 tam
1424 1466 1588 1522 diffi'cile]
1626 1468 1725 1507 Sen-

1061 1525 1183 1565 tentia
1205 1524 1448 1578 generalisi
1424 1522 1505 1562 fine
1528 1533 1633 1561 certo
1655 1537 1722 1561 au-

1062 1582 1188 1628 Ctore,
1216 1593 1317 1633 quae
1350 1577 1466 1620 seruis
1498 1579 1614 1618 etiam
1633 1592 1723 1619 con·

1061 1638 1184 1676 uenit.
1246 1636 1473 1690 Inaestigare
1524 1633 1721 1688 significat,

1063 1692 1316 1745 quaerendo
1305 1693 1502 1738 inuenire,
1525 1703 1564 1730 vt
1584 1691 1723 1743 probat

1061 1749 1300 1790 Laurentius„
1360 1749 1473 1787 Nunc
1500 1749 1609 1786 eni‘m
1627 1748 1722 1786 inci·

1061 1806 1117 1857 pit
1136 1807 1253 1858 Syrus
1277 1803 1506 1851 deliberare,
1524 1815 1564 1841 et
1579 1803 1721 1842 identi-

1061 1861 1152 1900 dem
1172 1859 1365 1912 proponit,
1396 1869 1437 1898 et
1454 1858 1642 1910 propofita
1661 1872 1722 1898 re·

1058 1915 1167 1957 fellit.
1222 1914 1403 1955 'landem
1424 1916 1588 1954 inuenta
1614 1915 1718 1955 bona

1056 1973 1208 2012 ratione
1219 1972 1384 2022 erumpit
1398 1971 1439 2009 in
1453 1971 1648 2010 laetitiam.
1671 1974 1716 2013 C.

1110 2027 1226 2069 Nihil
1241 2041 1317 2066 tam
1334 2026 1493 2079 diffi'cile]
1524 2027 1717 2067 Menand.

1058 2083 1178 2124 dama-a?
1205 2084 1335 2131 ’γίγνετ’
1368 2089 1538 2131 ἐπιμελείᾳ
1557 2092 1611 2120 καὶ
1630 2083 1717 2129 πόνῳ

1056 2138 1204 2181 ἅπαντα.
1261 2138 1459 2178 Philemo:
1510 2136 1616 2178 noe'v‘r’
1652 2145 1717 2179 ἐςῖν

1057 2198 1219 2244 εξενρεῒυ,
1250 2194 1307 2234 ἐαν
1333 2213 1378 2241 μη
1405 2212 1464 2232 τον
1483 2194 1577 2233 πόνον
1607 2202 1716 2244 Φέυγῃ

1051 2261 1112 2303 τις,
1128 2270 1166 2296 ος
1184 2267 1317 2301 προσεςι
1333 2267 1402 2294 τοις
1419 2254 1620 2299 ζητεμένσις.
1645 2255 1685 2292 L,

1105 2307 1326 2351 Menander
1365 2306 1467 2358 apud
1503 2307 1715 2349 stobaeum

1049 2367 1130 2408 Tit.
1145 2376 1213 2417 29.
1242 2369 1353 2401 πάντα
1371 2380 1416 2401 ται
1436 2363 1606 2410 ζητεμενοι
1617 2369 1715 2404 Asso·-

1051 2425 1111 2461 θαι
1142 2427 1290 2467 μερίμνης
1308 2449 1318 2468 ‚
1365 2428 1466 2465 Φασὶν
1497 2426 1530 2459 οἱ
1560 2418 1715 2468 σοφώτε-

1056 2490 1116 2527 ροι.
1170 2479 1235 2515 ἲν.

1108 2532 1306 2596 9Qid,
1332 2528 1496 2586 fi'stc?]
1532 2531 1615 2582 Qui
1647 2532 1714 2572 ali-

1049 2545 1149 2645 qui9d
1167 2588 1364 2642 incepturi
1377 2585 1473 2638 sunt,
1490 2588 1612 2628 multa
1626 2602 1713 2640 pr-o

1585 2657 1712 2699 pune-
