1815 3168
285 115 353 176 56
686 112 848 160 ACT.
879 113 917 158 1.
966 110 1164 158 seim.
1199 110 1260 159 11.

421 238 568 304 Iniqui
592 240 728 304 patris
754 237 828 295 est.
886 242 1023 299 Nam,
1053 238 1177 302 quod
1197 236 1377 285 antehac
1399 236 1516 291 fecit,
1551 237 1664 286 nihil

523 315 578 362 ad
599 332 670 361 me
698 317 872 361 attinet:

425 395 552 439 Dum
584 405 758 455 tempus
786 390 838 436 ad
860 405 955 435 eam
977 403 1072 435 rem
1091 386 1217 441 tulit,
1252 384 1358 442 fini,
1398 390 1596 436 animum
1616 399 1679 438 vt2

529 466 723 531 expleret
742 465 882 513 suum.

428 539 568 590 Nunc
591 542 662 587 hic
689 541 780 587 dies
803 541 931 589 aliam
948 541 1081 587 vitam
1103 534 1252 592 affert.
1287 538 1399 587 alios-
1416 555 1562 588 mores
1586 556 1666 606 po·

530 614 669 665 stulat.

1493 746 1670 794 Dehinc

299 929 406 970 Nam
431 928 530 984 quod
556 941 643 968 ante
662 927 749 968 haec
769 927 882 981 ficit,
905 929 960 968 m'-
1009 926 1337 968 leffioDiomedis
1353 926 1577 966 aufftorirate
1588 939 1673 977 pro-

302 986 359 1026 hil
380 986 432 1026 ad
449 999 506 1024 me
524 987 682 1032 attinet3
709 985 796 1024 dum
824 997 964 1038 tempus
1012 985 1095 1024 bari
1117 983 1250 1034 potest.
1272 983 1338 1022 lib.
1364 995 1396 1024 1.

301 1043 354 1082 ad
381 1056 458 1081 eam
483 1055 558 1081 rem
581 1041 681 1088 tulit,
704 1041 781 1091 ¹siai
802 1043 965 1081 animum

1457 983 1559 1031 Sino,
1579 982 1670 1031 st'ni,

1013 1055 1054 1080 ut
1073 1039 1229 1079 Publius
1250 1040 1292 1078 de
1318 1041 1398 1078 vita
1416 1037 1500 1090 fica.
1559 1039 1674 1094 Qod

301 1112 348 1138 vt
396 1096 587 1150 expleret]
632 1097 791 1139 Deinde
829 1098 968 1149 incipit
1007 1096 1050 1149 fi
1090 1111 1144 1135 me
1181 1099 1338 1134 inuitum
1375 1095 1478 1134 abire
1512 1093 1667 1148 finisset.

301 1153 484 1193 mandata
512 1153 668 1205 obliqua
686 1154 861 1195 oratione
883 1166 968 1206 pro-

303 1223 466 1262 ponere.
521 1212 565 1249 E.

365 1270 415 1309 16
444 1265 566 1318 Iniqui
580 1267 701 1318 patris
725 1264 809 1319 est]
837 1266 967 1316 Iniqui

305 1321 368 1369 est,
400 1322 426 1360 fi
453 1334 559 1359 nunc
589 1322 706 1359 velim
724 1334 913 1371 quaerere
933 1336 968 1359 a-

304 1378 384 1417 &us
403 1376 544 1416 liberos
563 1374 826 1415 adolescentis.
864 1377 968 1416 Nam

303 1446 397 1487 quae
414 1431 572 1471 antehac
590 1431 719 1485 fecit]
768 1435 855 1481 Pro,
885 1445 971 1474 ante

303 1489 404 1536 hacc,
421 1485 697 1527 consuetudine
709 1489 840 1539 magis,
855 1499 969 1538 quam

304 1546 457 1586 ratione
490 1544 637 1584 dicitur.
690 1543 803 1582 Nihil
828 1545 876 1581 ad
892 1543 966 1597 me]

303 1602 349 1641 Id
375 1601 476 1654 agit,
511 1610 552 1640 vt
577 1597 749 1650 superius
770 1598 967 1638 confilium

302 1656 343 1697 se
361 1655 515 1697 seruare
534 1654 720 1694 ostendat.
776 1659 826 1697 D.

339 1726 417 1763 ,117
444 1711 546 1750 Dum
565 1723 705 1761 tempus
727 1711 779 1749 ad
794 1724 871 1749 eam
887 1723 965 1750 rem

302 1768 411 1822 tulit]
452 1767 573 1809 Deest
598 1766 665 1817 fi:
702 1778 740 1805 vt
768 1766 830 1815 sit,
860 1769 965 1808 Dum

303 1836 460 1876 tempus
491 1822 531 1862 se
560 1823 760 1875 praebuit:
795 1824 881 1873 quia
911 1820 965 1860 su-

302 1895 371 1933 pra
390 1880 508 1927 dixit,
536 1880 628 1918 Tute
648 1879 703 1916 his
727 1877 830 1917 rebus
850 1877 966 1930 finem

295 1933 582 1990 praefiripfisti‚
610 1946 729 1987 pater.
788 1935 849 1974 Ad
887 1947 965 1972 eam

300 2006 380 2033 rem
397 1992 512 2045 tulit]
562 1989 767 2039 Absolute,
797 2001 838 2029 et
858 1988 965 2028 deest

287 2049 347 2097 se.
404 2048 508 2092 sini,
543 2048 705 2088 animum
731 2059 774 2086 vt
801 2045 965 2098 expleret

286 2105 424 2159 ficum]
471 2104 576 2143 Mira
603 2104 698 2142 ratio
727 2116 793 2140 cur
822 2102 961 2150 fiuerit,

297 2172 341 2200 vt
359 2172 399 2199 et
416 2161 490 2199 hoc
514 2159 619 2212 quod
637 2158 816 2210 permisit,
836 2158 883 2197 ad
896 2158 963 2196 bo-

298 2230 393 2257 nam
420 2216 580 2269 frugem
613 2211 845 2268 permiserit,
879 2227 962 2253 non

298 2274 349 2312 ad
379 2273 583 2320 luxuriam,
633 2270 719 2309 Sini
744 2281 874 2310 autem
904 2269 960 2309 di-

297 2329 471 2381 stingue:
504 2327 558 2367 est
585 2338 715 2366 autem
727 2324 806 2377 fini
826 2325 956 2375 modo,

295 2383 461 2438 permifi,
484 2381 636 2423 ceffaui.
681 2385 764 2423 Sim·
783 2383 959 2434 antique.

292 2442 423 2482 Aliter
441 2442 483 2478 in
506 2438 718 2491 Adelphis:
752 2439 845 2478 Non
866 2437 961 2490 *liuit

292 2496 426 2554 egestas
438 2495 570 2546 fizcere
603 2496 671 2535 hoc
692 2508 772 2534 nos.
830 2497 878 2535 D.

1017 1154 1112 1192 Item
1144 1152 1322 1190 Scaurus:
1361 1151 1561 1190 Praedium
1598 1164 1673 1190 non

1007 1208 1086 1261 fi'ni
1108 1206 1206 1260 fieri.
1262 1207 1406 1247 Melius
1433 1218 1555 1246 tamen
1584 1207 1675 1246 dici-

1017 1263 1177 1312 turfiui,
1198 1261 1294 1314 ficut
1316 1264 1436 1303 Varro
1457 1263 1676 1314 complexio·

1017 1333 1103 1359 num
1134 1333 1185 1358 vl.
1242 1319 1301 1357 Ad
1329 1331 1479 1356 mortem
1499 1331 1573 1355 non
1595 1318 1675 1369 fi'ui

1017 1389 1071 1415 me
1081 1375 1284 1428 producens
1297 1403 1307 1421 ‚
1338 1383 1377 1412 et
1396 1386 1495 1424 quae
1509 1370 1675 1425 sequun-

1017 1441 1090 1470 tur.
1150 1434 1191 1470 L.
1348 1470 1351 1475 Δ

1078 1494 1126 1536 18
1162 1487 1276 1524 Nunc
1305 1484 1362 1523 hic
1385 1485 1462 1524 dies
1485 1485 1599 1524 aliam
1621 1487 1679 1524 vi·

1018 1557 1096 1583 tam
1114 1541 1245 1596 affert]
1282 1544 1368 1581 Hoc
1387 1540 1459 1589 est,
1490 1543 1602 1589 reae,
1635 1552 1677 1582 et

1017 1597 1170 1646 seuere,
1213 1609 1252 1636 et
1285 1596 1575 1636 inexorabiliter
1610 1597 1679 1636 de-

1015 1655 1187 1694 nunciat.
1252 1653 1376 1692 Aliam
1409 1653 1553 1706 vitam]
1602 1666 1676 1706 pro

1016 1707 1206 1749 diuersam
1231 1720 1272 1748 et
1291 1709 1534 1747 contrariam.
1562 1708 1612 1747 sic
1637 1720 1677 1748 et

1014 1766 1157 1819 Virgil.
1185 1765 1304 1815 (Aen.
1329 1778 1382 1813 11,
1419 1768 1537 1817 428.)
1583 1765 1675 1804 -Dis

1014 1822 1124 1862 aliter
1145 1820 1264 1870 vifiaem
1278 1819 1335 1870 est.
1377 1820 1423 1859 Te
1444 1834 1526 1866 oro,
1546 1820 1675 1875 Daue]

1015 1879 1177 1919 Grauius
1198 1877 1292 1916 illud
1312 1875 1418 1925 fecit,
1439 1889 1588 1915 nomen
1608 1890 1676 1929 ap-

1015 1932 1210 1987 penando.
1265 1935 1315 1973 D.

1068 1991 1182 2029 Nunc
1209 1989 1267 2028 hic
1295 1989 1394 2040 dies]
1442 1988 1569 2029 Vtitur
1600 1986 1675 2028 hoe

1014 2044 1121 2085 versu
1133 2048 1166 2087 C
1172 2046 1274 2084 icero
1290 2044 1354 2083 lib.
1366 2057 1441 2083 ΧΠ.
1460 2043 1574 2095 Epist.
1585 2058 1673 2086 xxv.

1015 2102 1062 2141 ad
1073 2105 1100 2141 F
1103 2102 1204 2141 amil.
1226 2104 1272 2153 N
1274 2115 1325 2140 on
1337 2099 1507 2140 absimile
1517 2113 1675 2152 prouer-

1012 2159 1120 2197 bium
1149 2157 1250 2209 apud
1271 2155 1420 2197 Zenob.
1468 2156 1573 2201 Α’ὶλος
1591 2164 1674 2207 βίος,

1016 2213 1098 2257 ἄλλη
1128 2219 1254 2252 δίαιται.
1312 2215 1354 2253 L.

1067 2274 1113 2310 In
1136 2271 1317 2318 lefflone,
1339 2268 1396 2307 hic
1407 2268 1495 2317 dies,
1508 2267 1675 2308 nostri-et

1010 2327 1149 2367 Faerni
1169 2323 1417 2364 consentiunt
1434 2323 1547 2363 codd.
1595 2323 1673 2365 Sed

1011 2395 1194 2422 numerus
1222 2381 1401 2434 postulat,
1433 2391 1472 2419 vt
1500 2394 1568 2432 pro
1596 2380 1674 2419 vul-

1012 2440 1093 2492 gari
1119 2437 1252 2489 affert,
1282 2449 1367 2491 cum
1386 2437 1594 2485 Cicerone,
1624 2440 1672 2476 E·

1013 2495 1094 2546 pist.
1115 2497 1219 2534 Fam.
1246 2505 1412 2547 x11‚25‚
1440 2493 1591 2546 legatur
1614 2492 1672 2540 de·

348 2552 434 2594 Sim·
459 2552 641 2608 animum]
678 2553 736 2592 Ita
750 2548 839 2593 Mff.
861 2564 964 2604 quae
1002 2552 1102 2605 fert.
1159 2554 1203 2592 Β.
