1815 3168
647 191 946 238 ANDRIA.

1387 204 1475 252 ¹53

245 316 299 369 Ὁ
311 333 360 367 n.
391 319 474 368 Sed
496 319 603 383 quid
624 305 718 367 ais?
756 315 834 365 Sl.
878 315 1015 380 quid?
1051 312 1098 364 c
1114 328 1166 362 H.
1206 319 1283 380 qui
1305 288 1379 365 scis
1405 335 1481 367 eos

347 413 465 443 nunc
490 395 728 442 discordare
751 396 865 441 inter
883 393 956 439 se?

247 468 280 519 S
295 486 325 521 1.
367 471 488 535 Ipsus
519 471 631 516 mihi
654 474 829 523 Dauos,
867 469 945 560 qui
966 469 1126 514 intimu
1126 465 1176 513 st
1196 482 1350 514 eorum
1373 485 1482 515 con·

342 545 456 600 filiis,
491 545 611 593 dixit.

127 635 214 687 ”45
249 625 337 671 Et
324 640 358 669 is
380 623 490 668 mihi
514 621 671 675 suadet,
695 621 884 686 nuptias,
907 629 1119 685 quantum
1144 634 1315 682 queam,
1336 628 1382 665 vt
1392 634 1480 667 ma-

346 709 506 746 turem.

244 777 374 822 Num
409 772 551 821 censes
581 773 761 832 faceret,
795 769 935 818 filium
965 767 1044 817 nisi
1064 769 1187 817 sciret
1205 769 1357 817 eadem
1377 770 1486 817 haee

345 848 456 897 velle
466 851 489 895 ’ἓ

247 929 371 972 Tute
396 923 503 971 adeo
537 926 624 971 iam
655 926 747 971 eius
779 921 913 972 verba
933 922 1095 970 audies.
1130 922 1266 976 heus,
1305 931 1485 970 euocate

344 1000 435 1046 hue
459 1005 650 1047 Dauom.

247 1078 397 1141 Atque
419 1090 594 1124 eccum:
631 1074 759 1124 video
782 1074 925 1141 ipsum
948 1074 1062 1121 foras
1094 1075 1224 1120 exire.

191 1222 500 1277 ACTVS
555 1221 883 1275 TERTII
951 1219 1251 1272 SCENA
1307 1220 1411 1276 IV.

419 1313 644 1356 DAVVS.
681 1312 848 1354 s1M0.
880 1310 1186 1354 CHREMES.

250 1451 335 1497 An
385 1467 419 1495 τ
438 1469 465 1522 ‚²²
501 1448 633 1497 ibam.
670 1446 750 1497 SI.
787 1449 997 1513 quidnam
1023 1443 1116 1499 est?

172 1681 226 1722 43
249 1667 586 1719 Difiordareinter
590 1667 656 1723 fi]
685 1671 774 1709 Hoc

119 1724 175 1764 est
193 1722 383 1764 discordes
412 1721 501 1765 effe.
559 1728 670 1766 Hanc
692 1734 774 1762 rem

117 1794 239 1831 quum
267 1780 476 1832 quaeiiflet‚
499 1790 540 1819 vt
559 1778 776 1821 verosimile

118 1837 276 1886 diceret,
302 1838 429 1888 potius
451 1837 548 1876 dixit
565 1836 638 1875 hoc
657 1833 734 1875 sese
754 1849 774 1874 a

116 1906 139 1932 a
157 1896 268 1932 Dauo
289 1891 443 1942 audiffe,
483 1893 550 1943 qui
564 1905 702 1931 eorum
719 1892 777 1930 in-

115 1949 229 1987 timus
265 1944 526 1988 videtnr'efl'e
551 1963 572 1987 a
601 1947 776 1987 consiliis.

117 2008 250 2056 Atque
261 2016 300 2044 vt
311 2019 441 2044 verum
452 2004 649 2044 confilium
660 2004 778 2045 Chre-

117 2061 214 2101 meti
234 2062 345 2113 poflit
365 2061 580 2110 ostendere,
605 2058 778 2113 etipsum

118 2119 271 2160 Dauum
292 2130 430 2157 euocat
454 2116 566 2156 foras.
623 2120 665 2157 E.

173 2186 229 2227 44
260 2174 365 2228 Ipfits
382 2173 474 2213 mihi
491 2173 628 2223 Dauus
654 2171 776 2226 dixit]

121 2230 419 2271 Commendatio
429 2229 551 2271 testis:
582 2239 632 2278 vt,
654 2229 699 2270 In
712 2228 778 2283 fh·

120 2299 163 2325 ro
184 2287 290 2325 modo
312 2287 354 2326 de
374 2289 486 2327 Dauo
507 2286 647 2325 audiui.
708 2289 776 2325 Er·

123 2355 175 2436 {o
212 2341 328 2394 ipfics,
369 2342 472 2396 quasi
503 2343 570 2395 qui
607 2342 778 2381 maxime

139 2399 221 2436 ciat.
277 2400 328 2438 D.

175 2465 228 2506 47
269 2455 363 2494 Tute
405 2455 514 2509 iudeo]
564 2460 776 2501 Παςέλκετκι

123 2509 208 2548 adeo
227 2510 354 2559 modo,
374 2522 412 2551 et
430 2510 609 2560 abundat,
621 2521 658 2548 vt
669 2510 777 2562 Virg

125 2566 287 2619 (Geor-g.
317 2579 353 2614 ι,
379 2569 488 2620 24),
524 2567 651 2620 Tuque
672 2567 777 2614 adeo,

123 2630 228 2674 ¹quem
265 2635 354 2662 mox
391 2636 482 2678 quae
514 2623 593 2676 sint
630 2621 773 2662 habitu-

1325 1525 1488 1570 Dav.

823 1680 868 1706 ra
915 1667 1067 1707 deorum
1114 1665 1280 1706 Concilia
1297 1693 1309 1715 ,
1371 1667 1489 1706 imer-

824 1736 915 1763 tum.
972 1728 1023 1765 D.

881 1777 1021 1819 Versus
1048 1779 1170 1832 gritia
1194 1780 1367 1817 Faernus
1396 1790 1486 1817 cum

824 1835 920 1875 Rob.
930 1834 1141 1887 Stephano,
1164 1833 1325 1873 auum-it
1327 1834 1487 1872 ateini-

825 1905 869 1930 us
893 1892 977 1930 cod.
998 1850 1110 1930 Irefie
1138 1888 1253 1929 verba
1274 1887 1486 1942 postposuit

825 1951 872 1994 τῷ
901 1949 1046 1987 audies:
1075 1946 1144 1986 nisi
1162 1959 1230 1997 pro
1248 1959 1396 1984 euocate
1406 1959 1486 1985 ma-

825 2005 942 2043 lueris
962 2005 1098 2057 legere
1128 2015 1267 2042 vocate.
1328 2006 1370 2042 B.

881 2068 934 2113 48
979 2065 1099 2112 Atque
1151 2058 1286 2112 eccum]
1338 2058 1485 2105 Eccum,

827 2116 931 2168 quafi
958 2129 1048 2156 ecce
1076 2129 1174 2155 eum.
1233 2118 1397 2155 Veteres
1429 2112 1486 2152 di-

826 2184 987 2220 xerunt,
1016 2184 1142 2220 eccum,
1174 2173 1329 2219 ecc-nius,
1357 2169 1486 2213 ellum,-

828 2229 935 2282 quod
955 2229 1122 2280 apertius
1141 2225 1327 2280 fignificat
1351 2239 1425 2265 ecce
1441 2225 1485 2272 il7

825 2287 913 2334 lum,
939 2296 978 2323 et
991 2282 1183 2322 obscurius
1203 2283 1318 2322 ellum.
1375 2287 1427 2324 D.

883 2342 998 2380 Video
1026 2339 1172 2394 ipsitm]
1218 2339 1261 2377 'td
1291 2336 1411 2392 ipsum
1440 2338 1485 2382 in

824 2395 892 2440 Ms.
913 2402 953 2438 R.
975 2411 1057 2436 non
1079 2395 1142 2436 est.
1203 2398 1244 2435 L.

885 2466 903 2495 Ι
941 2455 1001 2492 Ad
1021 2467 1054 2491 rc
1072 2451 1189 2505 ibam]
1221 2452 1357 2490 Dauus
1376 2461 1414 2489 vt
1424 2464 1487 2491 re-

827 2511 886 2550 &e
914 2507 1109 2556 scribatur,
1147 2509 1281 2547 Dauos
1318 2504 1483 2546 scriben-

827 2566 920 2605 dum
940 2565 1012 2605 est:
1047 2566 1135 2616 quia
1157 2565 1263 2603 nulla
1283 2564 1483 2603 littei-avo-

823 2623 960 2662 calis
935 2635 996 2675 ge
990 2622 1142 2671 minata,
1173 2634 1285 2662 vnam
1304 2618 1392 2658 facit
1415 2616 1484 2671 syl-

930 2672 970 2720 Κ
999 2691 1022 2731 5
1342 2675 1481 2715 labam.
