1815 3168
582 90 999 137 EVNVCHVS.

1375 100 1472 147 345

237 224 328 266 Aut
349 210 562 265 vidistin'?
598 215 676 266 ΡΑ
694 230 741 262 R.
780 215 894 268 vidi,
930 205 1208 266 nouijscio,
1237 230 1327 277 quo
1347 214 1479 260 abdu-

342 292 408 340 &a
442 292 507 339 fit.

239 365 344 418 CH.
382 369 507 421 Eho,
553 372 768 415 Parmeno
802 368 891 419 mi,
936 358 1126 412 nostin’?
1174 360 1319 424 PAR.
1357 365 1480 410 noui.

339 440 444 491 CH.
485 455 526 490 et
547 444 637 497 sciS,
660 442 734 490 vbi
755 440 863 490 fiet?

146 520 213 572 60
244 497 380 568 PAR.
422 523 526 566 Huc
559 513 796 566 dedufi'ka'st
831 515 886 564 ad
928 516 1207 563 meretricem
1239 512 1485 560 Thaidem:

342 598 381 641 ei
413 594 531 642 dono
556 590 714 641 data'st.

243 669 349 719 CH.
391 673 502 725 Quis
533 673 570 716 is
605 668 664 715 est
697 673 784 715 tam
819 678 978 733 potens
1009 682 1111 713 cum
1141 675 1264 712 tanto
1299 678 1487 713 munere

341 745 460 792 hoc?
500 745 533 792 P
551 760 580 789 A
603 758 647 790 R.
682 744 807 790 miles
829 743 1016 796 Thraso,

243 821 477 870 Phaedriae
499 819 663 867 riualis.
700 815 809 888 CNH.
834 819 975 874 ‚duras
1015 818 1158 865 fratris
1195 824 1341 884 partes
1364 829 1493 880 prae«

344 895 474 943 dicas.

166 1139 216 1185 58
240 1131 330 1178 Scio,
342 1144 410 1185 quo
423 1130 575 1171 abduc'ta
589 1131 661 1186 fit]
685 1132 772 1172 Plus

115 1189 238 1237 dixit,
274 1202 390 1240 quam
435 1188 773 1240 interrogabatur:

117 1245 235 1284 credo
256 1274 264 1291 ,
317 1244 445 1282 taedio
486 1243 774 1295 interroganti&

117 1314 210 1339 nam
237 1309 439 1351 properat,
467 1309 507 1337 vt
534 1298 701 1336 dicturus
725 1297 779 1335 est

118 1354 236 1407 (Edd.
250 1359 347 1395 Ven.
359 1368 402 1394 at
415 1354 591 1393 dufiurus
603 1352 667 1393 est.
707 1356 775 1392 Le-

121 1424 195 1464 ge:
227 1425 261 1451 et
283 1413 405 1450 iturus
432 1410 487 1461 est.
524 1408 780 1448 Vid.Donat.

119 1467 167 1506 ad
192 1464 283 1524 vers.
304 1468 401 1518 60.)‚
433 1465 481 1504 ad
502 1464 781 1504 deducendum

118 1522 351 1565 Eunuchum
385 1522 433 1560 ad
463 1520 658 1560 Thaidem
693 1532 780 1558 cum

120 1580 260 1618 ancilla
281 1591 329 1617 ex
349 1576 573 1627 Aethiopia.
605 1576 688 1615 Scio
707 1587 776 1626 quo

113 1633 272 1674 ‘abducrla
284 1633 357 1688 fit]
387 1632 565 1673 Secunda
594 1635 777 1674 ἂπσσιώπη·

122 1707 182 1733 σις’.
247 1694 299 1732 D·
331 1727 333 1729 .

178 1814 232 1854 59
251 1800 346 1849 Eho,
359 1801 536 1839 Parmeno
549 1801 611 1846 mi,
631 1797 781 1850 nostin'?

123 1873 157 1899 et
168 1858 247 1909 ftis
263 1857 326 1896 vbi
344 1856 473 1910 fied]
503 1855 704 1896 Amatorie
730 1852 781 1893 sa-

123 1917 169 1954 tis
188 1924 424 1966 repetuntur,
445 1924 545 1963 quae
555 1908 673 1951 semel
683 1909 782 1950 dieta

124 1968 368 2011 suffecerant.
427 1970 476 2008 D.

180 2025 339 2080 Syllaba
356 2025 451 2064 vltra
464 2033 629 2063 metrum
641 2022 782 2062 redun-

125 2081 210 2121 dat:
241 2081 309 2122 nisi
323 2081 504 2120 Parmeno
517 2079 712 2132 daerylum
728 2077 784 2118 fe·

126 2139 239 2185 ceris,
267 2137 371 2188 quod
389 2149 481 2176 vero
505 2150 587 2175 non
609 2136 709 2174 lieet.
753 2137 785 2172 1-

130 2196 240 2248 gitur,
266 2191 408 2233 sublato
427 2193 495 2231 ino
516 2193 622 2232 Noui
633 2222 640 2239 :
668 2200 708 2230 et
728 2199 785 2228 to-

130 2262 210 2288 tum
246 2249 391 2290 versum
419 2248 546 2287 tribue
574 2246 785 2286 Chaereae.

129 2307 195 2347 Vti
213 2305 264 2345 est
288 2306 390 2357 apud
410 2302 621 2346 Donatum.
676 2306 718 2343 B.

187 2420 240 2458 60
252 2417 333 2455 Huc
346 2417 493 2456 deduc‘ta
506 2416 551 2467 est
564 2416 613 2456 ad
620 2417 786 2455 meretri-

133 2473 223 2526 cem]
262 2475 307 2511 Et
326 2471 398 2511 hoc
417 2472 625 2511 confundit
654 2470 784 2517 semel,

132 2528 325 2580 (stmulZ.)
337 2542 453 2579 quum
464 2531 668 2568 aceruatim
679 2529 783 2578 dicit,

133 2586 240 2623 vehit
265 2584 355 2622 odio
377 2585 651 2639 interrogantis
669 2583 787 2638 saepi-

786 989 900 1047 Y5

1340 984 1492 1036 Pam

822 1143 869 1170 us
890 1141 930 1171 et
958 1129 1209 1171 festinatione
1239 1127 1288 1168 ad
1309 1126 1491 1168 mandata

823 1186 1038 1229 Phaedriae
1059 1184 1296 1238 peragenda.
1351 1187 1398 1224 D.

880 1248 936 1287 62
969 1242 1173 1282 Phaedriae
1204 1241 1357 1294 riualis]
1387 1241 1492 1280 Cum

829 1299 1164 1350 pronunciatione
1174 1296 1493 1346 addendum,qu0

828 1355 951 1407 magis
971 1355 1100 1393 doleat
1120 1352 1331 1392 Phaedriae
1352 1352 1492 1390 riualis.

828 1415 842 1460 (
857 1414 973 1451 Forte
995 1410 1070 1462 leg.
1083 1409 1155 1447 Hic
1166 1407 1325 1447 molliori
1330 1419 1494 1458 pronun-

829 1468 987 1505 ciatione
1007 1466 1053 1516 est
1070 1464 1255 1511 mendum,
1289 1462 1393 1514 quod
1414 1476 1494 1502 ma-

829 1523 909 1560 lum
942 1519 1097 1559 dolebat
1130 1519 1272 1559 Phaed.
1309 1520 1379 1558 riu.
1413 1520 1490 1569 Z).

829 1578 959 1616 Duras
973 1576 1125 1628 fratris
1139 1587 1268 1627 partes
1280 1573 1496 1627 praedicas]

826 1633 979 1674 Scilicet
1000 1641 1132 1670 contra
1153 1631 1349 1670 aemulum
1370 1640 1408 1668 et
1435 1629 1494 1668 di-

827 1691 951 1729 uitem
973 1699 1011 1726 et
1031 1686 1290 1739 largissirnum.
1346 1689 1395 1726 Et
1405 1698 1495 1738 par-

829 1758 884 1785 tes
904 1744 1038 1787 duras,
1068 1745 1300 1790 μεταφορικῶς
1328 1741 1374 1781 ab
1397 1743 1496 1782 ἢὲὶο-

830 1801 934 1840 ribus
956 1797 1130 1839 scenicis,
1188 1803 1238 1840 D.
1474 1830 1476 1832 ,

884 1856 1014 1895 Duras
1034 1856 1185 1907 fratris
1215 1854 1366 1908 partes]
1395 1854 1435 1894 Si
1457 1867 1495 1893 e-

832 1913 915 1952 nim
936 1925 1026 1950 eum
1048 1911 1209 1950 riualem
1229 1909 1347 1950 habet
1364 1909 1496 1959 frater,

833 1982 920 2008 cum
940 1965 1020 2018 ipse
1038 1966 1080 2006 fit
1099 1980 1259 2018 pauper.
1316 1969 1364 2006 Et
1393 1966 1497 2006 bene

832 2025 943 2064 huius
972 2024 1261 2073 comparatione
1287 2020 1410 2073 lapsus
1442 2023 1499 2062 est

833 2080 956 2121 sermo
978 2079 1025 2119 ad
1046 2079 1095 2126 id,
1117 2077 1220 2129 quod
1241 2075 1495 2119 necessarium

835 2137 918 2176 fieri
939 2135 1048 2189 possit
1068 2135 1115 2173 ad
1136 2133 1333 2173 confilium
1362 2133 1497 2183 (forte,

829 2192 917 2245 fieri
943 2190 1095 2232 debebat
1134 2191 1184 2229 ad
1214 2189 1422 2240 corfinum,
1451 2205 1496 2232 vc

834 2251 916 2299 Z.)‚
946 2245 1199 2300 responderet
1219 2243 1355 2294 seruus,
1378 2247 1494 2287 Immo

834 2308 928 2345 enim
953 2304 996 2357 fi
1009 2303 1110 2357 scias
1138 2303 1234 2355 quod
1258 2303 1392 2342 donum
1412 2303 1496 2343 huic

835 2363 930 2401 dono
952 2375 1081 2400 contra
1101 2371 1292 2411 comparet.
1345 2360 1496 2400 Iudicat

834 2419 941 2458 enim
961 2414 1192 2458 Eunuchum
1212 2415 1333 2455 mitti:
1356 2429 1405 2455 ex
1417 2430 1496 2468 quo

836 2473 1033 2513 confilium
1079 2469 1245 2511 nascitur
1265 2501 1272 2518 ,
1331 2482 1370 2511 vt
1413 2469 1496 2524 ipse

836 2544 905 2584 pro
941 2527 1130 2570 Eunucho
1167 2527 1215 2569 ad
1249 2529 1494 2570 meretricem

834 2596 980 2642 pergat».
1036 2589 1080 2627 E.
