1815 3168
610 196 907 245 ANDRIA.

1376 214 1446 262 49

77 343 102 383 ἰ
118 349 178 397 30
210 331 268 377 Et
289 345 407 375 nunc
427 326 471 373 id
495 343 675 390 operam
696 325 767 378 do,
793 335 843 372 vt
865 341 945 388 per
970 323 1086 370 falsas
1107 328 1283 392 nuptias

205 409 320 452 Vera
342 402 603 462 obiurgandi
623 401 741 447 causa
763 399 834 452 fit,
876 398 905 445 fi
932 400 1141 460 deneget:

205 479 344 525 Simul
372 479 595 524 sceleratus
620 481 772 523 Dauus
795 473 824 519 fi
847 474 953 536 quid
975 473 1138 520 consilii

202 554 364 606 Habet,
394 564 436 600 vt
460 552 680 598 consumat
704 567 838 601 nunc,
859 565 959 595 cum
982 549 1092 596 nihil
1117 548 1259 597 obsint
1283 551 1394 598 doli:

200 633 350 684 Quem
392 644 476 688 ego
521 627 652 673 credo
693 624 895 672 manibus
946 623 1216 691 pedibusque
1275 626 1437 674 obnixe

436 704 584 750 omnia

74 799 93 831 1
106 798 127 846 3
140 795 165 843 5
202 783 238 827 F
239 777 464 835 asturum;
500 778 638 839 magis
661 775 709 823 id
731 775 856 830 adeo,
881 775 995 825 mihi
1019 785 1066 822 vt
1083 776 1399 828 incommodet,

67 1011 230 1066 iniuria]
249 1024 364 1063 quam
380 1008 480 1059 facit,
500 1021 583 1050 non
609 1019 726 1061 quam

63 1069 215 1121 patitur.
275 1066 332 1106 Ea
366 1069 529 1118 primum
557 1065 726 1105 animad-

65 1126 241 1164 uertenda
264 1123 428 1172 iniuria]
475 1126 526 1162 Vt
553 1122 630 1163 iam
653 1121 726 1160 hoc

65 1179 111 1219 {it
129 1189 340 1232 peccatum,
370 1177 474 1231 quod
492 1176 638 1217 recusat
656 1191 726 1216 nu·

64 1236 173 1288 ptius,
202 1249 284 1275 non
306 1234 415 1286 quod
433 1244 565 1285 peccat
584 1230 727 1273 adoles-

66 1304 174 1331 cens.
228 1291 323 1330 Ideo
349 1303 444 1343 ergo
473 1290 639 1341 primum
669 1289 728 1328 di-

66 1348 136 1395 xit,
154 1346 498 1385 animaduertenda
514 1347 652 1384 iniuria
662 1344 726 1393 est,

65 1401 310 1449 vindicanda,
332 1401 563 1452 exequenda
574 1400 640 1439 est.
682 1403 729 1440 Et

66 1457 174 1498 bene
209 1471 250 1495 ea
285 1456 329 1496 ab
359 1455 420 1495 illo
449 1456 545 1496 dixit
565 1458 728 1501 iniuria3

65 1512 309 1553 certissimam
336 1513 441 1551 enim
469 1522 577 1550 notat
601 1509 727 1563 perso-

67 1583 177 1617 nam,
211 1582 310 1619 quae
332 1567 471 1606 debeat
491 1581 558 1618 pro
577 1566 726 1606 iniuriis

66 1637 214 1677 poenas
244 1622 401 1662 soluere.
441 1622 543 1674 quod
568 1622 594 1660 fi
621 1619 728 1662 dixis-

66 1678 132 1725 set,
161 1681 298 1718 iniuria
328 1681 422 1725 eius,
449 1683 652 1724 ἀμφιβολίαν
672 1676 726 1716 fe-

67 1733 182 1782 cisset,
207 1745 330 1774 vtrum
350 1746 462 1785 quam
481 1731 603 1784 passus
613 1732 667 1772 est
677 1731 724 1771 ab

67 1792 164 1841 alio,
195 1804 246 1829 an
277 1803 390 1841 quam
414 1787 495 1841 ipse
523 1789 605 1828 aliis
624 1789 724 1827 intu-

63 1846 118 1888 lit.
174 1850 226 1888 D.

124 1914 202 1956 130
231 1902 280 1940 Et
313 1900 493 1955 nuncid]
539 1900 615 1941 Hic
640 1899 726 1941 red·

66 1958 123 1998 dit
149 1957 254 2009 quod
274 1956 430 2006 dixerat,
452 1954 649 2006 Confilium
658 1970 725 1996 me-

61 2028 126 2054 um
149 2013 350 2068 cognqfites.
409 2012 474 2066 Id]
504 2012 545 2051 id
559 2011 622 2062 est,
635 2023 725 2066 pro-

61 2082 150 2125 pter
168 2071 219 2110 id.
273 2073 323 2110 D.

117 2125 169 2165 Et
201 2139 294 2165 nunc
323 2125 364 2165 id
387 2136 536 2178 operam
569 2124 638 2173 do,
680 2136 726 2164 vt

56 2195 129 2236 per
143 2181 284 2236 falsas]
325 2184 413 2221 Hoc
438 2180 493 2220 est
512 2180 723 2230 confilium,

1287 867 1439 920 Quam

764 1005 874 1062 fhffiz
892 1005 1055 1059 (fhffizs)
1071 1005 1190 1054 dixit,
1220 1004 1352 1045 intulit
1378 1018 1438 1044 ve,-

773 1077 830 1104 ra.
887 1066 935 1104 D.

835 1130 929 1173 1331
953 1120 1121 1158 Faernus
1157 1127 1289 1156 contra
1325 1115 1438 1155 codd.

774 1187 873 1227 quos
884 1185 922 1214 et
933 1172 1013 1226 ipse
1024 1185 1064 1214 et
1075 1187 1153 1227 ego
1164 1173 1342 1221 vidimus,
1357 1185 1436 1212 ma-

775 1232 859 1270 uult
915 1240 1046 1270 tamen
1078 1231 1159 1282 legi
1195 1227 1330 1280 obsunt
1366 1240 1438 1280 pro

778 1286 1051 1329 Coniunffiuo.
1109 1289 1212 1334 Nee,
1252 1283 1347 1337 quid
1381 1284 1439 1324 in-

777 1343 888 1391 terfit,
910 1341 1036 1381 video.
1093 1343 1134 1381 Β.
1331 1367 1333 1371 ,

836 1410 914 1450 134
960 1395 1141 1436 Manibus
1183 1393 1439 1450 pedibusque]

777 1451 1042 1500 Prouerbiale,
1077 1452 1118 1491 id
1148 1451 1221 1499 est,
1257 1450 1438 1490 omnibus

777 1507 960 1548 membris
991 1504 1081 1560 (ΜΓ.
1111 1506 1232 1547 Hulst.
1262 1504 1436 1546 omnibus

776 1563 917 1611 verbis,
946 1562 1048 1602 forte
1073 1563 1152 1616 leg.
1173 1561 1337 1601 omnibus
1358 1576 1441 1601 ner-

777 1621 878 1671 uis).
939 1618 1112 1672 Obnixe]
1162 1631 1248 1656 cum
1285 1628 1437 1667 conatu,

776 1675 961 1714 instanter
982 1685 1115 1713 contra
1138 1684 1355 1712 conantem.
1387 1678 1437 1715 D.

831 1729 990 1771 Sublato
1011 1728 1170 1783 quepost
1185 1727 1351 1780 pedibus,
1370 1742 1437 1768 ve-

773 1784 994 1826 hementior
1020 1796 1058 1824 et
1082 1785 1221 1824 melior
1238 1784 1292 1824 est
1301 1785 1434 1833 oratio,

773 1853 815 1883 vt
833 1840 933 1881 infra
950 1855 1007 1890 lv,
1032 1853 1066 1888 Ι,
1086 1852 1149 1895 53.
1208 1842 1251 1879 Β.

833 1910 909 1952 135
942 1899 1070 1953 Magis
1088 1897 1145 1950 z'd]
1186 1896 1250 1946 Id,
1277 1906 1436 1949 propter

773 1953 826 1993 id.
885 1952 1151 2006 Incommodet]
1183 1963 1343 1996 noceat,
1376 1953 1436 1991 iu-

774 2009 1024 2049 commodum
1052 2006 1196 2048 afferat.
1262 2008 1366 2048 Mihi
1395 2021 1437 2048 vt

774 2066 1039 2119 incommodet]
1061 2069 1096 2106 N
1099 2077 1151 2103 on
1164 2064 1282 2111 enim,
1295 2064 1436 2114 inquit,

774 2121 930 2174 prodest
950 2121 1028 2160 filio
1040 2133 1169 2160 amare
1178 2120 1436 2159 mei-enicem.

774 2181 920 2232 (Leget
954 2177 1047 2216 Non
1073 2179 1170 2215 enim
1194 2175 1248 2214 illi
1271 2175 1432 2228 prodest,

64 2249 103 2278 vt
119 2235 233 2278 falsae
252 2238 413 2288 nuptiae
424 2235 628 2291 fingantur,
640 2249 719 2289 quo
761 2232 884 2288 filium
903 2247 1028 2274 amare
1048 2232 1304 2284 meretricem.)
1347 2234 1397 2271 D.

65 2305 105 2332 et
139 2295 288 2334 animus
324 2294 440 2334 vicius
467 2291 720 2333 adolescentis

66 2350 163 2388 circa
198 2363 368 2389 amorem
401 2349 508 2400 possit
544 2345 722 2402 agnosci;

65 2404 249 2457 fimulque
282 2416 321 2445 et
352 2406 451 2445 Daui
487 2403 611 2453 serui,
659 2404 726 2455 qui

65 2459 172 2500 fauet
195 2462 397 2513 plurimum
406 2460 616 2512 Pamphilo,
638 2473 728 2498 con-

64 2515 145 2554 filia
184 2515 271 2556 falsa
309 2518 531 2568 nuptiarum
561 2517 728 2556 vanitate

65 2569 301 2612 Rusti-entur.
362 2577 403 2614 E.

123 2639 198 2681 131
243 2628 367 2683 Vera]
408 2631 589 2669 ἀντίθετον.
634 2629 726 2680 quia

828 2293 960 2345 Magis
986 2290 1076 2328 adeo
1106 2288 1196 2327 mila
1220 2300 1264 2327 vt
1301 2288 1437 2326 iucom-

771 2347 914 2400 modet]
945 2348 997 2386 Vt
1014 2343 1108 2384 mihi
1130 2344 1265 2398 magis,
1295 2344 1434 2394 inquit,

775 2413 924 2451 noceat,
947 2415 1061 2452 quam
1076 2399 1154 2439 filio
1166 2398 1288 2449 prosit.
1318 2401 1361 2438 E.

830 2458 934 2498 Mihi
956 2470 999 2496 vt
1023 2455 1282 2508 incommodet]
1321 2458 1435 2494 Natu-

777 2515 857 2553 rale
876 2514 1060 2552 nimirum
1078 2509 1191 2552 seruis
1204 2510 1289 2556 hoc,
1311 2508 1434 2549 odifl'e

773 2571 972 2616 dominos,
1003 2578 1044 2606 vt
1070 2567 1125 2606 est
1151 2565 1253 2618 apud
1273 2564 1433 2616 Querol.

773 2640 819 2666 ac
848 2625 991 2665 damno
1029 2636 1096 2667 eos
1121 2623 1298 2664 mackarc.
1333 2622 1433 2664 adeo

886 2683 922 2721 D
1395 2687 1435 2717 vx
