1815 3168
652 157 946 203 ANDRIA.

1387 173 1480 223 147

246 287 429 351 Aliquot
448 301 519 332 me
542 284 700 334 adiere,
723 301 774 330 ex
795 293 838 330 te
857 283 1054 344 auditum
1077 285 1153 347 qui
1176 285 1367 342 aiebant,
1399 290 1479 337 ho·

346 362 415 408 die
441 360 574 408 filiam

243 440 395 483 Meam
423 436 590 483 nubere
608 446 686 484 tuo
713 444 867 497 gnato:
899 434 946 480 id
969 434 1080 493 viso,
1120 429 1229 488 tun',
1251 453 1305 482 an
1327 437 1391 483 illi
1411 440 1477 485 in-

341 512 516 558 saniant.

241 583 320 633 St.
360 586 582 635 Ausculta!
620 588 786 651 paucis,
818 597 862 633 et
880 586 985 650 quid
1006 602 1089 647 ego
1113 595 1157 633 te
1179 586 1324 641 velim,
1359 597 1404 635 et
1425 598 1474 636 tu

340 661 460 724 quod
483 665 667 725 quaeris,
699 663 814 710 scies,

176 751 204 799 5
242 733 349 784 CH.
389 737 620 784 Ausculto:
653 738 836 801 loquere
856 733 963 799 quid
985 736 1106 787 velis.

243 810 275 860 S
288 825 322 858 1.
357 814 439 860 Per
451 823 495 861 te
510 812 614 863 deos
629 830 724 863 oro,
745 823 788 860 et
797 801 1245 868 nostram'amicitiam,
1269 814 1474 868 Chreme,

93 1089 277 1143 futurae,
302 1086 414 1140 fiant.
486 1090 536 1131 Et
561 1087 770 1141 pulcherri-

107 1160 174 1185 me
192 1144 452 1184 insinuatione
472 1143 557 1184 vsus
577 1145 639 1193 est,
661 1143 767 1197 quod

105 1202 151 1241 in
195 1200 410 1240 admirabili
449 1213 598 1254 genere
631 1199 765 1240 causae

106 1256 304 1309 turpitudo
324 1256 488 1296 auditori
507 1255 678 1308 persuasa
704 1256 765 1296 fu-

107 1322 204 1355 erat.
259 1313 334 1352 Hic
362 1310 552 1363 responfio
580 1314 686 1353 datur
715 1312 763 1352 ab

105 1369 212 1409 vtili:
241 1366 281 1406 Si
312 1371 351 1407 in
371 1381 448 1407 rem
463 1367 510 1419 est
527 1370 696 1421 vm'qm,
719 1368 767 1419 fi-

107 1437 187 1471 ant,
208 1437 290 1462 arce
317 1422 437 1463 riuhe.
469 1425 597 1474 Quam
607 1423 767 1475 quidem

106 1494 192 1520 rem
221 1480 263 1517 in
294 1478 524 1530 quaestionis
551 1480 639 1518 loco
670 1478 767 1531 posi-

105 1547 184 1576 tam
202 1535 402 1581 dissimilat,
423 1545 463 1572 et
479 1534 563 1575 fieri
582 1533 690 1586 poffe
710 1534 767 1573 di-

105 1593 158 1632 cit
174 1607 182 1632 :
216 1592 301 1631 Irae
308 1590 406 1640 fient
423 1591 522 1629 inter
542 1591 764 1640 Glycerium.

106 1652 163 1690 Vt
184 1643 387 1686 contulisse
406 1645 589 1693 videatur,
619 1646 765 1685 tametsi

104 1704 264 1743 inutiles
285 1703 447 1753 nuptiae
456 1699 538 1750 fint,
559 1713 690 1741 tamen
703 1714 766 1739 oc-

106 1758 205 1799 cafio
251 1757 305 1797 est
341 1767 380 1797 vt
415 1757 524 1796 vtiles
560 1755 640 1796 esse
686 1754 765 1807 pos-

103 1815 186 1854 fint.
239 1817 282 1855 E.

158 1883 185 1911 2
222 1869 383 1923 Aliquot
417 1883 472 1908 me
506 1868 648 1923 adiere]
684 1869 764 1909 Ali-

102 1939 212 1980 quot,
245 1925 320 1964 hoc
338 1925 404 1974 est,
426 1938 501 1965 nec
526 1927 656 1974 multi,
688 1938 764 1964 nec

102 1982 226 2034 pauci.
283 1982 439 2028 Adia-e,
489 1996 573 2021 non
604 1978 764 2024 accefl'e-

103 2049 211 2078 runt:
243 2038 334 2089 quia
361 2037 484 2077 aditus
508 2037 646 2078 arduus
666 2036 763 2076 diffi-

102 2092 262 2146 cilisque
281 2093 347 2132 est.
385 2097 488 2148 Ergo
505 2095 640 2140 adiere,
660 2092 762 2145 quafi

102 2151 347 2202 importune,
392 2161 433 2189 et
470 2149 761 2200 interpellantes

104 2203 293 2245 adierunt.
348 2206 410 2246 Sic
443 2205 556 2256 alibi,
591 2205 761 2255 Byrrhia

101 2262 193 2315 quid
219 2261 291 2301 tibi
326 2263 505 2304 videtur?
550 2262 680 2302 adeon’
711 2260 761 2301 ad
771 2269 774 2273 '

93 2315 214 2361 eum?
243 2317 305 2357 Ex·
334 2330 371 2358 te
396 2319 586 2373 auditum]
617 2322 674 2359 Vt
692 2316 756 2367 est,

102 2372 291 2423 DehDauo
316 2374 423 2413 modo
451 2375 592 2415 audiui.
644 2373 707 2412 Ex
723 2386 759 2412 te

102 2429 286 2484 auditum]
314 2433 419 2484 Ergo
436 2445 514 2470 non
536 2443 674 2480 rumor,
696 2428 761 2468 sed

88 2485 253 2524 veritas.
310 2486 357 2525 Id
375 2486 473 2541 viso]
516 2486 578 2526 Ob
609 2486 649 2525 id
669 2483 760 2526 viso.

106 2539 212 2581 deest
230 2554 288 2579 te:
315 2552 354 2580 vt
372 2542 460 2594 viso,
480 2543 528 2582 ad
551 2541 763 2582 videndum

109 2596 238 2641 venio.
293 2597 343 2637 D.

157 2652 293 2692 Adiere
320 2651 442 2696 edidit
458 2657 639 2696 Faernus.
685 2651 765 2698 Sed

782 947 821 991 K
862 962 889 993 2

1348 949 1478 1000 Quae

817 1099 967 1137 omneS‚
992 1100 1090 1140 quos
1098 1088 1189 1138 vidi,
1203 1089 1314 1134 codd.
1326 1100 1366 1128 et
1384 1088 1474 1129 edd.

814 1144 964 1184 habent
986 1145 1174 1187 adierunt.
1204 1146 1321 1185 Rene
1330 1159 1342 1192 3
1371 1156 1412 1185 vt
1430 1146 1476 1187 il·

813 1201 881 1240 lud
889 1201 1139 1254 steteruntque
1156 1215 1290 1241 comae.
1348 1205 1390 1242 B.

869 1270 892 1310 3
930 1257 1050 1306 Tune,
1089 1271 1136 1296 an
1173 1256 1227 1296 illi
1259 1257 1478 1312 infimiant]

813 1315 877 1352 Tu
893 1311 1048 1362 insaniS,
1068 1313 1094 1352 fi
1114 1313 1261 1352 dixisti:
1299 1314 1355 1352 illi
1376 1312 1472 1353 insa-

815 1370 957 1418 niunt,
1007 1369 1033 1408 fi
1081 1382 1166 1408 non
1209 1369 1338 1408 audita
1374 1368 1476 1409 refe-

814 1434 917 1466 runt.
975 1427 1022 1463 D.

866 1492 895 1532 4
925 1480 1076 1535 Paucis]
1103 1482 1152 1520 Et
1165 1484 1307 1533 paucis,
1328 1491 1368 1520 ct
1384 1494 1474 1534 pau-

817 1549 860 1573 ca
879 1536 1031 1588 legitur.
1090 1536 1143 1575 Et
1160 1538 1251 1589 quid
1267 1551 1334 1592 ego
1356 1551 1391 1576 te
1409 1552 1475 1579 ve-

812 1592 897 1644 lim]
929 1596 965 1631 A
986 1591 1194 1631 docilitate.
1256 1595 1307 1632 D.

868 1651 921 1689 Vt
945 1647 1097 1686 Iambus
1119 1649 1383 1698 quaternarius
1402 1647 1473 1687 sta-

811 1714 885 1748 ret,
908 1713 1056 1742 veteres
1068 1703 1241 1755 Magistri
1252 1716 1372 1756 pauca
1392 1701 1473 1742 sub·

812 1757 1013 1797 stituerunt
1033 1771 1102 1809 pro
1117 1762 1257 1811 paucis.
1315 1759 1391 1800 Sed
1404 1772 1473 1798 no-

812 1813 875 1853 stri
908 1813 1018 1852 codd.
1047 1827 1183 1854 omnes
1211 1814 1358 1854 habent
1375 1827 1474 1867 pau-

813 1873 875 1909 cis.
929 1872 1051 1910 Totus
1089 1868 1216 1910 versus
1237 1870 1300 1923 ffic
1337 1870 1474 1910 consti-

813 1925 981 1966 tuendus
1011 1926 1086 1965 est:
1115 1927 1312 1978 Ausbulta:
1339 1929 1472 1979 paucis

811 1995 848 2021 et
873 1982 964 2035 quid
984 1996 1019 2021 te
1040 1996 1102 2037 ego
1123 1984 1233 2023 velim
1251 1997 1288 2022 et
1308 1984 1411 2036 quod
1428 1994 1476 2024 tw

811 2040 960 2092 quaeris
977 2038 1087 2088 fiies.
1146 2041 1187 2079 Β.

867 2098 894 2138 6
923 2095 997 2133 Per
1019 2109 1086 2149 ego
1117 2108 1153 2134 te
1171 2094 1257 2134 deos
1280 2095 1367 2148 oro]
1399 2096 1472 2134 Or·

810 2149 862 2190 do
895 2150 965 2199 est,
1009 2161 1050 2189 te
1077 2164 1148 2203 per
1181 2150 1282 2190 deos*
1302 2164 1383 2190 oro,
1428 2160 1471 2190 vt

808 2207 918 2258 Virg.
940 2209 1061 2260 (Aen.
1086 2220 1159 2254 ΧΠ,
1177 2207 1286 2260 56),
1316 2207 1470 2261 Pera-ga

809 2275 845 2302 te
884 2260 951 2302 has
985 2263 1178 2311 lacrymas.
1239 2263 1291 2300 Et
1313 2261 1474 2313 nostram

807 2318 1017 2368 amicikiam,
1038 2317 1225 2372 Chremes]
1253 2319 1411 2372 Legitur
1431 2328 1479 2371 et.

812 2374 974 2414 Chreme.
1033 2379 1083 2417 D.

866 2432 941 2470 Per
968 2444 1003 2470 te
1030 2430 1226 2484 deos-Now]
1257 2431 1364 2471 Seru.
1393 2433 1475 2471 Ae·

810 2486 919 2526 neid.
947 2500 1002 2535 xt,
1036 2498 1129 2540 537.
1191 2487 1235 2526 L.

869 2543 1061 2594 Quinque
1102 2555 1126 2582 e
1153 2542 1287 2581 nostris
1325 2539 1474 2585 habent

812 2596 886 2637 Per
916 2612 942 2638 E
956 2610 1024 2639 σο
1056 2612 1090 2638 te
1111 2599 1208 2639 deos.
1227 2609 1380 2650 repone
1398 2597 1475 2649 Peg«

811 2667 850 2710 pe
879 2669 944 2711 ego
976 2656 1072 2695 deos.
1124 2659 1166 2696 B.
