1815 3168
78 1067 83 1069 ⁴
149 1077 317 1116 deletam
337 1075 636 1127 Carthaginem,
668 1085 822 1126 coepto.

1431 167 1534 202 XXI

369 267 1321 331 Pvss.·TERENT11AFR1

268 372 1121 420 CARTHAGINIENSIS
1188 376 1423 424 v1TA.

444 521 494 584 1)
532 519 729 569 Auffltore
749 522 877 570 Aelio
898 526 1076 571 Donato
1100 526 1158 572 V.
1185 525 1236 570 C.

156 608 362 720 Publius
378 628 586 669 Terentius
615 625 737 674 Afer,
766 625 1006 680 Carthagine
1033 636 1168 676 natus,
1201 625 1358 670 semiuit
1377 631 1522 672 Romae

254 684 455 724 Terentio
491 687 646 724 Lucano
675 683 874 728 Senatori3
902 698 924 722 a
953 696 1032 735 quo
1069 683 1119 722 ob
1144 685 1352 739 ingenium
1385 697 1425 725 et
1447 685 1523 726 sor-

154 754 277 787 mam,
306 753 386 778 non
404 739 594 780 institutus
612 738 728 778 modo
751 739 983 786 liberaliter,
1014 737 1081 780 fed
1101 750 1142 778 et
1158 751 1309 780 mature
1318 740 1522 783 manumis-

153 794 215 836 sus
236 795 301 836 est.
357 795 530 846 Quidam
548 804 699 845 captum
718 792 794 833 effe
814 794 1057 842 existimant3
1083 796 1189 848 quod
1208 795 1289 837 fieri
1307 799 1414 838 nullo
1436 812 1520 838 mo-

153 852 205 893 do
225 848 412 907 potuiffe,
442 853 470 890 F
472 851 654 893 enestella
674 850 806 893 docet:
838 864 960 902 quum
976 852 1078 890 inter
1097 851 1218 894 finem
1243 850 1400 893 secundi
1421 853 1519 894 belli

152 908 313 956 Punici,
343 918 381 947 et
408 907 562 945 initium
587 907 688 947 tertii
717 917 827 947 natus
858 906 919 955 fit,
959 917 998 946 et
1023 917 1219 947 mortuus:
1246 923 1320 949 nec
1349 909 1374 950 fi
1400 924 1421 949 a
1440 913 1518 950 Nu-

151 964 267 1015 midis
296 975 359 1003 aut
381 964 533 1002 Getulis
559 973 690 1014 captus
718 962 780 1012 fit,
810 962 858 1002 ad
886 962 1025 1003 ducem
1052 966 1270 1005 Romanum
1302 967 1519 1019 peruenire

151 1017 351 1073 potuiffet,
388 1019 496 1058 nullo
523 1019 759 1058 commercio
789 1019 890 1060 inter
917 1020 1068 1059 Italicos
1098 1031 1138 1058 et
1163 1019 1298 1069 Afros,
1335 1020 1403 1060 nifi
1432 1021 1516 1075 post

880 1077 954 1115 Hic
973 1088 1059 1114 cum
1076 1076 1205 1115 multis
1228 1076 1430 1117 nobilibus
1449 1076 1514 1117 'fa-

148 1132 352 1171 miliariter
382 1131 495 1178 vixit,
539 1127 606 1170 sed
631 1132 801 1171 maxime
827 1144 915 1171 cum
942 1132 1130 1185 Scipione
1156 1132 1362 1180 Africano,
1399 1144 1437 1172 et
1465 1135 1514 1176 C.

145 1189 302 1229 Laelio:
333 1185 473 1241 quibus
500 1187 618 1227 etiam
645 1188 816 1239 corporis
849 1188 970 1242 gratia
1003 1188 1230 1229 conciliatus
1267 1188 1511 1231 existimatur.

146 1243 269 1295 Quod
305 1253 345 1282 et
370 1240 495 1294 ipsum
512 1242 725 1283 Fenestella
754 1245 901 1297 arguit,
934 1243 1183 1284 contendens
1212 1256 1372 1297 vti-oque
1391 1247 1512 1285 maio-

146 1313 232 1340 rem
254 1309 347 1338 natu
363 1295 485 1338 fuisse.
532 1299 721 1349 Quamuis
745 1310 785 1339 et
802 1301 1010 1340 Cornelius
1030 1302 1164 1352 Nepos
1176 1302 1360 1352 aequales
1371 1314 1512 1342 omnes

145 1352 261 1396 fuiffe
280 1354 420 1403 tradat,
452 1364 493 1395 et
512 1352 669 1396 Porcius
687 1352 944 1409 suspicionem
962 1356 1012 1397 de
1028 1354 1305 1402 consuetudine
1322 1370 1393 1412 per
1410 1356 1509 1402 haee

144 1410 287 1453 faciat:

203 1486 251 1534 2)
281 1482 383 1523 Dum
406 1481 595 1534 lafiiuiam
612 1482 788 1524 nobilium
806 1497 841 1524 et
849 1484 1007 1537 fitcosc'zs
1027 1482 1150 1525 laudes
1162 1487 1286 1537 petit.-

200 1538 305 1578 Dum
323 1539 501 1590 Africani
518 1544 561 1592 3)
580 1553 667 1578 voce
686 1540 810 1580 diuina
829 1541 953 1581 inhiat
968 1542 1092 1581 auidis
1115 1540 1291 1580 auribus.-

196 1595 302 1635 Dum
323 1596 373 1633 ad
389 1594 544 1638 Furium
553 1595 598 1646 ft
616 1600 805 1638 coenitare
822 1609 858 1635 et
877 1597 1059 1645 Laelium,
1079 1595 1275 1648 pulchrum
1289 1608 1430 1650 putat.-

195 1649 300 1691 Dum
305 1649 351 1700 fi
363 1654 486 1690 'amari
503 1649 548 1689 ab
567 1651 660 1701 hifie
676 1653 802 1700 credit,
823 1651 948 1691 crebro
967 1655 1008 1691 in
1026 1652 1210 1693 Albanum
1237 1656 1283 1705 4)
1307 1657 1394 1706 rapi

197 1709 244 1760 ς)
278 1704 335 1745 Oh
347 1702 480 1756 florem
497 1704 734 1758 aetatisfiaae
745 1723 761 1746 .·
790 1705 1061 1761 ipficsfiablatis
1078 1706 1184 1748 rebus
1206 1709 1256 1748 ad
1261 1708 1448 1760 simmam

195 1763 370 1814 Inopiam
387 1763 553 1802 redaaus
570 1761 631 1815 est.

193 1817 326 1871 Itaque
343 1832 363 1857 e
372 1816 557 1870 conspeetu
567 1820 729 1858 omnium
739 1818 832 1858 abiit
842 1822 881 1859 in
895 1817 1100 1869 Graeciam,
1119 1821 1307 1860 interram
1317 1822 1500 1866 vltimam.

189 1875 369 1916 Mortuus
389 1874 437 1926 cst
455 1876 494 1915 in
518 1874 754 1930 Szymphalo,
774 1876 961 1972 Αἱεαᾶἱαε
978 1876 1137 1930 oppido.-
1165 1876 1263 1917 nihil
1280 1877 1434 1918 Publius

873 1946 903 1988 4
1262 1945 1270 1953 ·
1373 1934 1502 1989 Scipt‘o

890 2063 930 2112 3)
953 2062 1035 2106 Alii
1053 2063 1182 2112 legunt
1195 2075 1313 2101 vocem
1329 2065 1500 2113 diuinam,

187 2062 224 2110 ι)
250 2062 328 2100 Alii
354 2062 451 2099 hanc
483 2062 598 2099 vitam
623 2062 794 2101 tribuunt

841 2113 944 2161 quod
983 2113 1263 2160 praeferendum
1298 2115 1370 2154 effe
1396 2116 1499 2155 vide-

136 2112 343 2149 Suetonio·
367 2112 601 2160 Tranquillo.
664 2114 793 2149 Caete-

134 2174 217 2198 rum
236 2173 323 2210 quas
340 2160 400 2197 hic
419 2161 556 2198 additas
577 2161 695 2204 videa
723 2164 793 2199 Le-

133 2210 211 2247 flor
230 2210 426 2254 beneuole,
448 2211 593 2247 notulas
613 2213 708 2248 Tan.
728 2212 792 2247 Fa-

134 2259 205 2297 bri,
223 2257 458 2308 excerpsimus
475 2273 518 2296 ex
527 2259 624 2296 Edit.
635 2259 791 2297 &Vester-

131 2308 252 2345 houii.
304 2310 348 2347 Z.

183 2360 221 2403 2)
247 2357 406 2407 Lasciuia
423 2356 485 2393 hic
501 2356 678 2407 fignificat
694 2357 790 2395 lusus

132 2405 347 2449 liberiores,
375 2406 499 2449 iocos,
530 2407 730 2450 conuiuia,
755 2418 792 2443 et

133 2455 221 2498 alia,
250 2467 344 2504 quae
368 2455 601 2492 tenuioribus
621 2455 791 2493 homini·

134 2505 201 2541 bus
229 2506 310 2542 sunt
337 2505 533 2552 denegata;
560 2505 619 2541 sed
641 2505 790 2541 summis

78 2595 82 2597 ‚
133 2553 245 2596 viris,
272 2553 335 2601 qui
362 2553 521 2602 eleganti
543 2553 699 2603 ingenio
722 2553 790 2591 fine

133 2603 298 2649 praediti,
318 2614 355 2639 et
374 2602 536 2639 concess'a
554 2603 650 2646 sunt,
670 2614 707 2641 et
724 2605 790 2642 bc-

134 2663 185 2688 ne
201 2651 412 2689 succedunt.
463 2651 550 2689 fab.

841 2173 912 2200 tur.
963 2163 1008 2201 Z.

889 2234 928 2280 4)
952 2232 1045 2282 Rape·
1059 2232 1109 2269 est
1126 2233 1238 2269 rheda
1255 2244 1317 2271 aut
1327 2246 1424 2283 equo
1437 2249 1498 2274 ve.

839 2280 894 2318 hi.
944 2281 1006 2318 Sic
1026 2284 1151 2319 Horat.
1170 2284 1370 2328 Serm.l',5.
1397 2287 1500 2337 Qa-

840 2341 924 2367 tuor
941 2331 1021 2366 hinc
1037 2332 1197 2380 rapimur
1219 2332 1353 2380 viginti
1369 2345 1404 2372 et
1422 2336 1500 2372 mil.

839 2380 890 2416 lia
913 2380 1043 2415 rhedis.
1098 2381 1184 2417 Fab.

892 2456 930 2501 5)
966 2456 1077 2490 Hunc
1115 2466 1153 2492 et
1180 2453 1392 2503 sequentem
1419 2470 1499 2497 ver-

840 2504 916 2541 sum
946 2503 1125 2540 Westerh.
1155 2506 1250 2542 duce
1278 2507 1415 2552 Fabro,
1456 2509 1500 2545 in

839 2566 955 2589 vnum
975 2554 1200 2590 contractum
1221 2554 1335 2591 edidit
1356 2556 1420 2592 fic:
1446 2558 1500 2594 Ob

828 2602 958 2651 florem
976 2603 1236 2687 aetatiffcae:
1261 2606 1313 2640 ad
1327 2605 1500 2655 summam

837 2651 988 2702 inopiam
1005 2653 1091 2689 reda
1127 2665 1165 2688 us
1182 2652 1245 2702 cst.
1288 2654 1348 2692 Z.-
