<?xml version="1.0" encoding="UTF-8"?>
<!DOCTYPE html PUBLIC "-//W3C//DTD XHTML 1.0 Transitional//EN"
    "http://www.w3.org/TR/xhtml1/DTD/xhtml1-transitional.dtd">
<html xmlns="http://www.w3.org/1999/xhtml" xml:lang="en" lang="en">
 <head>
  <title>
</title>
<meta http-equiv="Content-Type" content="text/html;charset=utf-8" />
  <meta name='ocr-system' content='tesseract 3.04.00' />
  <meta name='ocr-capabilities' content='ocr_page ocr_carea ocr_par ocr_line ocrx_word'/>
</head>
<body>
  <div class='ocr_page' id='page_1' title='image "./comoediaesexexre01tereuoft_0466.png"; bbox 0 0 1815 3168; ppageno 0'>
   <div class='ocr_carea' id='block_1_1' title="bbox 396 147 492 196">
    <p class='ocr_par' dir='ltr' id='par_1_1' title="bbox 396 147 492 196">
     <span class='ocr_line' id='line_1_1' title="bbox 396 147 492 196; baseline -0.021 0"><span class='ocrx_word' id='word_1_1' title='bbox 396 147 492 196; x_wconf 79' lang='lat'><strong>370</strong></span> 
     </span>
    </p>
   </div>
   <div class='ocr_carea' id='block_1_2' title="bbox 774 124 1372 174">
    <p class='ocr_par' dir='ltr' id='par_1_2' title="bbox 774 124 1372 174">
     <span class='ocr_line' id='line_1_2' title="bbox 774 124 1372 174; baseline -0.008 -1"><span class='ocrx_word' id='word_1_2' title='bbox 774 126 936 174; x_wconf 73' lang='lat' dir='ltr'><strong>ACT,</strong></span> <span class='ocrx_word' id='word_1_3' title='bbox 976 126 1048 170; x_wconf 84' lang='lat'>111.</span> <span class='ocrx_word' id='word_1_4' title='bbox 1088 124 1372 172; x_wconf 61' lang='lat' dir='ltr'>SCEN011.</span> 
     </span>
    </p>
   </div>
   <div class='ocr_carea' id='block_1_3' title="bbox 463 237 1769 403">
    <p class='ocr_par' dir='ltr' id='par_1_3' title="bbox 463 237 1769 403">
     <span class='ocr_line' id='line_1_3' title="bbox 532 237 1769 315; baseline -0.007 -11"><span class='ocrx_word' id='word_1_5' title='bbox 532 262 603 306; x_wconf 84' lang='lat' dir='ltr'><strong>De</strong></span> <span class='ocrx_word' id='word_1_6' title='bbox 623 253 795 302; x_wconf 85' lang='lat' dir='ltr'><strong>fidicina</strong></span> <span class='ocrx_word' id='word_1_7' title='bbox 818 252 944 300; x_wconf 82' lang='lat' dir='ltr'><strong>istac?</strong></span> <span class='ocrx_word' id='word_1_8' title='bbox 967 238 1089 299; x_wconf 75' lang='lat' dir='ltr'>PAR.</span> <span class='ocrx_word' id='word_1_9' title='bbox 1111 266 1245 315; x_wconf 88' lang='lat' dir='ltr'><strong>quam</strong></span> <span class='ocrx_word' id='word_1_10' title='bbox 1263 245 1466 297; x_wconf 82' lang='lat' dir='ltr'><strong>venuste!</strong></span> <span class='ocrx_word' id='word_1_11' title='bbox 1507 237 1628 311; x_wconf 62' lang='lat' dir='ltr'><strong>fluod</strong></span> <span class='ocrx_word' id='word_1_12' title='bbox 1651 248 1769 296; x_wconf 81' lang='lat' dir='ltr'>dedit</span> 
     </span>
     <span class='ocr_line' id='line_1_4' title="bbox 463 322 1769 403; baseline -0.01 -20"><span class='ocrx_word' id='word_1_13' title='bbox 463 349 492 403; x_wconf 82' lang='lat'>5</span> <span class='ocrx_word' id='word_1_14' title='bbox 532 334 805 397; x_wconf 85' lang='lat' dir='ltr'><strong>Principium</strong></span> <span class='ocrx_word' id='word_1_15' title='bbox 840 322 1099 376; x_wconf 79' lang='lat' dir='ltr'><strong>adueniens!</strong></span> <span class='ocrx_word' id='word_1_16' title='bbox 1146 322 1244 372; x_wconf 83' lang='grc' dir='ltr'><strong>ΤΗ</strong></span> <span class='ocrx_word' id='word_1_17' title='bbox 1263 339 1312 374; x_wconf 86' lang='lat' dir='ltr'><strong>A.</strong></span> <span class='ocrx_word' id='word_1_18' title='bbox 1363 325 1610 390; x_wconf 88' lang='lat' dir='ltr'><strong>plurimum</strong></span> <span class='ocrx_word' id='word_1_19' title='bbox 1642 327 1769 371; x_wconf 85' lang='lat' dir='ltr'><strong>meri·</strong></span> 
     </span>
    </p>
   </div>
   <div class='ocr_carea' id='block_1_4' title="bbox 632 418 794 455">
    <p class='ocr_par' dir='ltr' id='par_1_4' title="bbox 632 418 794 455">
     <span class='ocr_line' id='line_1_5' title="bbox 632 418 794 455; baseline -0.019 0"><span class='ocrx_word' id='word_1_20' title='bbox 632 419 678 455; x_wconf 88' lang='lat' dir='ltr'><strong>to</strong></span> <span class='ocrx_word' id='word_1_21' title='bbox 701 418 794 454; x_wconf 89' lang='lat' dir='ltr'><strong>tuo.</strong></span> 
     </span>
    </p>
   </div>
   <div class='ocr_carea' id='block_1_5' title="bbox 534 471 1770 541">
    <p class='ocr_par' dir='ltr' id='par_1_5' title="bbox 534 471 1770 541">
     <span class='ocr_line' id='line_1_6' title="bbox 534 471 1770 541; baseline -0.01 -9"><span class='ocrx_word' id='word_1_22' title='bbox 534 481 650 533; x_wconf 85' lang='lat' dir='ltr'><strong>GN.</strong></span> <span class='ocrx_word' id='word_1_23' title='bbox 693 487 854 530; x_wconf 83' lang='lat' dir='ltr'><strong>Eamus</strong></span> <span class='ocrx_word' id='word_1_24' title='bbox 885 495 994 539; x_wconf 84' lang='lat' dir='ltr'><strong>ergo</strong></span> <span class='ocrx_word' id='word_1_25' title='bbox 1018 477 1070 523; x_wconf 83' lang='lat' dir='ltr'><strong>ad</strong></span> <span class='ocrx_word' id='word_1_26' title='bbox 1093 492 1299 529; x_wconf 73' lang='lat' dir='ltr'><strong>coenam:</strong></span> <span class='ocrx_word' id='word_1_27' title='bbox 1337 475 1444 541; x_wconf 86' lang='lat' dir='ltr'><strong>quid</strong></span> <span class='ocrx_word' id='word_1_28' title='bbox 1477 472 1591 521; x_wconf 84' lang='lat' dir='ltr'>stas?</span> <span class='ocrx_word' id='word_1_29' title='bbox 1629 471 1770 522; x_wconf 84' lang='lat' dir='ltr'>PAR.</span> 
     </span>
    </p>
   </div>
   <div class='ocr_carea' id='block_1_6' title="bbox 634 558 968 609">
    <p class='ocr_par' dir='ltr' id='par_1_6' title="bbox 634 558 968 609">
     <span class='ocr_line' id='line_1_7' title="bbox 634 558 968 609; baseline -0.015 -3"><span class='ocrx_word' id='word_1_30' title='bbox 634 560 738 606; x_wconf 80' lang='lat' dir='ltr'><strong>hem</strong></span> <span class='ocrx_word' id='word_1_31' title='bbox 760 558 968 609; x_wconf 79' lang='lat' dir='ltr'><strong>alterum3</strong></span> 
     </span>
    </p>
   </div>
   <div class='ocr_carea' id='block_1_7' title="bbox 398 773 1087 2512">
    <p class='ocr_par' dir='ltr' id='par_1_7' title="bbox 409 773 1070 891">
     <span class='ocr_line' id='line_1_8' title="bbox 409 773 1066 829; baseline -0.018 -4"><span class='ocrx_word' id='word_1_32' title='bbox 409 782 593 829; x_wconf 86' lang='lat' dir='ltr'><strong>oseulum;</strong></span> <span class='ocrx_word' id='word_1_33' title='bbox 605 778 668 821; x_wconf 78' lang='lat' dir='ltr'><strong>sed</strong></span> <span class='ocrx_word' id='word_1_34' title='bbox 680 777 762 818; x_wconf 88' lang='lat' dir='ltr'><strong>duri</strong></span> <span class='ocrx_word' id='word_1_35' title='bbox 774 776 828 818; x_wconf 89' lang='lat' dir='ltr'><strong>est</strong></span> <span class='ocrx_word' id='word_1_36' title='bbox 839 786 879 816; x_wconf 89' lang='lat' dir='ltr'><strong>et</strong></span> <span class='ocrx_word' id='word_1_37' title='bbox 889 773 1066 829; x_wconf 83' lang='lat' dir='ltr'><strong>agrestis:</strong></span> 
     </span>
     <span class='ocr_line' id='line_1_9' title="bbox 410 832 1070 891; baseline -0.018 -10"><span class='ocrx_word' id='word_1_38' title='bbox 410 840 533 881; x_wconf 85' lang='lat' dir='ltr'><strong>insert</strong></span> <span class='ocrx_word' id='word_1_39' title='bbox 571 838 743 891; x_wconf 76' lang='lat' dir='ltr'><strong>(Infirre</strong></span> <span class='ocrx_word' id='word_1_40' title='bbox 772 838 928 875; x_wconf 87' lang='lat' dir='ltr'><strong>Donato</strong></span> <span class='ocrx_word' id='word_1_41' title='bbox 969 832 1070 871; x_wconf 84' lang='lat' dir='ltr'><strong>valet</strong></span> 
     </span>
    </p>

    <p class='ocr_par' dir='ltr' id='par_1_8' title="bbox 405 889 1077 1337">
     <span class='ocr_line' id='line_1_10' title="bbox 405 889 1070 951; baseline -0.015 -14"><span class='ocrx_word' id='word_1_42' title='bbox 405 897 642 951; x_wconf 73' lang='lat' dir='ltr'><strong>subiungere.</strong></span> <span class='ocrx_word' id='word_1_43' title='bbox 673 893 735 934; x_wconf 88' lang='lat' dir='ltr'><strong>Sic</strong></span> <span class='ocrx_word' id='word_1_44' title='bbox 749 889 870 931; x_wconf 82' lang='lat' dir='ltr'><strong>Andr.</strong></span> <span class='ocrx_word' id='word_1_45' title='bbox 885 903 924 938; x_wconf 83' lang='lat' dir='ltr'><strong>v,</strong></span> <span class='ocrx_word' id='word_1_46' title='bbox 935 890 972 937; x_wconf 85' lang='lat'><strong>6,</strong></span> <span class='ocrx_word' id='word_1_47' title='bbox 989 889 1070 940; x_wconf 80' lang='lat'>14.)</span> 
     </span>
     <span class='ocr_line' id='line_1_11' title="bbox 413 944 1072 1001; baseline -0.02 -7"><span class='ocrx_word' id='word_1_48' title='bbox 413 955 541 999; x_wconf 86' lang='lat' dir='ltr'><strong>enim,</strong></span> <span class='ocrx_word' id='word_1_49' title='bbox 572 949 717 1001; x_wconf 85' lang='lat' dir='ltr'><em>Ecquid</em></span> <span class='ocrx_word' id='word_1_50' title='bbox 749 961 818 987; x_wconf 85' lang='lat' dir='ltr'><strong>nos</strong></span> <span class='ocrx_word' id='word_1_51' title='bbox 850 944 978 983; x_wconf 78' lang='lat' dir='ltr'><strong>am&#39;as?</strong></span> <span class='ocrx_word' id='word_1_52' title='bbox 1023 946 1072 984; x_wconf 86' lang='lat' dir='ltr'><strong>Et</strong></span> 
     </span>
     <span class='ocr_line' id='line_1_12' title="bbox 410 998 1074 1062; baseline -0.018 -14"><span class='ocrx_word' id='word_1_53' title='bbox 410 1006 574 1062; x_wconf 77' lang='lat' dir='ltr'><em>Ecquid,</em></span> <span class='ocrx_word' id='word_1_54' title='bbox 601 1001 938 1055; x_wconf 80' lang='lat' dir='ltr'><strong>aliquantulumne</strong></span> <span class='ocrx_word' id='word_1_55' title='bbox 963 998 1074 1051; x_wconf 80' lang='lat' dir='ltr'><strong>figni-</strong></span> 
     </span>
     <span class='ocr_line' id='line_1_13' title="bbox 412 1057 1075 1108; baseline -0.021 -3"><span class='ocrx_word' id='word_1_56' title='bbox 412 1066 518 1106; x_wconf 84' lang='lat' dir='ltr'><strong>ficat:</strong></span> <span class='ocrx_word' id='word_1_57' title='bbox 551 1072 589 1100; x_wconf 91' lang='lat' dir='ltr'><strong>et</strong></span> <span class='ocrx_word' id='word_1_58' title='bbox 611 1060 702 1098; x_wconf 91' lang='lat' dir='ltr'><strong>ideo</strong></span> <span class='ocrx_word' id='word_1_59' title='bbox 722 1059 787 1097; x_wconf 84' lang='lat' dir='ltr'><strong>illa</strong></span> <span class='ocrx_word' id='word_1_60' title='bbox 799 1057 997 1108; x_wconf 86' lang='lat' dir='ltr'><strong>plurimum</strong></span> <span class='ocrx_word' id='word_1_61' title='bbox 1018 1066 1075 1093; x_wconf 91' lang='lat' dir='ltr'><strong>re-</strong></span> 
     </span>
     <span class='ocr_line' id='line_1_14' title="bbox 416 1112 1070 1162; baseline -0.023 0"><span class='ocrx_word' id='word_1_62' title='bbox 416 1124 519 1162; x_wconf 83' lang='lat' dir='ltr'><strong>citat.</strong></span> <span class='ocrx_word' id='word_1_63' title='bbox 549 1118 690 1157; x_wconf 84' lang='lat' dir='ltr'><strong>Cicero</strong></span> <span class='ocrx_word' id='word_1_64' title='bbox 718 1115 760 1153; x_wconf 88' lang='lat' dir='ltr'><strong>in</strong></span> <span class='ocrx_word' id='word_1_65' title='bbox 782 1112 992 1153; x_wconf 79' lang='lat' dir='ltr'>Catilinam</span> <span class='ocrx_word' id='word_1_66' title='bbox 1021 1112 1070 1162; x_wconf 81' lang='grc' dir='ltr'><strong>(Ι,</strong></span> 
     </span>
     <span class='ocr_line' id='line_1_15' title="bbox 416 1164 1077 1229; baseline -0.014 -16"><span class='ocrx_word' id='word_1_67' title='bbox 416 1180 492 1229; x_wconf 72' lang='grc'><strong>3,),</strong></span> <span class='ocrx_word' id='word_1_68' title='bbox 526 1174 631 1229; x_wconf 75' lang='lat' dir='ltr'><strong>Qid</strong></span> <span class='ocrx_word' id='word_1_69' title='bbox 651 1171 706 1223; x_wconf 84' lang='lat' dir='ltr'><strong>est,</strong></span> <span class='ocrx_word' id='word_1_70' title='bbox 730 1170 928 1212; x_wconf 83' lang='lat' dir='ltr'><em>Catilina?</em></span> <span class='ocrx_word' id='word_1_71' title='bbox 948 1164 1077 1219; x_wconf 79' lang='lat' dir='ltr'><em>ecquid</em></span> 
     </span>
     <span class='ocr_line' id='line_1_16' title="bbox 416 1224 1076 1281; baseline -0.02 -6"><span class='ocrx_word' id='word_1_72' title='bbox 416 1233 600 1276; x_wconf 79' lang='lat' dir='ltr'><strong>attendis?</strong></span> <span class='ocrx_word' id='word_1_73' title='bbox 639 1226 771 1281; x_wconf 87' lang='lat' dir='ltr'><em>ecquid</em></span> <span class='ocrx_word' id='word_1_74' title='bbox 805 1224 1076 1265; x_wconf 81' lang='lat' dir='ltr'><strong>animaduertis</strong></span> 
     </span>
     <span class='ocr_line' id='line_1_17' title="bbox 417 1284 884 1337; baseline -0.028 -4"><span class='ocrx_word' id='word_1_75' title='bbox 417 1293 550 1334; x_wconf 88' lang='lat' dir='ltr'><em>horum</em></span> <span class='ocrx_word' id='word_1_76' title='bbox 568 1286 782 1337; x_wconf 78' lang='lat' dir='ltr'><strong>filentium?</strong></span> <span class='ocrx_word' id='word_1_77' title='bbox 835 1284 884 1322; x_wconf 92' lang='lat' dir='ltr'><strong>D.</strong></span> 
     </span>
    </p>

    <p class='ocr_par' dir='ltr' id='par_1_9' title="bbox 411 1333 1087 2246">
     <span class='ocr_line' id='line_1_18' title="bbox 474 1333 1074 1399; baseline -0.02 -15"><span class='ocrx_word' id='word_1_78' title='bbox 474 1359 503 1399; x_wconf 93' lang='lat'><strong>4</strong></span> <span class='ocrx_word' id='word_1_79' title='bbox 538 1344 598 1383; x_wconf 78' lang='lat' dir='ltr'><strong>De</strong></span> <span class='ocrx_word' id='word_1_80' title='bbox 622 1336 781 1394; x_wconf 74' lang='lat' dir='ltr'><strong>fidicina</strong></span> <span class='ocrx_word' id='word_1_81' title='bbox 818 1336 960 1390; x_wconf 71' lang='lat' dir='ltr'><em>ssac?]</em></span> <span class='ocrx_word' id='word_1_82' title='bbox 999 1333 1074 1383; x_wconf 85' lang='lat' dir='ltr'><strong>De,</strong></span> 
     </span>
     <span class='ocr_line' id='line_1_19' title="bbox 419 1389 1081 1458; baseline -0.021 -15"><span class='ocrx_word' id='word_1_83' title='bbox 419 1412 599 1458; x_wconf 84' lang='lat' dir='ltr'><strong>propter:</strong></span> <span class='ocrx_word' id='word_1_84' title='bbox 626 1409 664 1437; x_wconf 94' lang='lat' dir='ltr'><strong>vt</strong></span> <span class='ocrx_word' id='word_1_85' title='bbox 684 1395 748 1445; x_wconf 84' lang='lat' dir='ltr'><strong>fit,</strong></span> <span class='ocrx_word' id='word_1_86' title='bbox 782 1403 941 1447; x_wconf 86' lang='lat' dir='ltr'><strong>propter</strong></span> <span class='ocrx_word' id='word_1_87' title='bbox 961 1389 1081 1430; x_wconf 81' lang='lat' dir='ltr'><strong>fidici-</strong></span> 
     </span>
     <span class='ocr_line' id='line_1_20' title="bbox 420 1448 1080 1502; baseline -0.024 -1"><span class='ocrx_word' id='word_1_88' title='bbox 420 1473 525 1502; x_wconf 83' lang='lat' dir='ltr'><strong>nam.</strong></span> <span class='ocrx_word' id='word_1_89' title='bbox 580 1457 628 1495; x_wconf 88' lang='lat' dir='ltr'><strong>Et</strong></span> <span class='ocrx_word' id='word_1_90' title='bbox 663 1453 753 1493; x_wconf 89' lang='lat' dir='ltr'><strong>vide</strong></span> <span class='ocrx_word' id='word_1_91' title='bbox 781 1464 864 1490; x_wconf 87' lang='lat' dir='ltr'><strong>non</strong></span> <span class='ocrx_word' id='word_1_92' title='bbox 895 1448 1080 1502; x_wconf 84' lang='lat' dir='ltr'>puellam,</span> 
     </span>
     <span class='ocr_line' id='line_1_21' title="bbox 419 1505 1084 1565; baseline -0.021 -9"><span class='ocrx_word' id='word_1_93' title='bbox 419 1516 488 1559; x_wconf 85' lang='lat' dir='ltr'><strong>sed</strong></span> <span class='ocrx_word' id='word_1_94' title='bbox 500 1512 701 1565; x_wconf 86' lang='lat' dir='ltr'><strong>fidicinam,</strong></span> <span class='ocrx_word' id='word_1_95' title='bbox 725 1507 827 1561; x_wconf 84' lang='lat' dir='ltr'><strong>quafi</strong></span> <span class='ocrx_word' id='word_1_96' title='bbox 846 1505 894 1545; x_wconf 88' lang='lat' dir='ltr'><strong>ab</strong></span> <span class='ocrx_word' id='word_1_97' title='bbox 914 1514 1084 1544; x_wconf 82' lang='lat' dir='ltr'><strong>amatore</strong></span> 
     </span>
     <span class='ocr_line' id='line_1_22' title="bbox 421 1559 1082 1620; baseline -0.023 -7"><span class='ocrx_word' id='word_1_98' title='bbox 421 1573 576 1620; x_wconf 67' lang='lat' dir='ltr'><strong>di&amp;am‚</strong></span> <span class='ocrx_word' id='word_1_99' title='bbox 597 1579 636 1607; x_wconf 92' lang='lat' dir='ltr'><strong>et</strong></span> <span class='ocrx_word' id='word_1_100' title='bbox 647 1580 693 1607; x_wconf 92' lang='lat' dir='ltr'><strong>eo</strong></span> <span class='ocrx_word' id='word_1_101' title='bbox 703 1576 884 1612; x_wconf 81' lang='lat' dir='ltr'><strong>amatore,</strong></span> <span class='ocrx_word' id='word_1_102' title='bbox 903 1563 971 1613; x_wconf 89' lang='lat' dir='ltr'><strong>qui</strong></span> <span class='ocrx_word' id='word_1_103' title='bbox 982 1559 1082 1612; x_wconf 81' lang='lat' dir='ltr'><strong>quafi</strong></span> 
     </span>
     <span class='ocr_line' id='line_1_23' title="bbox 420 1618 1084 1672; baseline -0.023 -2"><span class='ocrx_word' id='word_1_104' title='bbox 420 1640 572 1671; x_wconf 81' lang='lat' dir='ltr'><strong>memor</strong></span> <span class='ocrx_word' id='word_1_105' title='bbox 589 1624 631 1664; x_wconf 87' lang='lat' dir='ltr'><strong>fit</strong></span> <span class='ocrx_word' id='word_1_106' title='bbox 644 1623 742 1671; x_wconf 86' lang='lat' dir='ltr'><strong>artis,</strong></span> <span class='ocrx_word' id='word_1_107' title='bbox 761 1634 838 1672; x_wconf 85' lang='lat' dir='ltr'><strong>qua</strong></span> <span class='ocrx_word' id='word_1_108' title='bbox 850 1618 1084 1658; x_wconf 65' lang='lat' dir='ltr'><strong>deleftatur:</strong></span> 
     </span>
     <span class='ocr_line' id='line_1_24' title="bbox 422 1675 1082 1736; baseline -0.023 -10"><span class='ocrx_word' id='word_1_109' title='bbox 422 1697 464 1726; x_wconf 88' lang='lat' dir='ltr'><strong>et</strong></span> <span class='ocrx_word' id='word_1_110' title='bbox 492 1683 584 1736; x_wconf 88' lang='lat' dir='ltr'><strong>quia</strong></span> <span class='ocrx_word' id='word_1_111' title='bbox 608 1679 738 1733; x_wconf 86' lang='lat' dir='ltr'><strong>puella</strong></span> <span class='ocrx_word' id='word_1_112' title='bbox 760 1677 813 1716; x_wconf 81' lang='lat' dir='ltr'><strong>fit&#39;</strong></span> <span class='ocrx_word' id='word_1_113' title='bbox 830 1675 984 1715; x_wconf 87' lang='lat' dir='ltr'><strong>aemula</strong></span> <span class='ocrx_word' id='word_1_114' title='bbox 1002 1686 1082 1712; x_wconf 87' lang='lat' dir='ltr'><strong>me-</strong></span> 
     </span>
     <span class='ocr_line' id='line_1_25' title="bbox 422 1728 1084 1786; baseline -0.024 -3"><span class='ocrx_word' id='word_1_115' title='bbox 422 1741 572 1783; x_wconf 81' lang='lat' dir='ltr'><strong>retricis</strong></span> <span class='ocrx_word' id='word_1_116' title='bbox 584 1751 594 1786; x_wconf 82' lang='lat'>3</span> <span class='ocrx_word' id='word_1_117' title='bbox 614 1750 706 1775; x_wconf 86' lang='lat' dir='ltr'><strong>nam</strong></span> <span class='ocrx_word' id='word_1_118' title='bbox 717 1732 967 1774; x_wconf 84' lang='lat' dir='ltr'><strong>meretricum</strong></span> <span class='ocrx_word' id='word_1_119' title='bbox 980 1729 1032 1769; x_wconf 87' lang='lat' dir='ltr'><strong>est</strong></span> <span class='ocrx_word' id='word_1_120' title='bbox 1045 1728 1084 1768; x_wconf 82' lang='lat' dir='ltr'><strong>fi-</strong></span> 
     </span>
     <span class='ocr_line' id='line_1_26' title="bbox 423 1785 1084 1846; baseline -0.021 -8"><span class='ocrx_word' id='word_1_121' title='bbox 423 1799 594 1838; x_wconf 88' lang='lat' dir='ltr'><strong>dicinam</strong></span> <span class='ocrx_word' id='word_1_122' title='bbox 620 1790 711 1832; x_wconf 84' lang='lat' dir='ltr'><strong>effe.</strong></span> <span class='ocrx_word' id='word_1_123' title='bbox 766 1791 895 1846; x_wconf 76' lang='lat' dir='ltr'><strong>Qum</strong></span> <span class='ocrx_word' id='word_1_124' title='bbox 913 1785 1084 1838; x_wconf 85' lang='lat' dir='ltr'><strong>venuste!</strong></span> 
     </span>
     <span class='ocr_line' id='line_1_27' title="bbox 422 1844 1084 1908; baseline -0.021 -14"><span class='ocrx_word' id='word_1_125' title='bbox 422 1854 525 1908; x_wconf 80' lang='lat' dir='ltr'><strong>quod</strong></span> <span class='ocrx_word' id='word_1_126' title='bbox 553 1849 653 1890; x_wconf 85' lang='lat' dir='ltr'><em>dedit</em></span> <span class='ocrx_word' id='word_1_127' title='bbox 682 1849 908 1901; x_wconf 80' lang='lat' dir='ltr'><strong>principium</strong></span> <span class='ocrx_word' id='word_1_128' title='bbox 937 1844 1084 1882; x_wconf 82' lang='lat' dir='ltr'><strong>adueni-</strong></span> 
     </span>
     <span class='ocr_line' id='line_1_28' title="bbox 420 1899 1085 1963; baseline -0.023 -12"><span class='ocrx_word' id='word_1_129' title='bbox 420 1908 538 1963; x_wconf 75' lang='lat' dir='ltr'><strong>ensl]</strong></span> <span class='ocrx_word' id='word_1_130' title='bbox 577 1910 686 1947; x_wconf 86' lang='lat' dir='ltr'><strong>Bene</strong></span> <span class='ocrx_word' id='word_1_131' title='bbox 718 1899 971 1954; x_wconf 85' lang='lat' dir='ltr'>reprehendit</span> <span class='ocrx_word' id='word_1_132' title='bbox 997 1903 1085 1939; x_wconf 89' lang='lat' dir='ltr'><strong>Par—</strong></span> 
     </span>
     <span class='ocr_line' id='line_1_29' title="bbox 417 1954 1085 2007; baseline -0.021 -1"><span class='ocrx_word' id='word_1_133' title='bbox 417 1958 556 2007; x_wconf 70' lang='lat' dir='ltr'><strong>meno.</strong></span> <span class='ocrx_word' id='word_1_134' title='bbox 610 1962 709 2001; x_wconf 86' lang='lat' dir='ltr'><strong>Nam</strong></span> <span class='ocrx_word' id='word_1_135' title='bbox 729 1960 771 1997; x_wconf 87' lang='lat' dir='ltr'><strong>in</strong></span> <span class='ocrx_word' id='word_1_136' title='bbox 789 1954 991 1998; x_wconf 79' lang='lat' dir='ltr'><strong>beneficiis</strong></span> <span class='ocrx_word' id='word_1_137' title='bbox 1018 1954 1085 1993; x_wconf 89' lang='lat' dir='ltr'><strong>de-</strong></span> 
     </span>
     <span class='ocr_line' id='line_1_30' title="bbox 411 2012 1084 2073; baseline -0.024 -9"><span class='ocrx_word' id='word_1_138' title='bbox 411 2023 491 2073; x_wconf 26' lang='lat' dir='ltr'><strong>v*bet</strong></span> <span class='ocrx_word' id='word_1_139' title='bbox 508 2013 682 2069; x_wconf 82' lang='lat' dir='ltr'><strong>obliuisci</strong></span> <span class='ocrx_word' id='word_1_140' title='bbox 703 2015 768 2067; x_wconf 86' lang='lat' dir='ltr'><strong>qui</strong></span> <span class='ocrx_word' id='word_1_141' title='bbox 786 2012 914 2062; x_wconf 85' lang='lat' dir='ltr'>dedit,</span> <span class='ocrx_word' id='word_1_142' title='bbox 945 2021 984 2052; x_wconf 88' lang='lat' dir='ltr'><strong>et</strong></span> <span class='ocrx_word' id='word_1_143' title='bbox 1007 2022 1084 2049; x_wconf 86' lang='lat' dir='ltr'><strong>rne-</strong></span> 
     </span>
     <span class='ocr_line' id='line_1_31' title="bbox 423 2066 1085 2125; baseline -0.024 -5"><span class='ocrx_word' id='word_1_144' title='bbox 423 2073 581 2120; x_wconf 76' lang='lat' dir='ltr'><strong>minifl&#39;e</strong></span> <span class='ocrx_word' id='word_1_145' title='bbox 619 2072 687 2125; x_wconf 89' lang='lat' dir='ltr'><strong>qui</strong></span> <span class='ocrx_word' id='word_1_146' title='bbox 723 2070 884 2122; x_wconf 73' lang='lat' dir='ltr'><strong>accepit.</strong></span> <span class='ocrx_word' id='word_1_147' title='bbox 944 2070 992 2108; x_wconf 90' lang='lat' dir='ltr'><strong>Et</strong></span> <span class='ocrx_word' id='word_1_148' title='bbox 1030 2066 1085 2105; x_wconf 88' lang='lat' dir='ltr'><strong>est</strong></span> 
     </span>
     <span class='ocr_line' id='line_1_32' title="bbox 425 2127 1087 2191; baseline -0.021 -16"><span class='ocrx_word' id='word_1_149' title='bbox 425 2133 556 2191; x_wconf 85' lang='lat' dir='ltr'><strong>grauis</strong></span> <span class='ocrx_word' id='word_1_150' title='bbox 589 2134 759 2178; x_wconf 66' lang='grc' dir='ltr'>εἰρωνεία,</span> <span class='ocrx_word' id='word_1_151' title='bbox 810 2127 940 2183; x_wconf 76' lang='lat' dir='ltr'><strong>Qum</strong></span> <span class='ocrx_word' id='word_1_152' title='bbox 978 2135 1087 2163; x_wconf 72' lang='lat' dir='ltr'><strong>venu-</strong></span> 
     </span>
     <span class='ocr_line' id='line_1_33' title="bbox 417 2190 606 2246; baseline -0.037 -13"><span class='ocrx_word' id='word_1_153' title='bbox 417 2193 502 2246; x_wconf 81' lang='lat' dir='ltr'><strong>ste!</strong></span> <span class='ocrx_word' id='word_1_154' title='bbox 557 2190 606 2229; x_wconf 90' lang='lat' dir='ltr'><strong>D.</strong></span> 
     </span>
    </p>

    <p class='ocr_par' dir='ltr' id='par_1_10' title="bbox 398 2233 1087 2401">
     <span class='ocr_line' id='line_1_34' title="bbox 398 2233 1087 2295; baseline -0.025 -6"><span class='ocrx_word' id='word_1_155' title='bbox 398 2290 400 2295; x_wconf 24' lang='lat' dir='ltr'><strong>f</strong></span> <span class='ocrx_word' id='word_1_156' title='bbox 484 2245 657 2287; x_wconf 83' lang='lat' dir='ltr'><em>Fidicina</em></span> <span class='ocrx_word' id='word_1_157' title='bbox 677 2238 843 2295; x_wconf 83' lang='lat' dir='ltr'><em>isthac?]</em></span> <span class='ocrx_word' id='word_1_158' title='bbox 872 2238 987 2288; x_wconf 87' lang='lat' dir='ltr'><strong>Quae</strong></span> <span class='ocrx_word' id='word_1_159' title='bbox 1005 2233 1087 2274; x_wconf 83' lang='lat' dir='ltr'><strong>fidi-</strong></span> 
     </span>
     <span class='ocr_line' id='line_1_35' title="bbox 426 2293 1086 2349; baseline -0.023 -5"><span class='ocrx_word' id='word_1_160' title='bbox 426 2303 497 2344; x_wconf 87' lang='lat' dir='ltr'><strong>bus</strong></span> <span class='ocrx_word' id='word_1_161' title='bbox 516 2301 593 2349; x_wconf 76' lang='lat' dir='ltr'><strong>scit‚</strong></span> <span class='ocrx_word' id='word_1_162' title='bbox 615 2298 690 2338; x_wconf 90' lang='lat' dir='ltr'><strong>hoc</strong></span> <span class='ocrx_word' id='word_1_163' title='bbox 715 2296 781 2345; x_wconf 87' lang='lat' dir='ltr'><strong>est,</strong></span> <span class='ocrx_word' id='word_1_164' title='bbox 809 2293 991 2334; x_wconf 81' lang='lat' dir='ltr'><strong>citharam</strong></span> <span class='ocrx_word' id='word_1_165' title='bbox 1009 2304 1086 2331; x_wconf 90' lang='lat' dir='ltr'><strong>no-</strong></span> 
     </span>
     <span class='ocr_line' id='line_1_36' title="bbox 426 2361 595 2401; baseline -0.03 0"><span class='ocrx_word' id='word_1_166' title='bbox 426 2361 493 2401; x_wconf 90' lang='lat' dir='ltr'><strong>uit.</strong></span> <span class='ocrx_word' id='word_1_167' title='bbox 528 2361 595 2398; x_wconf 84' lang='grc' dir='ltr'><strong>-Ε,</strong></span> 
     </span>
    </p>

    <p class='ocr_par' dir='ltr' id='par_1_11' title="bbox 425 2404 1087 2512">
     <span class='ocr_line' id='line_1_37' title="bbox 481 2404 1087 2470; baseline -0.021 -15"><span class='ocrx_word' id='word_1_168' title='bbox 481 2429 505 2470; x_wconf 83' lang='lat'><em>5</em></span> <span class='ocrx_word' id='word_1_169' title='bbox 537 2412 748 2454; x_wconf 88' lang='lat' dir='ltr'><strong>Plurimum</strong></span> <span class='ocrx_word' id='word_1_170' title='bbox 759 2406 894 2447; x_wconf 80' lang='lat' dir='ltr'><strong>merito</strong></span> <span class='ocrx_word' id='word_1_171' title='bbox 905 2404 992 2458; x_wconf 87' lang='lat' dir='ltr'><strong>tuo]</strong></span> <span class='ocrx_word' id='word_1_172' title='bbox 1021 2405 1087 2444; x_wconf 83' lang='lat' dir='ltr'><strong>Fa-</strong></span> 
     </span>
     <span class='ocr_line' id='line_1_38' title="bbox 425 2458 1084 2512; baseline -0.02 1"><span class='ocrx_word' id='word_1_173' title='bbox 425 2483 514 2512; x_wconf 89' lang='lat' dir='ltr'><strong>cete</strong></span> <span class='ocrx_word' id='word_1_174' title='bbox 553 2466 739 2509; x_wconf 76' lang='lat' dir='ltr'><strong>meretrix</strong></span> <span class='ocrx_word' id='word_1_175' title='bbox 774 2474 947 2508; x_wconf 86' lang='lat' dir='ltr'><strong>amorem</strong></span> <span class='ocrx_word' id='word_1_176' title='bbox 975 2458 1084 2500; x_wconf 86' lang='lat' dir='ltr'><strong>suum</strong></span> 
     </span>
    </p>
   </div>
   <div class='ocr_carea' id='block_1_8' title="bbox 424 2514 1101 2569">
    <p class='ocr_par' dir='ltr' id='par_1_12' title="bbox 424 2514 1101 2569">
     <span class='ocr_line' id='line_1_39' title="bbox 424 2514 1101 2569; baseline -0.021 -1"><span class='ocrx_word' id='word_1_177' title='bbox 424 2542 511 2569; x_wconf 89' lang='lat' dir='ltr'><strong>non</strong></span> <span class='ocrx_word' id='word_1_178' title='bbox 538 2526 585 2565; x_wconf 92' lang='lat' dir='ltr'><strong>ad</strong></span> <span class='ocrx_word' id='word_1_179' title='bbox 609 2522 809 2563; x_wconf 82' lang='lat' dir='ltr'><strong>auaritiam</strong></span> <span class='ocrx_word' id='word_1_180' title='bbox 827 2518 985 2566; x_wconf 84' lang='lat' dir='ltr'><strong>retulit,</strong></span> <span class='ocrx_word' id='word_1_181' title='bbox 1015 2514 1101 2556; x_wconf 65' lang='lat' dir='ltr'><strong>sed·</strong></span> 
     </span>
    </p>
   </div>
   <div class='ocr_carea' id='block_1_9' title="bbox 422 2571 1083 2694">
    <p class='ocr_par' dir='ltr' id='par_1_13' title="bbox 422 2571 1083 2694">
     <span class='ocr_line' id='line_1_40' title="bbox 424 2571 1083 2626; baseline -0.026 0"><span class='ocrx_word' id='word_1_182' title='bbox 424 2584 474 2626; x_wconf 83' lang='lat' dir='ltr'><strong>ad</strong></span> <span class='ocrx_word' id='word_1_183' title='bbox 505 2582 688 2622; x_wconf 82' lang='lat' dir='ltr'><strong>officium.</strong></span> <span class='ocrx_word' id='word_1_184' title='bbox 742 2580 790 2617; x_wconf 90' lang='lat' dir='ltr'><strong>Et</strong></span> <span class='ocrx_word' id='word_1_185' title='bbox 819 2588 908 2614; x_wconf 89' lang='lat' dir='ltr'><strong>cum</strong></span> <span class='ocrx_word' id='word_1_186' title='bbox 932 2573 983 2612; x_wconf 90' lang='lat' dir='ltr'><strong>de</strong></span> <span class='ocrx_word' id='word_1_187' title='bbox 1002 2571 1083 2613; x_wconf 83' lang='lat' dir='ltr'><strong>fidi-</strong></span> 
     </span>
     <span class='ocr_line' id='line_1_41' title="bbox 422 2632 1083 2694; baseline -0.03 -12"><span class='ocrx_word' id='word_1_188' title='bbox 422 2642 523 2694; x_wconf 71' lang='lat' dir='ltr'><strong>eina,</strong></span> <span class='ocrx_word' id='word_1_189' title='bbox 543 2637 681 2691; x_wconf 76' lang='lat' dir='ltr'><strong>inquit,</strong></span> <span class='ocrx_word' id='word_1_190' title='bbox 700 2644 740 2675; x_wconf 90' lang='lat' dir='ltr'><strong>te</strong></span> <span class='ocrx_word' id='word_1_191' title='bbox 759 2645 889 2677; x_wconf 72' lang='lat' dir='ltr'><strong>amem</strong></span> <span class='ocrx_word' id='word_1_192' title='bbox 906 2632 1017 2685; x_wconf 73' lang='lat' dir='ltr'><strong>(mm,</strong></span> <span class='ocrx_word' id='word_1_193' title='bbox 1046 2643 1083 2671; x_wconf 69' lang='lat' dir='ltr'><strong>v.</strong></span> 
     </span>
    </p>
   </div>
   <div class='ocr_carea' id='block_1_10' title="bbox 1709 629 1775 673">
    <p class='ocr_par' dir='ltr' id='par_1_14' title="bbox 1709 629 1775 673">
     <span class='ocr_line' id='line_1_42' title="bbox 1709 629 1775 673; baseline -0.03 0"><span class='ocrx_word' id='word_1_194' title='bbox 1709 629 1775 673; x_wconf 83' lang='lat' dir='ltr'><strong>Ex</strong></span> 
     </span>
    </p>
   </div>
   <div class='ocr_carea' id='block_1_11' title="bbox 1118 770 1792 2452">
    <p class='ocr_par' dir='ltr' id='par_1_15' title="bbox 1118 770 1792 2452">
     <span class='ocr_line' id='line_1_43' title="bbox 1118 770 1775 823; baseline -0.003 -12"><span class='ocrx_word' id='word_1_195' title='bbox 1118 782 1256 823; x_wconf 87' lang='lat' dir='ltr'><strong>terque</strong></span> <span class='ocrx_word' id='word_1_196' title='bbox 1280 770 1385 822; x_wconf 83' lang='lat' dir='ltr'><strong>cod.)</strong></span> <span class='ocrx_word' id='word_1_197' title='bbox 1410 771 1617 823; x_wconf 81' lang='lat' dir='ltr'><strong>praecipue</strong></span> <span class='ocrx_word' id='word_1_198' title='bbox 1635 771 1775 812; x_wconf 88' lang='lat' dir='ltr'><strong>merito</strong></span> 
     </span>
     <span class='ocr_line' id='line_1_44' title="bbox 1119 824 1776 878; baseline -0.005 -11"><span class='ocrx_word' id='word_1_199' title='bbox 1119 839 1198 867; x_wconf 88' lang='lat' dir='ltr'><strong>tuo.</strong></span> <span class='ocrx_word' id='word_1_200' title='bbox 1253 829 1333 869; x_wconf 87' lang='lat' dir='ltr'><strong>Alii</strong></span> <span class='ocrx_word' id='word_1_201' title='bbox 1352 827 1400 866; x_wconf 75' lang='lat' dir='ltr'><strong>iic</strong></span> <span class='ocrx_word' id='word_1_202' title='bbox 1418 824 1650 878; x_wconf 86' lang='lat' dir='ltr'><strong>respondere</strong></span> <span class='ocrx_word' id='word_1_203' title='bbox 1660 828 1776 867; x_wconf 84' lang='lat' dir='ltr'><strong>intel-</strong></span> 
     </span>
     <span class='ocr_line' id='line_1_45' title="bbox 1120 878 1780 938; baseline -0.003 -15"><span class='ocrx_word' id='word_1_204' title='bbox 1120 885 1269 938; x_wconf 82' lang='lat' dir='ltr'><strong>ligunt,</strong></span> <span class='ocrx_word' id='word_1_205' title='bbox 1299 895 1337 922; x_wconf 85' lang='lat' dir='ltr'><strong>vt</strong></span> <span class='ocrx_word' id='word_1_206' title='bbox 1353 881 1429 935; x_wconf 86' lang='lat' dir='ltr'><strong>ipsa</strong></span> <span class='ocrx_word' id='word_1_207' title='bbox 1451 883 1500 923; x_wconf 91' lang='lat' dir='ltr'><strong>de</strong></span> <span class='ocrx_word' id='word_1_208' title='bbox 1517 878 1674 924; x_wconf 82' lang='lat' dir='ltr'><strong>fidicina</strong></span> <span class='ocrx_word' id='word_1_209' title='bbox 1696 896 1780 937; x_wconf 83' lang='lat' dir='ltr'><strong>gra·</strong></span> 
     </span>
     <span class='ocr_line' id='line_1_46' title="bbox 1120 939 1778 994; baseline -0.002 -15"><span class='ocrx_word' id='word_1_210' title='bbox 1120 942 1190 980; x_wconf 82' lang='lat' dir='ltr'><strong>tias</strong></span> <span class='ocrx_word' id='word_1_211' title='bbox 1214 951 1316 994; x_wconf 84' lang='lat' dir='ltr'><strong>agat.</strong></span> <span class='ocrx_word' id='word_1_212' title='bbox 1370 941 1473 979; x_wconf 85' lang='lat' dir='ltr'><strong>Nam</strong></span> <span class='ocrx_word' id='word_1_213' title='bbox 1501 952 1590 978; x_wconf 88' lang='lat' dir='ltr'><strong>cum</strong></span> <span class='ocrx_word' id='word_1_214' title='bbox 1618 940 1687 979; x_wconf 89' lang='lat' dir='ltr'><strong>ille</strong></span> <span class='ocrx_word' id='word_1_215' title='bbox 1721 939 1778 978; x_wconf 89' lang='lat' dir='ltr'><strong>di-</strong></span> 
     </span>
     <span class='ocr_line' id='line_1_47' title="bbox 1121 995 1781 1050; baseline -0.002 -15"><span class='ocrx_word' id='word_1_216' title='bbox 1121 998 1230 1045; x_wconf 77' lang='lat' dir='ltr'><strong>xerit,</strong></span> <span class='ocrx_word' id='word_1_217' title='bbox 1251 995 1396 1050; x_wconf 85' lang='lat' dir='ltr'><em>Ecquid</em></span> <span class='ocrx_word' id='word_1_218' title='bbox 1416 1011 1482 1035; x_wconf 84' lang='lat' dir='ltr'><strong>nos</strong></span> <span class='ocrx_word' id='word_1_219' title='bbox 1493 996 1617 1036; x_wconf 85' lang='lat' dir='ltr'><strong>amas?</strong></span> <span class='ocrx_word' id='word_1_220' title='bbox 1646 995 1781 1035; x_wconf 54' lang='lat' dir='ltr'><strong>illas-e·—</strong></span> 
     </span>
     <span class='ocr_line' id='line_1_48' title="bbox 1122 1050 1781 1104; baseline -0.003 -13"><span class='ocrx_word' id='word_1_221' title='bbox 1122 1050 1291 1104; x_wconf 85' lang='lat' dir='ltr'>spondit,</span> <span class='ocrx_word' id='word_1_222' title='bbox 1314 1051 1526 1092; x_wconf 81' lang='lat' dir='ltr'><strong>Plurimum.</strong></span> <span class='ocrx_word' id='word_1_223' title='bbox 1583 1051 1702 1103; x_wconf 87' lang='lat' dir='ltr'><strong>Quod</strong></span> <span class='ocrx_word' id='word_1_224' title='bbox 1720 1064 1781 1090; x_wconf 84' lang='lat' dir='ltr'><strong>au-</strong></span> 
     </span>
     <span class='ocr_line' id='line_1_49' title="bbox 1124 1105 1779 1159; baseline 0 -13"><span class='ocrx_word' id='word_1_225' title='bbox 1124 1119 1203 1147; x_wconf 89' lang='lat' dir='ltr'><strong>tem</strong></span> <span class='ocrx_word' id='word_1_226' title='bbox 1231 1109 1277 1146; x_wconf 82' lang='lat' dir='ltr'><strong>de</strong></span> <span class='ocrx_word' id='word_1_227' title='bbox 1300 1105 1456 1159; x_wconf 73' lang='lat' dir='ltr'><strong>fidicina</strong></span> <span class='ocrx_word' id='word_1_228' title='bbox 1481 1109 1546 1147; x_wconf 86' lang='lat' dir='ltr'><strong>hac</strong></span> <span class='ocrx_word' id='word_1_229' title='bbox 1580 1108 1676 1147; x_wconf 79' lang='lat' dir='ltr'><strong>dixit</strong></span> <span class='ocrx_word' id='word_1_230' title='bbox 1702 1109 1779 1154; x_wconf 85' lang='lat' dir='ltr'><strong>ille,</strong></span> 
     </span>
     <span class='ocr_line' id='line_1_50' title="bbox 1124 1162 1781 1214; baseline 0 -12"><span class='ocrx_word' id='word_1_231' title='bbox 1124 1162 1283 1203; x_wconf 87' lang='lat' dir='ltr'><strong>subiecit</strong></span> <span class='ocrx_word' id='word_1_232' title='bbox 1309 1163 1422 1214; x_wconf 86' lang='lat' dir='ltr'><strong>haec,</strong></span> <span class='ocrx_word' id='word_1_233' title='bbox 1450 1166 1597 1205; x_wconf 80' lang='lat' dir='ltr'><strong>Merito</strong></span> <span class='ocrx_word' id='word_1_234' title='bbox 1618 1178 1705 1213; x_wconf 63' lang='grc' dir='ltr'><strong>τωο,</strong></span> <span class='ocrx_word' id='word_1_235' title='bbox 1741 1163 1781 1202; x_wconf 85' lang='lat' dir='ltr'><strong>id</strong></span> 
     </span>
     <span class='ocr_line' id='line_1_51' title="bbox 1126 1219 1781 1272; baseline -0.003 -13"><span class='ocrx_word' id='word_1_236' title='bbox 1126 1219 1191 1268; x_wconf 84' lang='lat' dir='ltr'><strong>est,</strong></span> <span class='ocrx_word' id='word_1_237' title='bbox 1225 1220 1412 1272; x_wconf 83' lang='lat' dir='ltr'><strong>quoniam</strong></span> <span class='ocrx_word' id='word_1_238' title='bbox 1438 1222 1621 1269; x_wconf 82' lang='lat' dir='ltr'><strong>mereris,</strong></span> <span class='ocrx_word' id='word_1_239' title='bbox 1650 1221 1781 1260; x_wconf 86' lang='lat' dir='ltr'><strong>dando</strong></span> 
     </span>
     <span class='ocr_line' id='line_1_52' title="bbox 1128 1275 1784 1331; baseline -0.002 -15"><span class='ocrx_word' id='word_1_240' title='bbox 1128 1290 1227 1316; x_wconf 87' lang='lat' dir='ltr'><strong>eam.</strong></span> <span class='ocrx_word' id='word_1_241' title='bbox 1281 1275 1359 1316; x_wconf 87' lang='lat' dir='ltr'><strong>Sed</strong></span> <span class='ocrx_word' id='word_1_242' title='bbox 1378 1276 1515 1315; x_wconf 90' lang='lat' dir='ltr'><strong>melius</strong></span> <span class='ocrx_word' id='word_1_243' title='bbox 1536 1276 1600 1331; x_wconf 78' lang='lat' dir='ltr'><strong>est,</strong></span> <span class='ocrx_word' id='word_1_244' title='bbox 1620 1287 1660 1315; x_wconf 86' lang='lat' dir='ltr'><strong>vt</strong></span> <span class='ocrx_word' id='word_1_245' title='bbox 1675 1289 1784 1328; x_wconf 83' lang='lat' dir='ltr'><strong>prae·</strong></span> 
     </span>
     <span class='ocr_line' id='line_1_53' title="bbox 1128 1332 1784 1379; baseline 0.002 -9"><span class='ocrx_word' id='word_1_246' title='bbox 1128 1343 1187 1374; x_wconf 83' lang='lat' dir='ltr'><strong>ter</strong></span> <span class='ocrx_word' id='word_1_247' title='bbox 1221 1345 1360 1370; x_wconf 82' lang='lat' dir='ltr'><strong>munus</strong></span> <span class='ocrx_word' id='word_1_248' title='bbox 1403 1332 1590 1372; x_wconf 82' lang='lat' dir='ltr'><strong>Meritum</strong></span> <span class='ocrx_word' id='word_1_249' title='bbox 1622 1332 1784 1379; x_wconf 85' lang='lat' dir='ltr'><strong>dixerit:</strong></span> 
     </span>
     <span class='ocr_line' id='line_1_54' title="bbox 1129 1389 1784 1443; baseline -0.002 -16"><span class='ocrx_word' id='word_1_250' title='bbox 1129 1402 1362 1441; x_wconf 83' lang='lat' dir='ltr'><strong>quamquam</strong></span> <span class='ocrx_word' id='word_1_251' title='bbox 1387 1389 1505 1428; x_wconf 79' lang='lat' dir='ltr'><strong>multi&#39;</strong></span> <span class='ocrx_word' id='word_1_252' title='bbox 1526 1391 1784 1443; x_wconf 45' lang='lat' dir='ltr'><strong>munus3meri-</strong></span> 
     </span>
     <span class='ocr_line' id='line_1_55' title="bbox 1132 1444 1786 1498; baseline -0.003 -12"><span class='ocrx_word' id='word_1_253' title='bbox 1132 1459 1210 1487; x_wconf 81' lang='lat' dir='ltr'><strong>tum</strong></span> <span class='ocrx_word' id='word_1_254' title='bbox 1245 1445 1487 1498; x_wconf 83' lang='lat' dir='ltr'><strong>intelligant:</strong></span> <span class='ocrx_word' id='word_1_255' title='bbox 1534 1455 1573 1484; x_wconf 91' lang='lat' dir='ltr'><strong>vt</strong></span> <span class='ocrx_word' id='word_1_256' title='bbox 1609 1444 1663 1484; x_wconf 89' lang='lat' dir='ltr'><strong>est</strong></span> <span class='ocrx_word' id='word_1_257' title='bbox 1689 1444 1786 1484; x_wconf 84' lang='lat' dir='ltr'><strong>illud</strong></span> 
     </span>
     <span class='ocr_line' id='line_1_56' title="bbox 1132 1500 1788 1555; baseline -0.005 -13"><span class='ocrx_word' id='word_1_258' title='bbox 1132 1502 1291 1555; x_wconf 75' lang='lat' dir='ltr'><strong>Virgilii</strong></span> <span class='ocrx_word' id='word_1_259' title='bbox 1310 1502 1429 1551; x_wconf 86' lang='lat' dir='ltr'><strong>(Aen.</strong></span> <span class='ocrx_word' id='word_1_260' title='bbox 1445 1514 1506 1548; x_wconf 79' lang='lat' dir='ltr'><strong>VI,</strong></span> <span class='ocrx_word' id='word_1_261' title='bbox 1525 1503 1662 1555; x_wconf 58' lang='lat'><strong>6649:</strong></span> <span class='ocrx_word' id='word_1_262' title='bbox 1693 1500 1788 1554; x_wconf 77' lang='lat' dir='ltr'><strong>Qi-</strong></span> 
     </span>
     <span class='ocr_line' id='line_1_57' title="bbox 1132 1557 1789 1613; baseline -0.003 -15"><span class='ocrx_word' id='word_1_263' title='bbox 1132 1557 1273 1613; x_wconf 73' lang='lat' dir='ltr'><strong>quesiti</strong></span> <span class='ocrx_word' id='word_1_264' title='bbox 1288 1572 1464 1599; x_wconf 83' lang='lat' dir='ltr'><strong>memores</strong></span> <span class='ocrx_word' id='word_1_265' title='bbox 1484 1559 1575 1598; x_wconf 85' lang='lat' dir='ltr'><strong>alios</strong></span> <span class='ocrx_word' id='word_1_266' title='bbox 1585 1558 1710 1610; x_wconf 77' lang='lat' dir='ltr'><strong>fecere</strong></span> <span class='ocrx_word' id='word_1_267' title='bbox 1721 1570 1789 1596; x_wconf 85' lang='lat' dir='ltr'><strong>me-</strong></span> 
     </span>
     <span class='ocr_line' id='line_1_58' title="bbox 1131 1609 1791 1668; baseline -0.003 -13"><span class='ocrx_word' id='word_1_268' title='bbox 1131 1615 1245 1655; x_wconf 80' lang='lat' dir='ltr'><strong>rendo</strong></span> <span class='ocrx_word' id='word_1_269' title='bbox 1259 1631 1273 1652; x_wconf 94' lang='grc'><strong>.·</strong></span> <span class='ocrx_word' id='word_1_270' title='bbox 1302 1614 1341 1654; x_wconf 89' lang='lat' dir='ltr'><strong>id</strong></span> <span class='ocrx_word' id='word_1_271' title='bbox 1360 1614 1433 1663; x_wconf 88' lang='lat' dir='ltr'><strong>est,</strong></span> <span class='ocrx_word' id='word_1_272' title='bbox 1464 1626 1590 1668; x_wconf 83' lang='lat' dir='ltr'><strong>gratos</strong></span> <span class='ocrx_word' id='word_1_273' title='bbox 1611 1612 1679 1652; x_wconf 86' lang='lat' dir='ltr'><strong>fibi</strong></span> <span class='ocrx_word' id='word_1_274' title='bbox 1698 1609 1791 1654; x_wconf 78' lang='lat' dir='ltr'><strong>red-</strong></span> 
     </span>
     <span class='ocr_line' id='line_1_59' title="bbox 1131 1671 1666 1716; baseline 0 -6"><span class='ocrx_word' id='word_1_275' title='bbox 1131 1671 1268 1711; x_wconf 85' lang='lat' dir='ltr'><strong>didere</strong></span> <span class='ocrx_word' id='word_1_276' title='bbox 1286 1671 1548 1710; x_wconf 82' lang='lat' dir='ltr'><strong>munerando.</strong></span> <span class='ocrx_word' id='word_1_277' title='bbox 1603 1672 1666 1716; x_wconf 60' lang='lat' dir='ltr'><strong>D„</strong></span> 
     </span>
     <span class='ocr_line' id='line_1_60' title="bbox 1188 1725 1792 1781; baseline -0.005 -14"><span class='ocrx_word' id='word_1_278' title='bbox 1188 1727 1394 1768; x_wconf 82' lang='lat' dir='ltr'><strong>Plurimum</strong></span> <span class='ocrx_word' id='word_1_279' title='bbox 1404 1727 1555 1781; x_wconf 79' lang='lat' dir='ltr'><strong>merito]</strong></span> <span class='ocrx_word' id='word_1_280' title='bbox 1571 1725 1703 1767; x_wconf 85' lang='lat' dir='ltr'><strong>Astuta</strong></span> <span class='ocrx_word' id='word_1_281' title='bbox 1711 1738 1792 1765; x_wconf 89' lang='lat' dir='ltr'><strong>me-</strong></span> 
     </span>
     <span class='ocr_line' id='line_1_61' title="bbox 1132 1782 1789 1836; baseline -0.006 -12"><span class='ocrx_word' id='word_1_282' title='bbox 1132 1785 1258 1833; x_wconf 77' lang='lat' dir='ltr'><strong>retrix,</strong></span> <span class='ocrx_word' id='word_1_283' title='bbox 1287 1797 1340 1823; x_wconf 89' lang='lat' dir='ltr'><strong>ne</strong></span> <span class='ocrx_word' id='word_1_284' title='bbox 1360 1784 1531 1824; x_wconf 81' lang='lat' dir='ltr'><strong>muneris</strong></span> <span class='ocrx_word' id='word_1_285' title='bbox 1552 1783 1671 1836; x_wconf 85' lang='lat' dir='ltr'><strong>gratia</strong></span> <span class='ocrx_word' id='word_1_286' title='bbox 1687 1782 1789 1821; x_wconf 86' lang='lat' dir='ltr'><strong>dice-</strong></span> 
     </span>
     <span class='ocr_line' id='line_1_62' title="bbox 1132 1836 1787 1890; baseline -0.005 -10"><span class='ocrx_word' id='word_1_287' title='bbox 1132 1852 1192 1880; x_wconf 85' lang='lat' dir='ltr'><strong>ret</strong></span> <span class='ocrx_word' id='word_1_288' title='bbox 1210 1838 1249 1880; x_wconf 89' lang='lat' dir='ltr'><strong>se</strong></span> <span class='ocrx_word' id='word_1_289' title='bbox 1269 1838 1397 1880; x_wconf 80' lang='lat' dir='ltr'><strong>amare</strong></span> <span class='ocrx_word' id='word_1_290' title='bbox 1417 1841 1604 1887; x_wconf 81' lang='lat' dir='ltr'><strong>militem,</strong></span> <span class='ocrx_word' id='word_1_291' title='bbox 1633 1836 1787 1890; x_wconf 86' lang='lat' dir='ltr'><strong>respon-</strong></span> 
     </span>
     <span class='ocr_line' id='line_1_63' title="bbox 1134 1893 1760 1946; baseline -0.006 -10"><span class='ocrx_word' id='word_1_292' title='bbox 1134 1894 1198 1945; x_wconf 85' lang='lat' dir='ltr'><strong>dit,</strong></span> <span class='ocrx_word' id='word_1_293' title='bbox 1211 1907 1358 1943; x_wconf 69' lang='lat' dir='ltr'><strong>amore,</strong></span> <span class='ocrx_word' id='word_1_294' title='bbox 1380 1893 1455 1946; x_wconf 83' lang='lat' dir='ltr'><strong>sed,</strong></span> <span class='ocrx_word' id='word_1_295' title='bbox 1466 1897 1597 1934; x_wconf 81' lang='lat' dir='ltr'><strong>merito</strong></span> <span class='ocrx_word' id='word_1_296' title='bbox 1607 1906 1685 1933; x_wconf 89' lang='lat' dir='ltr'><strong>tuo.</strong></span> <span class='ocrx_word' id='word_1_297' title='bbox 1715 1898 1760 1935; x_wconf 90' lang='lat' dir='ltr'><strong>E.</strong></span> 
     </span>
     <span class='ocr_line' id='line_1_64' title="bbox 1187 1950 1792 2007; baseline -0.008 -14"><span class='ocrx_word' id='word_1_298' title='bbox 1187 1954 1213 1993; x_wconf 93' lang='lat'><strong>6</strong></span> <span class='ocrx_word' id='word_1_299' title='bbox 1250 1952 1388 1991; x_wconf 79' lang='lat' dir='ltr'><em>Eamus</em></span> <span class='ocrx_word' id='word_1_300' title='bbox 1423 1965 1509 2007; x_wconf 80' lang='lat' dir='ltr'><strong>ergo</strong></span> <span class='ocrx_word' id='word_1_301' title='bbox 1539 1951 1591 1990; x_wconf 88' lang='lat' dir='ltr'><strong>ad</strong></span> <span class='ocrx_word' id='word_1_302' title='bbox 1616 1950 1792 2003; x_wconf 83' lang='lat' dir='ltr'><strong>coenam]</strong></span> 
     </span>
     <span class='ocr_line' id='line_1_65' title="bbox 1132 2006 1792 2060; baseline -0.003 -13"><span class='ocrx_word' id='word_1_303' title='bbox 1132 2010 1277 2051; x_wconf 87' lang='lat' dir='ltr'><strong>Decuit</strong></span> <span class='ocrx_word' id='word_1_304' title='bbox 1296 2007 1500 2060; x_wconf 75' lang='lat' dir='ltr'><strong>parasitum</strong></span> <span class='ocrx_word' id='word_1_305' title='bbox 1517 2006 1568 2046; x_wconf 90' lang='lat' dir='ltr'><strong>de</strong></span> <span class='ocrx_word' id='word_1_306' title='bbox 1597 2019 1721 2046; x_wconf 86' lang='lat' dir='ltr'><strong>coena</strong></span> <span class='ocrx_word' id='word_1_307' title='bbox 1739 2017 1792 2045; x_wconf 89' lang='lat' dir='ltr'><strong>et·</strong></span> 
     </span>
     <span class='ocr_line' id='line_1_66' title="bbox 1132 2063 1792 2117; baseline -0.005 -12"><span class='ocrx_word' id='word_1_308' title='bbox 1132 2066 1210 2105; x_wconf 85' lang='lat' dir='ltr'><strong>iam</strong></span> <span class='ocrx_word' id='word_1_309' title='bbox 1228 2066 1450 2117; x_wconf 83' lang='lat' dir='ltr'><strong>importune</strong></span> <span class='ocrx_word' id='word_1_310' title='bbox 1468 2063 1689 2112; x_wconf 83' lang='lat' dir='ltr'><strong>admonere,</strong></span> <span class='ocrx_word' id='word_1_311' title='bbox 1703 2076 1792 2102; x_wconf 88' lang='lat' dir='ltr'><strong>cum</strong></span> 
     </span>
     <span class='ocr_line' id='line_1_67' title="bbox 1134 2120 1792 2173; baseline -0.002 -14"><span class='ocrx_word' id='word_1_312' title='bbox 1134 2120 1300 2173; x_wconf 85' lang='lat' dir='ltr'><strong>quadam</strong></span> <span class='ocrx_word' id='word_1_313' title='bbox 1327 2126 1468 2168; x_wconf 69' lang='grc' dir='ltr'><strong>ἔμφάσει</strong></span> <span class='ocrx_word' id='word_1_314' title='bbox 1495 2120 1599 2159; x_wconf 85' lang='lat' dir='ltr'><strong>velut</strong></span> <span class='ocrx_word' id='word_1_315' title='bbox 1623 2131 1792 2172; x_wconf 86' lang='lat' dir='ltr'><strong>magnae</strong></span> 
     </span>
     <span class='ocr_line' id='line_1_68' title="bbox 1134 2176 1790 2230; baseline -0.006 -13"><span class='ocrx_word' id='word_1_316' title='bbox 1134 2178 1203 2217; x_wconf 90' lang='lat' dir='ltr'><strong>rei.</strong></span> <span class='ocrx_word' id='word_1_317' title='bbox 1261 2179 1357 2217; x_wconf 82' lang='lat' dir='ltr'><strong>Hem</strong></span> <span class='ocrx_word' id='word_1_318' title='bbox 1375 2177 1547 2230; x_wconf 82' lang='lat' dir='ltr'><strong>alterum]</strong></span> <span class='ocrx_word' id='word_1_319' title='bbox 1579 2179 1685 2216; x_wconf 90' lang='lat' dir='ltr'><strong>Bene</strong></span> <span class='ocrx_word' id='word_1_320' title='bbox 1701 2176 1790 2215; x_wconf 82' lang='lat' dir='ltr'><strong>alte·</strong></span> 
     </span>
     <span class='ocr_line' id='line_1_69' title="bbox 1133 2231 1791 2286; baseline -0.006 -12"><span class='ocrx_word' id='word_1_321' title='bbox 1133 2247 1234 2280; x_wconf 81' lang='lat' dir='ltr'><strong>rum,</strong></span> <span class='ocrx_word' id='word_1_322' title='bbox 1261 2234 1351 2286; x_wconf 85' lang='lat' dir='ltr'><strong>quia</strong></span> <span class='ocrx_word' id='word_1_323' title='bbox 1369 2233 1447 2273; x_wconf 90' lang='lat' dir='ltr'><strong>duo</strong></span> <span class='ocrx_word' id='word_1_324' title='bbox 1466 2231 1563 2272; x_wconf 86' lang='lat' dir='ltr'><strong>sunt.</strong></span> <span class='ocrx_word' id='word_1_325' title='bbox 1619 2232 1714 2270; x_wconf 88' lang='lat' dir='ltr'><strong>Hem</strong></span> <span class='ocrx_word' id='word_1_326' title='bbox 1736 2231 1791 2271; x_wconf 84' lang='lat' dir='ltr'><strong>al·</strong></span> 
     </span>
     <span class='ocr_line' id='line_1_70' title="bbox 1135 2286 1792 2345; baseline -0.006 -14"><span class='ocrx_word' id='word_1_327' title='bbox 1135 2290 1273 2345; x_wconf 85' lang='lat' dir='ltr'><strong>terum]</strong></span> <span class='ocrx_word' id='word_1_328' title='bbox 1308 2290 1349 2331; x_wconf 90' lang='lat' dir='ltr'><strong>Si</strong></span> <span class='ocrx_word' id='word_1_329' title='bbox 1381 2289 1444 2329; x_wconf 83' lang='lat' dir='ltr'><strong>hie</strong></span> <span class='ocrx_word' id='word_1_330' title='bbox 1483 2286 1792 2340; x_wconf 81' lang='lat' dir='ltr'><strong>reprehendatur</strong></span> 
     </span>
     <span class='ocr_line' id='line_1_71' title="bbox 1135 2343 1791 2399; baseline -0.005 -13"><span class='ocrx_word' id='word_1_331' title='bbox 1135 2348 1256 2399; x_wconf 80' lang='lat' dir='ltr'><strong>miles,</strong></span> <span class='ocrx_word' id='word_1_332' title='bbox 1275 2345 1429 2386; x_wconf 78' lang='lat' dir='ltr'><strong>alterum</strong></span> <span class='ocrx_word' id='word_1_333' title='bbox 1445 2346 1605 2386; x_wconf 52' lang='lat' dir='ltr'><strong>dit-“tums</strong></span> <span class='ocrx_word' id='word_1_334' title='bbox 1629 2343 1657 2383; x_wconf 84' lang='lat' dir='ltr'>fi</span> <span class='ocrx_word' id='word_1_335' title='bbox 1682 2358 1791 2397; x_wconf 85' lang='lat' dir='ltr'><strong>para·</strong></span> 
     </span>
     <span class='ocr_line' id='line_1_72' title="bbox 1135 2400 1790 2452; baseline -0.005 -9"><span class='ocrx_word' id='word_1_336' title='bbox 1135 2403 1242 2452; x_wconf 86' lang='lat' dir='ltr'><strong>fitus‚</strong></span> <span class='ocrx_word' id='word_1_337' title='bbox 1271 2402 1429 2443; x_wconf 68' lang='lat' dir='ltr'><strong>alterum</strong></span> <span class='ocrx_word' id='word_1_338' title='bbox 1448 2403 1637 2443; x_wconf 79' lang='lat' dir='ltr'><strong>hominem.</strong></span> <span class='ocrx_word' id='word_1_339' title='bbox 1693 2400 1790 2442; x_wconf 86' lang='lat' dir='ltr'><strong>Vult</strong></span> 
     </span>
    </p>
   </div>
   <div class='ocr_carea' id='block_1_12' title="bbox 1116 2454 1792 2511">
    <p class='ocr_par' dir='ltr' id='par_1_16' title="bbox 1116 2454 1792 2511">
     <span class='ocr_line' id='line_1_73' title="bbox 1116 2454 1792 2511; baseline -0.009 -11"><span class='ocrx_word' id='word_1_340' title='bbox 1116 2506 1119 2508; x_wconf 48' lang='grc'><em>,</em></span> <span class='ocrx_word' id='word_1_341' title='bbox 1135 2461 1242 2500; x_wconf 91' lang='lat' dir='ltr'><strong>enim</strong></span> <span class='ocrx_word' id='word_1_342' title='bbox 1261 2464 1450 2501; x_wconf 83' lang='lat' dir='ltr'><strong>Parmeno</strong></span> <span class='ocrx_word' id='word_1_343' title='bbox 1477 2471 1518 2499; x_wconf 87' lang='lat' dir='ltr'><strong>et</strong></span> <span class='ocrx_word' id='word_1_344' title='bbox 1535 2456 1694 2511; x_wconf 69' lang='lat' dir='ltr'><strong>pai-afim</strong></span> <span class='ocrx_word' id='word_1_345' title='bbox 1712 2454 1792 2495; x_wconf 81' lang='lat' dir='ltr'><strong>efl&#39;e</strong></span> 
     </span>
    </p>
   </div>
   <div class='ocr_carea' id='block_1_13' title="bbox 1130 2511 1791 2627">
    <p class='ocr_par' dir='ltr' id='par_1_17' title="bbox 1130 2511 1791 2627">
     <span class='ocr_line' id='line_1_74' title="bbox 1130 2511 1791 2567; baseline -0.006 -11"><span class='ocrx_word' id='word_1_346' title='bbox 1130 2514 1331 2567; x_wconf 84' lang='lat' dir='ltr'><strong>versutior,</strong></span> <span class='ocrx_word' id='word_1_347' title='bbox 1365 2528 1406 2557; x_wconf 88' lang='lat' dir='ltr'><strong>et</strong></span> <span class='ocrx_word' id='word_1_348' title='bbox 1425 2515 1544 2557; x_wconf 82' lang='lat' dir='ltr'><strong>debet</strong></span> <span class='ocrx_word' id='word_1_349' title='bbox 1570 2511 1647 2554; x_wconf 86' lang='lat' dir='ltr'><strong>effe</strong></span> <span class='ocrx_word' id='word_1_350' title='bbox 1671 2511 1791 2566; x_wconf 85' lang='lat' dir='ltr'><strong>(Edd.</strong></span> 
     </span>
     <span class='ocr_line' id='line_1_75' title="bbox 1133 2571 1789 2627; baseline -0.015 -11"><span class='ocrx_word' id='word_1_351' title='bbox 1133 2576 1275 2616; x_wconf 83' lang='lat' dir='ltr'><strong>Vener.</strong></span> <span class='ocrx_word' id='word_1_352' title='bbox 1307 2575 1371 2627; x_wconf 77' lang='lat' dir='ltr'><strong>qui</strong></span> <span class='ocrx_word' id='word_1_353' title='bbox 1388 2587 1424 2613; x_wconf 87' lang='lat' dir='ltr'><strong>et</strong></span> <span class='ocrx_word' id='word_1_354' title='bbox 1441 2573 1547 2614; x_wconf 84' lang='lat' dir='ltr'><strong>debet</strong></span> <span class='ocrx_word' id='word_1_355' title='bbox 1567 2571 1668 2623; x_wconf 80' lang='lat' dir='ltr'><strong>effe),</strong></span> <span class='ocrx_word' id='word_1_356' title='bbox 1702 2582 1789 2607; x_wconf 87' lang='lat' dir='ltr'><strong>cum</strong></span> 
     </span>
    </p>
   </div>
   <div class='ocr_carea' id='block_1_14' title="bbox 1133 2625 1794 2721">
    <p class='ocr_par' dir='ltr' id='par_1_18' title="bbox 1133 2625 1794 2721">
     <span class='ocr_line' id='line_1_76' title="bbox 1133 2625 1791 2720; baseline -0.014 -48"><span class='ocrx_word' id='word_1_357' title='bbox 1133 2631 1278 2684; x_wconf 76' lang='lat' dir='ltr'><strong>peioris</strong></span> <span class='ocrx_word' id='word_1_358' title='bbox 1307 2629 1543 2673; x_wconf 84' lang='lat' dir='ltr'><strong>conditionis</strong></span> <span class='ocrx_word' id='word_1_359' title='bbox 1582 2626 1635 2667; x_wconf 84' lang='lat' dir='ltr'><strong>fit.</strong></span> <span class='ocrx_word' id='word_1_360' title='bbox 1692 2625 1791 2720; x_wconf 64' lang='lat' dir='ltr'><strong>Hlem</strong></span> 
     </span>
     <span class='ocr_line' id='line_1_77' title="bbox 1703 2691 1794 2721; baseline -0.044 1"><span class='ocrx_word' id='word_1_361' title='bbox 1703 2697 1723 2721; x_wconf 79' lang='lat' dir='ltr'><em>a</em></span> <span class='ocrx_word' id='word_1_362' title='bbox 1742 2691 1794 2721; x_wconf 82' lang='lat' dir='ltr'><strong>te·</strong></span> 
     </span>
    </p>
   </div>
  </div>
 </body>
</html>
