1815 3168
283 151 381 198 514

663 126 819 171 ACT.
851 124 902 169 V.
944 118 1138 167 SCEN.
1171 118 1280 162 VIII.

323 275 395 323 40
427 261 506 308 Me
538 256 671 303 huius
696 248 905 317 quicquid
933 249 1069 300 facio,
1104 244 1150 292 id
1183 243 1324 291 facere
1347 227 1665 288 maxume'cau-

527 332 566 380 sa
598 346 708 376 mea.

428 414 599 460 Verum
631 403 661 453 fi
691 402 811 450 idem
831 398 955 448 vobis
978 392 1179 463 prodest,
1217 411 1296 442 vos
1318 410 1410 441 non
1434 392 1575 440 facere
1595 392 1668 438 in-

531 476 706 530 scitia'st.

436 559 538 611 PH·
580 554 701 610 Quid
733 549 822 598 est?
863 544 974 595 GN.

1013 547 1197 595 militem
1233 562 1317 607 ego
1346 544 1531 592 riualem
1561 541 1671 590 reci-

533 629 749 699 piendum
772 625 936 674 censeo.
976 622 1073 671 PH.
1109 624 1228 675 hem,

307 836 517 880 admodum
534 832 836 886 in2Philippit-is3
865 826 967 884 Qni-

307 909 350 938 re
368 898 423 935 iza
445 891 573 943 cenfi’o.
627 894 672 930 E.

370 949 603 992 Vehementer
621 943 750 997 velim]
780 938 852 984 Ms.
862 944 904 981 R.
929 949 971 979 et

309 1018 401 1048 vett.
419 1005 510 1044 Iibb.
530 1002 757 1040 vehementer
775 998 873 1036 volo.
903 998 945 1035 L.

367 1066 439 1103 Pro
467 1060 575 1098 velim
604 1054 716 1096 codd.
739 1052 886 1093 habent
910 1063 975 1090 vo·

314 1119 363 1158 lo.
418 1120 461 1157 Β.

369 1186 425 1228 40
457 1171 526 1211 Me
547 1167 651 1208 buius
663 1164 844 1220 quicquid
851 1163 972 1216 fhcio,

315 1229 360 1269 id
379 1229 511 1281 fizcere
542 1226 700 1264 maxime
734 1221 841 1272 causti
876 1219 973 1272 mea]

311 1283 434 1329 Deest
460 1284 538 1330 rei,
568 1290 634 1320 aut
650 1279 717 1334 est:
749 1288 789 1316 vt
818 1276 881 1324 fit,
911 1276 977 1314 Me

320 1342 429 1381 huius
453 1337 628 1392 quicquid
656 1333 703 1386 est
737 1333 836 1388 quod
866 1331 977 1382 fficio,

320 1399 361 1437 izi
385 1398 518 1449 fixere
553 1394 716 1432 maxime
746 1387 856 1441 ιαμβι
886 1401 979 1426 mea.

321 1454 396 1494 Hic
415 1465 436 1491 a
454 1447 617 1503 persona
634 1444 814 1486 discessit:
842 1455 881 1483 et
899 1456 983 1481 rem

324 1522 405 1549 non
432 1503 601 1546 odiosam
634 1516 705 1555 pro
724 1498 854 1540 odiosa
874 1496 985 1552 posu-

323 1567 375 1614 it,
409 1563 449 1602 id
467 1561 531 1609 est,
561 1559 809 1612 pai-afiticam,
837 1570 906 1607 pro
926 1567 986 1593 ae-

325 1621 422 1662 muli
441 1631 574 1658 amore
593 1627 631 1656 et
651 1612 868 1654 commodo.
899 1614 947 1651 D.

379 1671 705 1733 Qicquidfizcio]
736 1674 788 1713 V.
808 1671 854 1710 C.
873 1682 908 1721 q.
919 1667 989 1720 fa-

328 1737 432 1775 ciam.
489 1734 527 1771 L.

385 1787 492 1828 Libri
509 1796 646 1824 omnes
674 1794 764 1822 cum
786 1779 878 1820 edd.
899 1777 990 1820 νεα.

331 1847 489 1887 Famam.
546 1844 586 1880 B.

388 1911 439 1953 41
477 1898 610 1936 Verum
620 1894 714 1934 idem
720 1891 763 1945 fi'
765 1889 875 1931 vohis*
879 1889 995 1944 prod-

334 1956 402 2010 est]
434 1955 606 1997 Multum
632 1951 757 1989 attulit
775 1947 822 1986 ad
844 1944 995 1999 persua-

335 2011 530 2052 dendum:
562 2021 644 2046 non
660 2003 737 2045 effe
748 2001 996 2042 commodum

337 2068 451 2109 militi
468 2064 630 2110 admitti,
654 2073 692 2100 et
702 2059 807 2100 suum
828 2070 996 2097 commo-

339 2126 434 2164 dum
462 2118 628 2173 ipsorum
647 2115 726 2157 esse
737 2114 998 2154 commodum.

345 2181 386 2221 V
380 2195 418 2218 ος
431 2178 650 2229 nonfiicere‚
663 2172 806 2223 inscitia
819 2170 883 2224 est]
906 2172 998 2209 Ora·

342 2237 461 2283 tui-ie,
493 2245 531 2272 et
551 2230 762 2271 secundum
780 2226 1001 2265 inlinuatio·

343 2293 404 2331 nis
433 2298 639 2342 praecepta
665 2285 714 2324 {ic
740 2283 849 2322 dixit.
903 2285 1001 2321 Nam

342 2345 583 2388 remittendo
606 2353 646 2382 et
664 2338 898 2387 dubitando,
925 2350 1003 2376 ma-

345 2405 404 2458 gis
424 2403 542 2441 fleffit
554 2399 715 2445 animm,
735 2395 1001 2448 quamliaper-

344 2471 386 2499 te
404 2471 447 2497 ac
467 2448 919 2509 pertinaciteraffeueret.
950 2451 999 2490 D.

374 2512 380 2514 “
401 2527 455 2567 42
485 2513 654 2553 Militem
676 2522 743 2564 ego
767 2506 923 2546 riualem
950 2519 1005 2544 re-

349 2571 553 2623 cipiendum
565 2566 701 2619 censio]
732 2560 945 2606 Artificiose
957 2559 1006 2600 sa-

346 2628 414 2676 tis,
447 2623 566 2665 semel
594 2623 726 2663 intulit
754 2631 873 2662 omne
899 2617 1007 2672 quod

1549 692 1674 740 Reci-

1016 827 1158 867 durum
1178 825 1282 865 dfflu
1302 822 1349 864 ad
1365 816 1678 876 persuadendum

1018 895 1110 924 erat.
1166 885 1266 922 Nam
1278 881 1381 933 quod
1397 878 1546 918 militem
1564 884 1606 914 et
1624 874 1681 911 ri-

1019 939 1134 980 ualem
1154 939 1261 986 dixit,
1290 938 1336 976 ad
1354 949 1440 975 eam
1459 945 1543 984 rem
1560 929 1678 977 valet,

1022 1006 1062 1035 vt
1080 995 1203 1047 magis
1221 991 1484 1033 admittendus
1494 987 1551 1039 fit,
1562 997 1681 1038 quam

1023 1048 1309 1090 excludendus:
1336 1059 1376 1088 et
1407 1045 1516 1086 fimul
1539 1041 1688 1083 fiducia,

1023 1105 1188 1146 dicentis
1207 1114 1315 1157 parat
1341 1103 1492 1142 animos
1510 1100 1558 1139 ad
1578 1096 1686 1138 audi-

1024 1162 1128 1202 enda
1145 1173 1246 1213 quae
1268 1159 1381 1199 dicet.
1434 1158 1596 1197 Militem
1612 1163 1684 1208 ego

1024 1218 1178 1259 riualem
1196 1216 1438 1269 recipiendum
1456 1211 1599 1265 censeo]
1620 1210 1687 1248 Ri-

1026 1276 1124 1314 uales
1153 1272 1333 1313 dicuntur
1363 1269 1507 1310 aemuli
1531 1267 1588 1306 de·
1602 1279 1688 1305 mu·

1027 1329 1194 1376 liei-ibus,
1216 1329 1314 1368 fasta
1340 1325 1594 1366 translatione
1614 1335 1691 1372 no·

1030 1386 1147 1427 minis
1175 1400 1194 1425 a
1223 1384 1318 1424 feris
1345 1381 1493 1423 bestiis:
1526 1390 1626 1431 quae
1646 1376 1693 1414 fi»

1032 1445 1175 1483 tientes
1209 1455 1297 1480 cum
1324 1452 1374 1479 ex
1401 1437 1540 1478 eodem
1564 1434 1694 1473 riuulo

1031 1498 1205 1538 haustum
1233 1506 1389 1549 petunt,
1432 1495 1475 1532 in
1504 1491 1698 1545 praelium

1033 1565 1162 1595 contra
1189 1551 1228 1593 se
1244 1553 1416 1592 inuicem
1436 1549 1695 1588 concitantur.

1036 1612 1101 1652 Sic
1122 1611 1262 1651 Cicero
1280 1621 1350 1660 pro
1365 1606 1496 1645 Caelio
1515 1610 1614 1655 (cap.
1639 1601 1698 1653 8.)

1038 1667 1106 1707 Sin
1124 1668 1196 1706 erit
1217 1678 1262 1704 ex
1283 1664 1341 1703 illo
1352 1663 1467 1716 fonte
1486 1659 1700 1705 riualis,in-

1041 1725 1134 1775 quit.
1204 1721 1371 1761 Militem
1415 1716 1567 1758 riualem
1611 1713 1703 1769 ego}

1042 1777 1255 1821 Considera
1275 1789 1350 1828 quo
1364 1776 1469 1814 vultu
1480 1772 1554 1811 hoc
1570 1771 1705 1809 dicen-

1042 1836 1137 1875 dum
1163 1833 1227 1873 fit:
1261 1845 1299 1871 et
1327 1832 1523 1882 intelliges
1541 1838 1580 1865 et
1598 1826 1702 1865 mili-

1042 1906 1125 1939 tem,
1144 1901 1181 1929 et
1199 1888 1363 1934 riualem,
1384 1896 1422 1925 et
1444 1882 1700 1935 recipiendum,

1045 1959 1083 1985 et
1095 1960 1160 1999 ego
1182 1944 1309 1994 σενι-βο,
1323 1952 1464 1994 quanta
1474 1937 1704 1992 fignificent.

1044 2006 1134 2043 Non
1154 2001 1260 2041 enim
1272 1999 1370 2037 dixit
1387 1996 1621 2046 Thmsbnem,
1636 1990 1704 2032 sed

1044 2058 1221 2098 militem:
1250 2055 1354 2107 quod
1384 2064 1530 2091 nomen
1554 2050 1600 2089 ad
1619 2049 1706 2087 stul-

1047 2115 1169 2154 titiam
1186 2112 1298 2151 valet.
1355 2111 1442 2150 Non
1451 2107 1612 2159 socium,
1637 2099 1708 2144 sed

1050 2169 1224 2210 riualem:
1267 2180 1342 2218 quo
1370 2164 1555 2211 ostendit,
1585 2174 1709 2213 quan·

1050 2224 1265 2277 doquidem
1296 2222 1422 2261 riualis
1443 2221 1483 2258 in
1504 2218 1710 2258 meretrice

1053 2279 1260 2334 capiendus
1281 2279 1345 2325 est,
1372 2277 1474 2315 hunc
1493 2275 1620 2327 potius
1639 2272 1710 2313 eli·
1731 2309 1735 2312 ,

1052 2337 1236 2393 gendum.
1295 2336 1376 2374 Nec
1406 2333 1514 2383 (dele
1543 2343 1607 2369 nec
1643 2329 1711 2380 Z.)

1052 2408 1134 2433 non
1153 2391 1447 2436 Excludendum,
1473 2385 1538 2428 sed
1567 2386 1711 2436 Recipi-

1052 2451 1182 2491 endum
1202 2447 1319 2487 dixit:
1352 2457 1389 2484 vt
1407 2444 1626 2483 ostenderet
1644 2439 1711 2480 ad·

1054 2520 1103 2546 eo
1127 2501 1313 2557 prodesse,
1334 2514 1371 2541 vt
1390 2502 1506 2540 etiam
1532 2498 1581 2539 de
1599 2498 1711 2537 indu·

1055 2563 1139 2602 stria
1157 2558 1382 2600 retinendus
1402 2557 1453 2596 fit.
1516 2557 1621 2599 Non,
1647 2566 1713 2590 va·

1056 2620 1091 2661 lo
1113 2629 1295 2674 affingo,
1317 2612 1382 2656 sed
1400 2612 1546 2667 censio:
1575 2621 1719 2651 vtem.

1622 2666 1727 2709 mia„
