1815 3168
684 165 979 211 ANDRIA.

1417 178 1511 226 ¹²7

281 291 550 341 Potiffimum
577 293 730 339 nunc?
755 302 811 339 et,
833 290 954 354 quod
977 289 1213 336 dicendum
1233 290 1304 337 hic
1325 288 1415 345 fiet,

288 374 367 416 Tu
409 385 587 433 quoque
626 383 838 433 perparce
875 368 1079 413 nimium.
1122 382 1214 412 non
1245 366 1390 416 laudo.
1436 362 1516 414 SI.

382 449 489 491 tace]

193 537 252 585 25
288 516 446 566 DAv.
485 519 735 565 Commoui.
772 513 849 563 Sl.
885 533 971 577 ego
1004 513 1151 568 istaec,
1192 511 1312 562 reste
1331 525 1379 562 vt
1398 513 1519 569 fiant,

385 593 552 641 videro.

291 669 517 726 Quidnam
558 669 644 717 hoc
673 669 739 716 rei
766 665 865 714 est?
928 664 1036 731 quid
1063 665 1146 713 hic
1180 664 1274 714 volt
1301 675 1518 715 veterator

385 743 463 792 fibi
475 746 499 791 ’ἓ

1400 819 1522 864 Nam

213 995 264 1036 23
301 981 353 1024 Et
389 980 488 1036 quod
524 980 716 1022 dicendum
753 979 812 1022 hic
862 976 1050 1031 speeator
1085 976 1233 1025 audiat,
1272 988 1355 1016 non
1390 974 1522 1016 senex.

144 1037 246 1094 fiet]
277 1041 383 1078 Bene
401 1039 470 1087 hic,
491 1036 555 1077 vbi
573 1051 658 1077 non
675 1037 814 1078 fitado-
861 1035 914 1076 D.

159 1092 317 1135 lescens.
369 1098 419 1135 D.

222 1163 275 1203 24
300 1151 351 1191 Tu
369 1163 512 1204 quoque
526 1149 718 1204 perparce]
749 1153 818 1190 Be-

163 1220 217 1246 ne
233 1219 388 1259 quoque,
411 1205 515 1258 quafi
536 1205 649 1255 dicat,
670 1219 757 1245 cum
778 1206 817 1244 il-

165 1264 204 1302 le
223 1273 366 1314 peccet,
401 1262 507 1314 quod
527 1263 726 1314 pueriliter
744 1259 819 1301 suc·

166 1316 348 1357 censeat:
404 1328 445 1356 tu
481 1331 638 1369 quoque
670 1331 819 1370 peccas,

166 1386 353 1426 perparce
365 1373 526 1412 nimium
539 1372 716 1413 faciendo
728 1371 825 1412 sum-

168 1439 259 1469 tum.
316 1429 372 1468 Tu
402 1441 541 1482 quoque
570 1440 743 1482 perparce
769 1431 824 1468 ni·

168 1485 305 1580 mium}
329 1487 378 1525 Et
402 1496 588 1538 perparce,
610 1496 649 1525 et
660 1488 822 1533 nimium,

170 1554 258 1581 cum
300 1540 474 1580 ufficeret
499 1553 631 1580 vnum.
691 1544 740 1582 Et
769 1543 826 1580 ni-

168 1601 294 1646 mium,
326 1597 550 1647 vituperatio
573 1596 648 1636 est:
677 1608 736 1646 vt,
763 1598 826 1638 Ne

175 1652 269 1706 quid
294 1654 416 1692 nimis.
470 1653 565 1692 Non
594 1653 732 1707 laudo]
778 1657 827 1694 Et

171 1710 262 1761 quia
275 1719 462 1762 perparce,
483 1719 523 1747 et
543 1709 634 1759 quia
660 1711 825 1748 nimium.

171 1768 270 1805 Nam
297 1776 411 1816 parce
433 1776 570 1817 agere,
597 1764 738 1803 laudis:
771 1766 827 1803 ni—

171 1821 302 1868 mium,
319 1821 478 1872 peccati.
518 1823 568 1860 Et
585 1834 726 1873 magna
746 1834 827 1860 mo·

173 1875 382 1922 deratione,
406 1889 480 1915 non
497 1875 623 1924 laudo,
648 1876 745 1915 dixit
761 1891 828 1929 po-

172 1933 254 1980 tius,
278 1945 392 1983 quam
411 1934 588 1984 vitupero,
644 1935 695 1972 D.

232 1988 288 2027 Tu
318 2000 459 2041 quoque
484 1990 680 2044 perparce]
717 1986 828 2031 Prisc.

172 2043 237 2085 lib.
260 2056 321 2097 ις.
375 2046 394 2085 Ι

229 2103 334 2152 Lege
345 2111 416 2152 per
428 2112 537 2153 parce
555 2102 716 2151 nimium,
734 2100 770 2141 h.
791 2114 827 2141 e.

173 2157 411 2209 pernimium
428 2170 553 2209 parce.
608 2161 707 2199 Nam
725 2157 830 2208 quod

179 2209 289 2263 supra
320 2223 382 2263 19.
412 2215 564 2253 nimium
584 2226 695 2267 parce
725 2211 832 2253 dixe-

180 2278 247 2316 rat,
274 2267 313 2306 id
335 2281 439 2308 nunc
459 2269 678 2322 amplificat.
737 2273 778 2312 Β.

234 2335 286 2376 25
319 2324 524 2380 Commoui]
554 2325 648 2366 Ideo
677 2339 831 2366 commo*-

181 2381 238 2427 ui,
269 2380 359 2431 quia
377 2393 603 2434 argumenta
622 2382 716 2422 dixit
734 2382 828 2433 seni,

181 2434 320 2486 quibus
336 2438 509 2487 proditur
529 2451 613 2477 non
631 2436 709 2479 effe
727 2453 832 2479 veras

182 2492 348 2542 nuptias,
403 2495 606 2549 Commoui]
637 2498 755 2546 Supra
753 2496 834 2546 sol-

181 2546 328 2587 licitaui
353 2548 469 2595 dixit,
507 2550 625 2589 modo
645 2555 832 2592 commoni.

183 2603 230 2642 Et
256 2607 431 2645 commoni
451 2605 541 2646 dicit
565 2606 666 2660 apud
695 2605 754 2659 se,
797 2619 835 2649 vt

918 1093 973 1134 26
1001 1088 1189 1143 Qidnam
1229 1085 1299 1126 hoc
1335 1085 1382 1139 est
1406 1085 1523 1142 rei‘3]

868 1146 1002 1190 Verba
1037 1143 1125 1185 sunt
1159 1142 1287 1183 secum
1319 1145 1524 1197 cogitantis

868 1203 984 1250 senis,
1005 1212 1070 1242 aut
1091 1201 1140 1241 de
1155 1199 1212 1240 his
1231 1213 1332 1252 quae
1349 1213 1454 1239 nunc
1471 1201 1528 1239 lo·

869 1272 978 1301 cutus
997 1258 1051 1299 est
1068 1259 1210 1306 Dauus,
1232 1268 1296 1295 aut
1311 1255 1362 1295 de
1381 1255 1529 1296 aduen-

870 1330 910 1357 tu
930 1315 1154 1361 mulierum,
1181 1326 1280 1364 quae
1298 1313 1341 1352 iu
1359 1313 1528 1352 Scenam

872 1373 1042 1412 veniant.
1094 1366 1284 1422 Qidnam
1303 1368 1369 1407 hoc
1387 1368 1434 1420 est
1453 1367 1527 1422 rei]

871 1425 1040 1469 Pulsatus
1065 1425 1120 1465 est
1146 1422 1265 1464 senex
1293 1435 1528 1479 argumento

872 1481 1049 1524 falsarum
1087 1480 1317 1533 nuptiarum,
1338 1479 1530 1533 paululum

875 1539 1019 1591 obsonii
1029 1554 1045 1576 .·
1070 1547 1253 1588 tanquam
1278 1533 1318 1575 se
1345 1535 1531 1576 illuderet

875 1599 1022 1637 Dauus.
1074 1592 1265 1646 Quidnam
1288 1591 1349 1631 hic
1375 1592 1457 1631 volt
1473 1605 1531 1630 ve·

875 1665 1022 1692 terator
1031 1648 1161 1702 fibi?]
1194 1648 1393 1688 Veterator
1403 1647 1456 1688 est
1468 1660 1532 1687 ve-

876 1720 934 1748 tus
968 1709 1011 1746 in
1037 1703 1186 1753 astutia,
1214 1715 1253 1742 et
1274 1704 1400 1755 quiin
1422 1702 1532 1744 omni

875 1777 918 1804 re
939 1761 1095 1802 callidus
1113 1758 1177 1798 est.
1230 1762 1277 1799 Et
1294 1757 1335 1798 hi
1351 1759 1430 1799 duo
1449 1773 1535 1800 ver-

874 1817 935 1860 sus
954 1815 1171 1864 ostendunt,
1191 1812 1379 1867 pulsatum
1390 1813 1468 1855 effe
1478 1811 1535 1854 se·

876 1889 968 1917 nem
995 1884 1224 1927 argumento
1252 1869 1430 1912 i‘alsarum
1464 1885 1534 1910 nu·

875 1933 1066 1986 ptiar-um:
1088 1929 1153 1966 illo
1165 1938 1405 1981 argumento,
1428 1927 1533 1979 quod

877 1990 940 2039 ait,
959 1985 1146 2040 paululum
1166 1983 1330 2034 obsonii:
1350 1994 1535 2035 tanquam

878 2043 916 2085 se
951 2042 1135 2083 illuderet
1160 2043 1301 2080 Dauus.
1358 2042 1458 2081 Sunt
1475 2053 1534 2078 er-

879 2115 931 2155 go
958 2098 1093 2145 verba,
1126 2107 1163 2135 vt
1187 2095 1375 2142 diximus,
1407 2093 1535 2136 fiecum

880 2155 1083 2211 cogitantis
1102 2150 1212 2199 senis,
1232 2163 1295 2192 aut
1304 2153 1355 2191 de
1367 2152 1537 2203 hisquae

879 2226 985 2255 nunc
1001 2213 1134 2252 Dauus
1153 2208 1299 2248 locutus
1316 2208 1382 2257 est,
1401 2218 1467 2248 aut
1486 2208 1538 2248 de

879 2270 1054 2311 aduentu
1072 2265 1290 2314 mulierum,
1301 2277 1402 2317 quae
1410 2267 1453 2304 in
1464 2262 1539 2303 sce·

881 2340 971 2368 nam
993 2322 1157 2363 veniunt
1175 2319 1307 2360 modo,
1362 2320 1416 2360 D.

936 2376 1129 2440 Qidnam
1155 2376 1224 2416 hoc
1255 2375 1303 2427 est
1330 2377 1435 2430 reie]
1474 2377 1541 2417 Se-

882 2452 970 2478 cum
1003 2435 1146 2488 cogitat
1180 2430 1300 2472 senex
1325 2433 1541 2472 orationem

883 2495 1007 2542 Daui,
1060 2502 1099 2529 et
1136 2488 1425 2540 promiffionem
1460 2487 1540 2527 filii.

882 2554 972 2592 Non
1001 2562 1092 2589 vera
1111 2545 1244 2584 omnia
1266 2542 1473 2597 suspicatur
1493 2557 1541 2583 ex

883 2605 1054 2648 moribus
1073 2600 1185 2649 serui,
1219 2613 1338 2652 quem
1356 2613 1542 2641 veterato-

1464 2670 1542 2697 rem
