1815 3168
290 167 352 225 38

714 164 869 210 ACT.
901 164 934 210 1.
978 165 1173 211 SCEN.
1206 165 1239 211 1.

425 287 510 337 So.
549 289 670 344 Quid
691 289 842 337 obstat,
865 307 944 336 cur
964 308 1055 338 non
1081 308 1207 338 verae
1229 288 1369 337 fiant?
1405 286 1480 338 SI.
1505 289 1667 340 audies.

426 368 541 411 Fere
566 367 611 411 in
631 364 784 412 diebus
806 368 969 429 paucis,
994 366 1154 429 quibus
1181 366 1286 412 haec
1307 364 1400 413 aCta
1423 366 1532 420 sunt,

371 473 380 482 ,
431 439 608 502 Chrysis
634 442 774 486 vicina
793 440 898 486 haec
921 444 1127 487 moritur.
1172 445 1198 488 S
1216 458 1260 489 ο.
1298 459 1325 487 o
1345 439 1510 488 faHum
1534 428 1668 491 bene]

430 513 591 569 Beasti3
629 518 767 562 metui
790 532 814 560 a
840 513 1067 577 Chryside.
1112 520 1139 563 S
1156 534 1192 561 1.
1231 515 1292 563 ibi
1317 526 1413 563 tum
1432 515 1546 564 filius

339 599 404 648 80
440 594 554 637 Cum
589 590 696 641 inis,
742 591 818 653 qui
850 590 1054 638 amabant
1088 589 1369 654 Chrysidem,
1409 609 1495 640 vna
1515 592 1674 641 ‘aderat

675 664 882 727 frequens
895 684 908 721 ·,

440 739 632 789 Curabat
651 757 736 787 vna
757 740 918 795 funus,
950 740 1078 790 tristis
1101 742 1292 794 interim,

359 970 417 1020 76
454 970 605 1010 Omnes
624 971 735 1012 codd.
765 972 882 1013 nostri
906 971 972 1013 ha-

305 1022 424 1072 bent,
459 1028 569 1082 Qud
589 1031 711 1083 rgitur
729 1027 856 1080 obstat.
902 1033 973 1070 Re-

308 1081 380 1130 &e‚
414 1080 464 1120 ob
482 1095 661 1123 metium.
706 1085 866 1125 Deinde
888 1099 971 1125 ver·

307 1135 403 1177 bum
431 1152 549 1189 verae,
577 1152 615 1179 vt
633 1141 751 1193 plane
777 1142 970 1194 ineptum,

307 1193 409 1233 dele.
466 1198 508 1234 B.

361 1262 419 1302 77
456 1250 547 1307 Fere
586 1253 627 1291 in
665 1252 791 1292 diebus
820 1254 970 1308 paucis]

305 1307 365 1345 Ita
396 1319 535 1346 omnes
566 1307 659 1347 libb.
689 1320 819 1349 tamen
839 1309 970 1350 Chari-

305 1359 379 1400 fius
401 1361 589 1403 diuersam
610 1365 822 1406 lessionem
845 1364 969 1415 affert,

305 1415 438 1456 libyn.
456 1419 496 1457 in
519 1433 616 1459 voce
635 1420 775 1460 Ferme.
834 1424 875 1461 L.

358 1481 412 1526 78
454 1473 628 1529 Chrysis]
680 1472 974 1528 Commemorat

305 1542 414 1568 nunc
446 1544 546 1581 quae
565 1529 660 1571 effet
680 1532 849 1586 Chrysis.
910 1533 973 1571 Vi·

306 1588 388 1640 cina
407 1587 512 1642 baec]
552 1590 675 1641 Supra
695 1590 802 1628 enim
823 1590 885 1638 ait,
908 1590 972 1629 Ex

302 1642 438 1680 Andro
451 1647 714 1699 commigrauit
723 1645 792 1683 huc
802 1648 971 1687 mciniae.

304 1697 439 1749 {licina
457 1698 564 1755 haec]
603 1705 788 1746 ἀνάμνησις.
846 1702 880 1740 Ο
900 1701 970 1754 fh·

303 1754 405 1811 {lum
423 1753 530 1809 bene]
571 1757 869 1805 Animaduerte,
891 1757 972 1796 vbi-

304 1811 386 1860 'que
406 1824 429 1849 a
445 1815 563 1851 Poeta
582 1811 629 1852 fic
647 1810 782 1852 induci
803 1814 970 1853 comicas

301 1877 464 1915 mortes,
484 1878 524 1906 vt
542 1881 628 1908 cum
643 1869 690 1908 ad
703 1869 969 1909 necessitatem

303 1924 532 1974 argumenti
554 1923 785 1971 referantur,
803 1939 886 1964 non
898 1921 971 1964 {int

303 1986 436 2017 tamen
462 1981 640 2033 tragicae.
681 1979 782 2022 Na‘m
803 1993 869 2021 aut
890 1993 969 2020 me-

298 2035 418 2073 retrix
437 2032 620 2084 sumitur,
646 2047 712 2075 aut
729 2034 871 2086 senex,
903 2047 970 2077 aut

299 2089 354 2129 dc
374 2090 524 2130 duabus
548 2091 657 2132 fimul
681 2093 866 2132 vxoribus
894 2107 969 2132 vna

299 2159 411 2189 vxor.
467 2150 605 2199 ltaque
637 2147 855 2188 huiusmodi
887 2148 967 2188 obi-

298 2211 371 2251 tus,
400 2211 467 2242 aut
487 2204 680 2245 mediocri
700 2205 849 2245 tristitia
868 2206 967 2246 exci-

296 2258 421 2310 pitur,
465 2270 532 2299 aut
564 2261 681 2301 etiam
713 2262 870 2315 gaudio.
933 2263 968 2301 0

281 2314 434 2366 fhcslum
455 2313 559 2370 bene]
591 2316 692 2368 quasi
714 2319 782 2369 qui
812 2318 964 2367 dixerit,

294 2369 439 2408 Vereor
471 2386 515 2410 ne
545 2373 638 2425 quid
654 2375 803 2412 Andria
836 2387 966 2426 appor-

290 2437 346 2464 tet
387 2427 485 2466 malt'.
562 2428 699 2479 Beasti]
751 2428 966 2481 Artificiose

289 2481 454 2533 quidem
482 2485 658 2537 gaudium
689 2483 868 2533 subiecit,
911 2500 964 2526 ne

285 2550 392 2593 mors
429 2539 470 2576 in
499 2541 723 2590 comoedia,
769 2542 892 2582 lukius
920 2544 963 2582 in

290 2594 494 2647 tragoedia
518 2594 752 2647 personaret.
810 2601 861 2639 D.

347 2662 403 2705 79
438 2651 567 2701 Metui
591 2667 617 2692 a
640 2651 834 2706 Chryfide]
878 2655 963 2695 Me-

1547 824 1676 868 Non·

1019 987 1084 1014 tuo
1113 974 1213 1014 illum
1239 974 1350 1025 dico,
1380 976 1448 1028 qui
1471 974 1569 1015 mihi
1594 972 1678 1028 ipse

1020 1031 1166 1083 aliquid
1185 1029 1349 1071 sasturus
1368 1031 1434 1072 est.
1489 1033 1610 1072 Timeo
1629 1031 1676 1071 ab

1019 1086 1095 1135 illo,
1116 1089 1218 1126 caius
1237 1086 1345 1127 causa
1363 1086 1510 1140 poffum
1531 1086 1678 1140 aliquid

1019 1143 1113 1183 mali
1132 1144 1221 1195 pati,
1247 1145 1361 1183 etiam
1381 1144 1406 1182 fi
1426 1143 1507 1196 ipse
1525 1144 1677 1184 nihilin

1019 1213 1086 1240 me
1125 1200 1218 1238 mali
1264 1198 1443 1239 consulat.
1501 1202 1630 1240 luctui
1656 1203 1679 1249 [a

1021 1256 1210 1309 ChUfide]
1240 1256 1441 1304 ἀςχαϊσμδς.
1498 1259 1545 1296 D.

1074 1312 1212 1362 Beastt]
1251 1315 1411 1353 Beatum
1429 1311 1560 1352 fecisti.
1591 1316 1635 1352 E.

1073 1369 1175 1407 Tres
1226 1368 1339 1407 codd.
1376 1367 1494 1406 nostri
1522 1365 1680 1416 habent.

1020 1421 1142 1474 Beaftz·
1159 1437 1173 1464 ‚·
1217 1426 1252 1476 qi
1285 1427 1398 1463 metui
1434 1438 1457 1463 a
1495 1421 1680 1476 Chr->fida

1021 1482 1137 1520 Hanc
1187 1476 1400 1520 leetionem
1450 1479 1684 1533 *comprobat

1020 1535 1165 1577 Donati
1185 1536 1296 1585 liber,
1314 1535 1513 1576 auetoritas
1534 1533 1684 1574 Priscia-

1022 1593 1078 1641 ni,
1109 1603 1150 1632 et
1169 1588 1296 1631 sensus
1317 1593 1526 1645 elegantia.
1582 1596 1624 1632 B.

1081 1654 1133 1695 80
1146 1648 1164 1695 J
1181 1649 1265 1687 Vna
1317 1649 1446 1687 aderat
1480 1647 1680 1702 frequens]

1021 1705 1075 1745 Vt
1094 1701 1216 1756 supra,
1240 1705 1329 1743 Cum
1349 1702 1479 1756 quibus
1499 1718 1578 1744 erat
1590 1717 1682 1742 cum-

1020 1773 1086 1813 que
1103 1774 1189 1808 vna,
1219 1759 1275 1798 his
1295 1759 1375 1810 fifi‘
1395 1759 1534 1798 dedere.
1589 1760 1683 1799 Ade-

1020 1829 1082 1854 rat
1097 1815 1299 1868 frequens]
1343 1813 1540 1855 Pofl'umus
1572 1816 1681 1856 enim

1020 1869 1176 1921 adeffe,
1235 1881 1276 1910 et
1322 1869 1553 1922 frequentes
1599 1885 1682 1911 non

1019 1925 1130 1976 effe,
1178 1925 1204 1966 fi
1249 1925 1466 1979 praesentes
1503 1942 1585 1967 non
1621 1927 1682 1966 ad·

1019 1982 1222 2023 haeremus
1241 1983 1314 2033 his,
1333 1983 1470 2036 quibus
1483 1981 1659 2023 adsumus
1670 1996 1682 2031 ;

1019 2049 1060 2078 et
1074 2040 1281 2092 frequens,
1310 2051 1352 2089 vt
1376 2040 1489 2080 miles
1516 2040 1619 2093 apud
1640 2039 1682 2080 fi·

1018 2109 1108 2149 gna.
1161 2098 1211 2135 D.

1076 2157 1123 2199 81
1161 2150 1326 2192 Curabat
1346 2165 1418 2191 vna
1425 2150 1568 2205 fumes]
1608 2151 1682 2193 Fu.-

1016 2220 1085 2246 nus
1134 2207 1188 2247 est
1225 2222 1369 2260 pompa
1405 2209 1678 2259 exequiarum,

1016 2264 1161 2303 dietum
1172 2278 1194 2304 a
1204 2263 1411 2304 funalibus.
1442 2264 1598 2305 Etenim
1611 2278 1681 2304 no-

1016 2320 1077 2358 &u
1089 2318 1366 2368 efferebantur,
1393 2332 1549 2372 propter
1563 2317 1679 2359 sacro-

1015 2389 1099 2416 rum
1143 2377 1446 2419 celebrationem
1488 2376 1678 2416 diurnam.

1016 2431 1187 2471 Curabat
1214 2446 1288 2471 vna
1309 2432 1456 2483 fimus]
1512 2436 1563 2471 Vt
1595 2446 1678 2471 non

1015 2489 1184 2539 potuerit
1201 2490 1241 2527 in
1267 2489 1443 2540 exequiis
1461 2489 1597 2527 videre
1612 2502 1679 2540 pa-

1013 2555 1123 2583 trem.
1180 2544 1354 2591 Interim]
1385 2541 1603 2596 Descriptio
1623 2543 1677 2595 est

1014 2599 1126 2638 huius
1147 2601 1216 2649 rei,
1237 2613 1338 2651 quae
1357 2599 1404 2639 ad
1416 2602 1676 2640 narrationem

1015 2655 1190 2708 pertinet
1215 2653 1464 2708 superiorem.
1520 2659 1570 2699 D.
