1815 3168
534 114 1070 180 HEAvToNTiM.

1384 139 1480 198 637

141 268 146 299 ζ
183 269 210 316 5
254 252 347 301 So.
389 253 476 302 Abi
506 256 592 302 iam
620 273 738 302 nunc
766 258 922 304 intr0:'
948 268 1075 322 atque
1097 259 1168 306 illa
1199 259 1228 307 fi
1259 264 1344 309 iam
1365 262 1480 310 laue-

343 331 412 382 rit,
436 330 546 376 mihi
569 334 742 378 nuncia.

246 407 336 452 Hic
368 421 451 465 ego
486 407 631 452 virum
666 410 830 454 interea
866 408 1119 474 opperibor.
1160 406 1248 457 Sv.
1286 422 1328 458 te
1361 413 1478 461 volt:

343 480 486 532 videas
517 481 622 544 quid
642 483 744 529 velit
759 503 767 529 ι

242 554 403 603 Nescio
428 556 533 618 quid
557 555 683 603 tristis
708 556 788 603 est:

828 576 919 606 non
940 557 1175 606 temere'st:
1205 570 1355 607 metuo
1369 561 1476 624 quid

342 628 432 676 siet.
471 627 574 677 CH.
612 633 716 695 quid
746 632 842 682 fiet!

245 709 345 751 Nae
373 704 448 751 ista
477 706 622 754 hercle
653 724 815 769 magno
850 709 936 753 iam
957 719 1115 755 conatu
1138 727 1315 771 magnas
1335 727 1474 772 nugas

343 781 508 827 dixerit.

245 852 336 902 So.
373 856 514 901 Ehem
535 859 595 901 mi
618 859 697 904 vir.
739 854 847 907 CH.
886 858 1013 904 ehem
1037 876 1129 904 mea
1154 877 1275 907 vxor.
1311 856 1400 910 SO.
1429 871 1474 908 te

339 929 479 994 ipsum
502 948 676 994 quaero.
715 929 810 982 CH.
849 933 1031 996 loquere
1054 935 1159 997 quid
1178 936 1296 982 velis.

142 1019 203 1053 10
242 1001 332 1054 So,
368 1007 563 1052 Primum
597 1007 680 1054 hoc
713 1016 756 1052 te
791 1025 894 1060 oro,
929 1026 986 1056 ne
1009 1010 1113 1072 quid
1140 1011 1285 1057 credas
1307 1028 1377 1058 me
1399 1011 1472 1058 ad-

339 1081 511 1127 uersum
532 1080 724 1129 edistum
745 1095 871 1130 tuum

162 1291 186 1332 ς
227 1280 376 1320 Omnes
406 1278 524 1319 nostri
556 1292 595 1321 et
626 1282 760 1322 Faerni

104 1333 214 1383 libri,
244 1335 319 1375 Abi
341 1350 435 1375 nunc
459 1344 545 1375 iam.
591 1338 682 1377 „Sed
709 1352 762 1377 ne

103 1390 178 1430 Aln·
198 1392 238 1430 sit
257 1392 479 1445 Pyrrichius‚
511 1393 589 1432 Iam
610 1391 762 1434 resolue

105 1447 147 1486 in
172 1445 397 1499 disyllabon.
454 1452 495 1488 B.

157 1506 183 1543 6
223 1505 272 1542 Te
308 1505 404 1548 volt]
449 1505 678 1557 Signantius
710 1505 764 1544 di-

101 1558 223 1608 aum,
253 1573 365 1609 quam
385 1564 529 1614 quaerit
546 1572 612 1599 aut
631 1561 760 1615 exspe-

99 1616 186 1654 aaz.
244 1615 288 1655 C.

155 1681 183 1721 7
212 1670 366 1724 Nescio,
405 1672 517 1726 quid]
549 1672 666 1713 Deest
696 1671 756 1722 ob,

101 1727 166 1778 yel
208 1737 378 1780 propter.
454 1729 549 1768 Non
596 1730 753 1784 temere]

99 1786 192 1823 Non
227 1782 307 1821 fine
335 1780 452 1824 causa.
523 1786 634 1839 Qid
649 1785 754 1840 stul]

101 1840 202 1880 Cum
251 1838 446 1879 stomacho
493 1843 754 1892 pronuncian-

99 1894 203 1933 dum.
261 1895 306 1934 C.

1307 1164 1469 1209 Facere

812 1282 917 1331 (vn,
935 1284 992 1335 7.)
1022 1283 1196 1324 ostendit.
1261 1286 1468 1341 Vir-gregis

811 1339 884 1390 ipsi»
913 1351 1028 1390 caper.
1063 1370 1073 1374 .,
1091 1340 1223 1382 Ehem!
1252 1355 1329 1380 mea
1347 1342 1466 1396 vxor]

810 1396 918 1434 Haec
944 1398 1123 1447 repetitio
1155 1412 1176 1436 a
1207 1396 1336 1447 fimili,
1367 1399 1468 1438 indi-

810 1452 966 1504 gnantis
988 1452 1052 1491 est.
1111 1455 1159 1494 C.

865 1505 1001 1547 Ehem!
1038 1522 1086 1546 πυ
1113 1509 1193 1562 vir]
1224 1510 1329 1547 Hinc
1357 1522 1467 1549 exor-

810 1561 918 1601 dium
947 1561 1130 1610 sumtum,
1171 1565 1272 1616 quod
1293 1565 1340 1603 ab
1362 1565 1472 1606 obse}

810 1619 903 1669 quio
924 1620 1046 1670 cepit,
1075 1631 1112 1658 vt
1141 1619 1465 1661 beneuolentiam

808 1686 1032 1726 comparare
1044 1673 1175 1727 poffet.
1232 1677 1391 1717 Deinde
1402 1679 1467 1717 ad·

806 1730 965 1777 iefifflm,
994 1732 1095 1783 quod
1117 1734 1361 1786 purgationis
1377 1734 1464 1773 loco

803 1787 984 1837 ponitur,
1028 1801 1128 1839 qnae
1156 1801 1216 1826 res
1237 1788 1284 1827 ad
1308 1791 1462 1829 veniam

803 1843 989 1892 pertinet,
1035 1843 1136 1894 quod
1174 1854 1304 1883 tamen
1338 1845 1465 1884 adhue

803 1899 1042 1949 principium
1065 1899 1128 1940 fit:
1158 1900 1325 1940 Primum
1337 1901 1404 1941 hoc
1427 1916 1463 1942 te
1512 1934 1513 1941 ,

152 1950 290 1990 Metuo
319 1950 412 2005 quid
423 1950 514 2006 stet]
554 1953 601 1991 V.
630 1951 675 1992 C.
706 1955 755 1992 ti·
805 1967 891 2001 oro,
920 1967 964 1992 ne
982 1955 1076 2007 quid
1092 1957 1233 2002 credas,
1261 1971 1316 1995 me
1334 1958 1463 1996 ‹iduer‘

96 2020 187 2046 meo.
242 2011 282 2047 L.

149 2066 258 2116 Lege
269 2076 387 2102 metuo
398 2063 491 2117 quid
495 2062 560 2115 stt,
577 2063 625 2103 ob
636 2064 748 2104 codd.

97 2129 137 2158 et
158 2117 315 2158 versum.
371 2122 413 2159 B.

155 2182 177 2223 8
210 2175 356 2229 [Magno
385 2189 462 2214 cum
482 2177 640 2230 conatu]
670 2181 753 2220 Ma·

96 2237 178 2283 gno
208 2244 293 2270 curn
322 2232 470 2284 impetu
499 2247 754 2285 vnaquaeque

96 2289 336 2339 pronunciat.
391 2291 433 2328 E.

153 2356 179 2395 9
208 2342 339 2396 Ehem!
370 2346 422 2387 mi
440 2344 519 2400 vir]
551 2350 585 2386 A
604 2344 753 2385 blandi-

93 2409 229 2438 mento
276 2400 424 2451 incipit.

94 2455 303 2506 plurimum
316 2453 571 2501 blandimenti
588 2456 744 2498 habent.

94 2513 145 2551 Et
166 2514 225 2548 vir
242 2513 417 2551 maritum
436 2511 632 2565 fignificat.
683 2516 747 2554 Vi-

93 2580 174 2605 rum
225 2580 380 2618 quoque
430 2568 480 2607 de
518 2570 747 2610 animalibfis

792 2008 863 2060 sus
900 2010 1058 2050 edic'tum
1093 2025 1206 2052 tuum.

1270 2015 1462 2065 Denique

803 2065 851 2106 sic
877 2065 1099 2105 adiuuem
1129 2082 1176 2108 ex
1196 2066 1359 2120 persona
1384 2069 1462 2109 ser-

803 2124 865 2160 ui:
896 2116 1028 2172 Nefiio
1058 2125 1150 2175 quid
1170 2127 1312 2176 peccati
1330 2136 1460 2177 portet

804 2178 891 2216 haec
908 2174 1101 2233 purgatio.
1155 2181 1259 2221 Finit
1279 2182 1461 2232 principi-

803 2248 889 2272 um:
920 2235 1087 2273 narratio
1101 2232 1354 2288 supponitur:
1379 2240 1458 2277 Me·
1494 2235 1495 2238 ¹

803 2288 965 2339 mimstin
992 2305 1045 2330 me
1076 2291 1138 2343 cyse
1161 2293 1380 2346 grauidam,
1423 2308 1458 2334 et

801 2346 894 2385 mihi
913 2358 948 2385 te
965 2360 1225 2400 maxumopere
1250 2349 1385 2398 dicere,
1415 2351 1458 2390 Si

488 2404 550 2440 Mi
589 2412 628 2439 et
668 2402 750 2450 Vir,
794 2401 952 2455 puelliim
982 2416 1175 2456 parerem,
1214 2404 1307 2445 nolle
1343 2404 1457 2453 tolli?

800 2471 870 2499 etc.
928 2463 972 2501 E.

857 2585 906 2614 10
943 2574 1109 2612 Primum
1140 2573 1206 2613 hoc
1234 2587 1269 2614 te
1298 2575 1386 2629 oro]
1418 2576 1454 2616 Α

93 2619 200 2675 posse
229 2623 322 2672 diei,
351 2625 461 2678 Virg.
489 2625 529 2666 in
559 2629 747 2668 Bucolicis
795 2631 1029 2684 purgatione
1050 2631 1208 2682 incipit⁷
1241 2645 1294 2671 ne
1314 2632 1454 2671 mulier

1364 2701 1450 2726 CUI]-
