1815 3168
293 128 363 186 96
691 121 846 168 ACT.
878 120 929 165 11.
977 118 1172 169 SCEN.
1204 121 1236 166 1.

335 268 398 315 3ο
437 254 548 312 Ego,
590 249 791 302 Charine,
827 248 1083 310 neutiquam
1109 242 1303 294 officium
1322 246 1460 294 liberi-
1475 243 1557 294 effe
1576 247 1655 295 ho-

528 327 658 372 minis
689 338 813 388 puto,

323 423 325 425 ·
367 435 369 437 >
434 406 548 449 Cum
577 403 612 447 is
643 400 752 446 nihil
777 407 1051 463 promereat,
1092 395 1311 463 postulare
1331 398 1378 446 id
1399 400 1570 460 gratiae
1581 414 1659 465 ap-

529 478 640 542 poni
672 473 764 522 fibi.

307 739 314 747 ·
354 727 409 767 30
420 712 512 766 Ego,
524 711 701 766 Chai-ine]
713 710 952 759 Sententiae,

300 782 402 821 quae
433 783 479 808 ex
498 767 793 819 pronominibus
821 767 956 818 incipi-

302 838 380 873 unt,
402 823 478 865 sera
496 822 653 876 semper,
676 821 740 862 sed
759 836 847 862 vera
869 837 956 875 pro-

298 882 468 921 mittunt.
498 881 701 934 Virgilius,
733 881 852 929 (Aen.
880 892 954 927 ΧΠ,

299 939 388 990 27).
429 937 498 976 Me
526 949 652 977 natam
682 937 769 974 nulli
795 946 956 974 veterum

289 993 516 1045 fhciarepro
523 1005 641 1031 corum
651 991 722 1031 Fas
734 1003 825 1034 erat,
846 1014 859 1020 ·
871 990 955 1045 Ego

299 1049 463 1090 Charine
482 1079 492 1095 ,
533 1050 744 1100 neutiquam
782 1046 956 1100 offi‘cium]

299 1102 440 1148 Sensus
468 1104 532 1144 hic
559 1103 633 1145 est:
662 1105 756 1144 Non
774 1114 881 1154 puto,
901 1102 959 1140 in-

299 1162 409 1214 quit,
449 1159 648 1200 hominem
675 1158 860 1207 liberum,
892 1158 958 1209 qui

299 1226 392 1256 cum
412 1217 508 1257 nihil
528 1215 703 1269 praestet,
725 1213 859 1254 haberi
877 1227 961 1267 gra·

300 1274 395 1312 tiam
412 1272 478 1326 sibi
496 1270 634 1324 poscat.
666 1282 766 1323 ergo
780 1283 867 1308 cum
890 1268 959 1307 tibi

300 1328 401 1369 nihil
418 1328 619 1380 praestem,
650 1328 744 1365 nolo
762 1324 858 1378 mihi
879 1337 960 1376 gra-

301 1386 372 1424 tias
392 1397 493 1436 agas.
521 1386 611 1422 Non
639 1381 744 1420 enim
769 1380 825 1420 tui
853 1376 961 1418 causa

300 1439 422 1493 fugio,
443 1438 560 1490 quod,
580 1438 684 1489 prius
695 1449 809 1487 quam
819 1447 884 1475 me
894 1446 963 1485 pe·

301 1507 425 1545 teres,
451 1495 574 1547 magis
601 1491 786 1532 nolebam
804 1490 958 1536 ducere,

303 1565 420 1603 quam
453 1562 494 1590 ru
531 1550 649 1602 cupis.
707 1546 959 1600 Neutiquam]

302 1610 394 1650 Vna
412 1619 499 1659 pars
517 1606 572 1645 est
589 1604 783 1653 orationis,
804 1616 874 1656 pro
893 1615 962 1641 ne-

304 1676 509 1716 quaquam.
567 1665 644 1702 Aut
669 1661 747 1699 alio
768 1659 888 1699 modo
907 1658 963 1697 di-

304 1721 420 1766 citur,
453 1731 539 1757 cum
569 1718 599 1755 is
617 1715 716 1755 nihil
732 1724 961 1767 promereat,

303 1775 344 1814 id
375 1774 427 1816 est
445 1772 617 1826 praestet.
645 1782 684 1811 vt
704 1773 812 1825 Virg.
835 1773 960 1823 (Aen.

305 1845 363 1879 w,
387 1832 501 1882 664).
532 1830 685 1885 Qique
701 1828 769 1878 fiai
788 1837 962 1866 memores

303 1886 398 1927 alios
412 1889 538 1938 jecere
554 1884 732 1924 merendo.
763 1894 812 1932 et,
838 1884 962 1936 (Aen.

308 1957 366 1991 ιν,
386 1944 503 1996 334).
561 1965 618 1972 -—-
645 1953 845 1993 nunquam,
870 1938 966 1993 regi-

303 2013 364 2048 na,
384 1997 527 2054 negabo
549 1999 806 2038 Promeritam.
833 1998 963 2036 Econ-

306 2055 419 2096 erario
438 2053 590 2093 laedit:
621 2052 729 2106 Qid
754 2050 961 2098 commerui,

304 2123 372 2152 aut
379 2113 534 2162 peccaui,
552 2115 685 2162 pater?
740 2108 790 2148 D.

362 2166 455 2222 Ego,
475 2165 648 2214 Charine,
659 2166 871 2218 neutiquam
884 2162 961 2215 offi‘·

306 2225 399 2263 cium
439 2221 549 2261 liberi
577 2220 734 2260 hominis
769 2219 831 2273 effi·
858 2230 960 2272 puto,

307 2292 384 2318 cum
403 2280 434 2318 is
454 2277 550 2317 nihil
563 2289 746 2316 mereatur
759 2274 856 2331 iffa]
883 2275 962 2322 Hie

305 2332 432 2376 sensus
468 2334 674 2373 maximam
700 2333 964 2373 intentionem

305 2390 505 2431 desiderat.
565 2389 761 2429 Mereatur
792 2388 961 2441 primum

304 2447 373 2489 hic
402 2445 456 2485 est
475 2445 603 2485 instat:
634 2446 824 2484 merendo
853 2444 961 2483 enim

307 2501 528 2557 praestatur.
559 2501 663 2541 vnde
681 2501 817 2554 Virgil.
835 2502 958 2554 (Aen.

306 2573 366 2608 lv,
399 2561 508 2614 333).
564 2578 617 2590 ·-
665 2557 746 2614 Ego
772 2571 831 2606 te,
869 2568 961 2610 quae

1463 550 1658 614 Nuptias

999 709 1165 763 plurima
1184 708 1311 761 fhndo
1346 702 1572 748 Enumerare
1596 720 1662 745 va-

1003 768 1267 819 le52nunquam,
1276 767 1418 819 regina,
1429 763 1662 818 negaboPro-

1005 826 1169 862 meritam
1198 845 1252 852 —-
1288 823 1392 874 Ergo
1413 819 1475 859 hic
1492 821 1563 858 erit
1581 816 1663 857 sen-

1006 877 1087 918 sus:
1145 881 1242 930 Ego,
1263 876 1444 921 Charine,
1466 888 1548 915 non
1566 874 1663 914 arbi-

1005 933 1201 974 trorliberi
1212 932 1379 972 hominis
1392 932 1559 971 officium
1572 927 1662 978 effe,

1008 990 1113 1030 vnde
1134 988 1234 1027 nihil
1253 988 1432 1039 praestet,
1463 987 1530 1026 fibi
1549 986 1664 1024 huius

1008 1047 1127 1099 gratia
1144 1045 1340 1084 debeatur.
1375 1047 1479 1096 Ergo
1491 1056 1577 1082 cum
1589 1041 1666 1080 hoc

1007 1102 1078 1141 tibi
1097 1115 1177 1140 non
1200 1099 1406 1153 praestem,
1445 1099 1539 1139 nolo
1566 1096 1666 1137 mihi

1009 1157 1151 1198 debeas
1183 1157 1361 1210 gratiam:
1402 1156 1551 1207 quippe
1577 1166 1666 1193 cum

1009 1227 1085 1267 ego
1112 1212 1179 1252 has
1205 1212 1362 1263 nuptias
1388 1211 1505 1250 velim
1528 1208 1667 1262 fugere

1008 1269 1144 1322 magis,
1162 1279 1273 1318 quam
1295 1278 1335 1305 tu
1355 1263 1522 1317 adipisci.
1563 1267 1667 1315 Qua-

1011 1338 1054 1364 re
1073 1334 1111 1361 vt
1128 1333 1307 1373 coeperat
1318 1320 1505 1361 Charinus
1528 1321 1678 1374 gratias-

1012 1379 1103 1433 agit.
1162 1377 1239 1419 Sed
1278 1375 1501 1429 Pamphilus
1541 1375 1669 1414 horta-

1011 1446 1082 1482 tur,
1102 1444 1142 1473 vt
1159 1444 1198 1474 et
1215 1431 1296 1485 ipse
1314 1431 1511 1474 Charinus
1532 1442 1573 1470 et
1581 1433 1669 1484 Byr·

1011 1490 1094 1531 rhia
1122 1488 1284 1539 faciant,
1319 1487 1474 1542 fingant
1507 1487 1667 1539 aliquid,

1012 1547 1228 1593 inueniant,
1249 1545 1429 1593 efficiant,
1448 1554 1486 1582 vt
1495 1542 1669 1584 Charino

1011 1603 1142 1644 detur:
1169 1612 1209 1641 et
1228 1598 1309 1653 ipse
1326 1600 1514 1640 laborabit
1529 1609 1567 1638 vt
1585 1611 1669 1638 non

1011 1659 1136 1698 ducat.
1183 1660 1272 1697 Non
1295 1657 1403 1695 enim
1423 1654 1666 1707 sequebatur,

1011 1725 1061 1764 vt,
1082 1713 1108 1752 fi
1119 1712 1340 1764 Pamphilus
1360 1725 1446 1752 eam
1461 1725 1544 1751 non
1556 1710 1669 1751 duce-

1010 1782 1079 1819 ret,
1098 1768 1288 1810 Charinus
1307 1767 1476 1807 duceret.
1529 1770 1573 1808 E.

1066 1824 1195 1865 Liberi
1212 1823 1274 1876 ⁸ffi³
1293 1823 1469 1877 hominis]
1501 1825 1556 1863 Ita
1565 1825 1611 1864 V.
1621 1824 1667 1863 C.

1012 1881 1128 1923 aliia-3
1139 1882 1295 1921 hominis
1307 1893 1391 1919 non
1407 1879 1564 1918 habent.
1578 1877 1666 1917 Vid.

1013 1942 1121 1981 Seru.
1138 1936 1307 1978 Aeneid.
1329 1939 1366 1979 6,
1386 1932 1480 1975 vers.
1520 1934 1668 1990 Qique

1004 1996 1071 2048 fici
1090 2007 1277 2034 memores.
1335 1997 1376 2034 L.
1598 2027 1600 2029 ,

1068 2055 1199 2092 Homo
1225 2047 1324 2089 liber
1350 2061 1434 2087 non
1452 2044 1569 2086 modo
1595 2042 1669 2086 set-

1010 2121 1063 2147 uo
1083 2105 1301 2158 opponitur,
1321 2101 1385 2143 sed
1405 2100 1667 2156 fignificatet-

1011 2164 1089 2203 iam
1107 2175 1207 2208 eum,
1234 2162 1297 2212 qui
1318 2158 1523 2198 nobilitate
1539 2167 1580 2197 et
1599 2157 1667 2196 bo-

1011 2233 1063 2258 na
1082 2217 1364 2257 existimatione
1372 2216 1474 2254 inter
1482 2214 1585 2253 ciues
1605 2210 1668 2253 su-

1013 2288 1054 2315 os
1070 2271 1256 2313 censetur.
1286 2274 1453 2311 Faernus
1463 2267 1565 2321 apud
1593 2271 1636 2310 B.

1068 2342 1116 2382 31
1151 2330 1244 2370 Cum
1276 2331 1304 2367 is
1332 2326 1426 2366 nihil
1441 2325 1666 2380 promereat]

1009 2387 1172 2434 Mer-eri,
1209 2383 1263 2422 est
1298 2381 1446 2434 aliquid
1477 2381 1667 2421 mercedis

1009 2456 1078 2496 pro
1104 2441 1234 2481 labore
1259 2437 1416 2478 sumere.
1444 2439 1547 2478 Cum
1574 2437 1668 2476 dici·

1009 2511 1106 2546 mus,
1124 2496 1238 2537 Nihil
1253 2508 1423 2543 meretur,
1441 2493 1514 2532 hoc
1524 2494 1665 2533 intelli·

1010 2555 1133 2609 gitur‚
1176 2550 1278 2592 nihil
1302 2549 1492 2591 mercedis
1521 2550 1667 2645 dignug

1102 2630 1106 2632 .
1561 2631 1564 2634 ,
1611 2617 1636 2645 e
