<?xml version="1.0" encoding="UTF-8"?>
<!DOCTYPE html PUBLIC "-//W3C//DTD XHTML 1.0 Transitional//EN"
    "http://www.w3.org/TR/xhtml1/DTD/xhtml1-transitional.dtd">
<html xmlns="http://www.w3.org/1999/xhtml" xml:lang="en" lang="en">
 <head>
  <title>
</title>
<meta http-equiv="Content-Type" content="text/html;charset=utf-8" />
  <meta name='ocr-system' content='tesseract 3.04.00' />
  <meta name='ocr-capabilities' content='ocr_page ocr_carea ocr_par ocr_line ocrx_word'/>
</head>
<body>
  <div class='ocr_page' id='page_1' title='image "./comoediaesexexre01tereuoft_0330.png"; bbox 0 0 1815 3168; ppageno 0'>
   <div class='ocr_carea' id='block_1_1' title="bbox 315 168 414 218">
    <p class='ocr_par' dir='ltr' id='par_1_1' title="bbox 315 168 414 218">
     <span class='ocr_line' id='line_1_1' title="bbox 315 168 414 218; baseline -0.04 0"><span class='ocrx_word' id='word_1_1' title='bbox 315 168 414 218; x_wconf 77' lang='lat'>234</span> 
     </span>
    </p>
   </div>
   <div class='ocr_carea' id='block_1_2' title="bbox 692 151 1288 200">
    <p class='ocr_par' dir='ltr' id='par_1_2' title="bbox 692 151 1288 200">
     <span class='ocr_line' id='line_1_2' title="bbox 692 151 1288 200; baseline 0.002 -1"><span class='ocrx_word' id='word_1_2' title='bbox 692 152 850 199; x_wconf 83' lang='lat' dir='ltr'>ACT.</span> <span class='ocrx_word' id='word_1_3' title='bbox 885 153 940 199; x_wconf 87' lang='lat' dir='ltr'>V.</span> <span class='ocrx_word' id='word_1_4' title='bbox 977 151 1171 197; x_wconf 88' lang='lat' dir='ltr'>SCEN.</span> <span class='ocrx_word' id='word_1_5' title='bbox 1207 152 1288 200; x_wconf 83' lang='lat' dir='ltr'>IV.</span> 
     </span>
    </p>
   </div>
   <div class='ocr_carea' id='block_1_3' title="bbox 355 276 1676 568">
    <p class='ocr_par' dir='ltr' id='par_1_3' title="bbox 451 276 1674 407">
     <span class='ocr_line' id='line_1_3' title="bbox 451 276 1674 344; baseline -0.002 -17"><span class='ocrx_word' id='word_1_6' title='bbox 451 277 573 337; x_wconf 86' lang='lat' dir='ltr'>Quid</span> <span class='ocrx_word' id='word_1_7' title='bbox 595 279 670 326; x_wconf 87' lang='lat' dir='ltr'>illo</span> <span class='ocrx_word' id='word_1_8' title='bbox 690 277 738 326; x_wconf 85' lang='lat' dir='ltr'>fit</span> <span class='ocrx_word' id='word_1_9' title='bbox 757 277 933 328; x_wconf 55' lang='lat' dir='ltr'>failum.</span> <span class='ocrx_word' id='word_1_10' title='bbox 971 276 1006 325; x_wconf 92' lang='lat' dir='ltr'>P</span> <span class='ocrx_word' id='word_1_11' title='bbox 1019 291 1051 324; x_wconf 81' lang='lat' dir='ltr'>A</span> <span class='ocrx_word' id='word_1_12' title='bbox 1065 292 1121 325; x_wconf 87' lang='grc' dir='ltr'>Μ.</span> <span class='ocrx_word' id='word_1_13' title='bbox 1149 280 1219 326; x_wconf 87' lang='lat' dir='ltr'>vix</span> <span class='ocrx_word' id='word_1_14' title='bbox 1239 278 1331 325; x_wconf 88' lang='lat' dir='ltr'>sum</span> <span class='ocrx_word' id='word_1_15' title='bbox 1351 277 1469 344; x_wconf 85' lang='lat' dir='ltr'>apud</span> <span class='ocrx_word' id='word_1_16' title='bbox 1490 293 1584 331; x_wconf 87' lang='lat' dir='ltr'>me,</span> <span class='ocrx_word' id='word_1_17' title='bbox 1615 278 1674 325; x_wconf 82' lang='lat' dir='ltr'>ita</span> 
     </span>
     <span class='ocr_line' id='line_1_4' title="bbox 545 349 1162 407; baseline -0.003 -5"><span class='ocrx_word' id='word_1_18' title='bbox 545 358 712 402; x_wconf 82' lang='lat' dir='ltr'>animus</span> <span class='ocrx_word' id='word_1_19' title='bbox 736 349 1008 402; x_wconf 82' lang='lat' dir='ltr'>commotu&#39;st</span> <span class='ocrx_word' id='word_1_20' title='bbox 1028 365 1162 407; x_wconf 86' lang='lat' dir='ltr'>metu,</span> 
     </span>
    </p>

    <p class='ocr_par' dir='ltr' id='par_1_4' title="bbox 355 426 1676 498">
     <span class='ocr_line' id='line_1_5' title="bbox 355 426 1676 498; baseline -0.005 -18"><span class='ocrx_word' id='word_1_21' title='bbox 355 450 379 498; x_wconf 82' lang='lat'>3</span> <span class='ocrx_word' id='word_1_22' title='bbox 391 448 415 496; x_wconf 89' lang='lat'>5</span> <span class='ocrx_word' id='word_1_23' title='bbox 446 436 547 497; x_wconf 86' lang='lat' dir='ltr'>Spe,</span> <span class='ocrx_word' id='word_1_24' title='bbox 561 431 732 492; x_wconf 84' lang='lat' dir='ltr'>gaudio,</span> <span class='ocrx_word' id='word_1_25' title='bbox 745 430 943 476; x_wconf 86' lang='lat' dir='ltr'>mirando</span> <span class='ocrx_word' id='word_1_26' title='bbox 956 430 1039 476; x_wconf 89' lang='lat' dir='ltr'>hoc</span> <span class='ocrx_word' id='word_1_27' title='bbox 1051 441 1184 482; x_wconf 85' lang='lat' dir='ltr'>tanto,</span> <span class='ocrx_word' id='word_1_28' title='bbox 1199 439 1285 476; x_wconf 82' lang='lat' dir='ltr'>tam</span> <span class='ocrx_word' id='word_1_29' title='bbox 1297 430 1528 491; x_wconf 83' lang='lat' dir='ltr'>repentino</span> <span class='ocrx_word' id='word_1_30' title='bbox 1538 426 1676 474; x_wconf 86' lang='lat' dir='ltr'>bono.</span> 
     </span>
    </p>

    <p class='ocr_par' dir='ltr' id='par_1_5' title="bbox 448 502 1676 568">
     <span class='ocr_line' id='line_1_6' title="bbox 448 502 1676 568; baseline -0.006 -12"><span class='ocrx_word' id='word_1_31' title='bbox 448 505 523 556; x_wconf 81' lang='lat' dir='ltr'>Sl.</span> <span class='ocrx_word' id='word_1_32' title='bbox 566 512 663 554; x_wconf 82' lang='lat' dir='ltr'>Nae</span> <span class='ocrx_word' id='word_1_33' title='bbox 687 506 806 552; x_wconf 79' lang='lat' dir='ltr'>istam</span> <span class='ocrx_word' id='word_1_34' title='bbox 841 505 1110 554; x_wconf 85' lang='lat' dir='ltr'>multimodis</span> <span class='ocrx_word' id='word_1_35' title='bbox 1133 515 1254 554; x_wconf 83' lang='lat' dir='ltr'>tuam</span> <span class='ocrx_word' id='word_1_36' title='bbox 1276 505 1467 554; x_wconf 80' lang='lat' dir='ltr'>inueniri</span> <span class='ocrx_word' id='word_1_37' title='bbox 1488 502 1676 568; x_wconf 79' lang='lat' dir='ltr'>gaudeo.</span> 
     </span>
    </p>
   </div>
   <div class='ocr_carea' id='block_1_4' title="bbox 543 578 1030 647">
    <p class='ocr_par' dir='ltr' id='par_1_6' title="bbox 543 578 1030 647">
     <span class='ocr_line' id='line_1_7' title="bbox 543 578 1030 647; baseline -0.004 -18"><span class='ocrx_word' id='word_1_38' title='bbox 543 578 578 629; x_wconf 86' lang='lat' dir='ltr'>P</span> <span class='ocrx_word' id='word_1_39' title='bbox 590 594 623 629; x_wconf 85' lang='lat' dir='ltr'>A</span> <span class='ocrx_word' id='word_1_40' title='bbox 636 595 690 632; x_wconf 88' lang='grc' dir='ltr'>Μ.</span> <span class='ocrx_word' id='word_1_41' title='bbox 726 581 869 636; x_wconf 84' lang='lat' dir='ltr'>credo,</span> <span class='ocrx_word' id='word_1_42' title='bbox 891 590 1030 647; x_wconf 83' lang='lat' dir='ltr'>pater.</span> 
     </span>
    </p>
   </div>
   <div class='ocr_carea' id='block_1_5' title="bbox 305 799 974 1466">
    <p class='ocr_par' dir='ltr' id='par_1_7' title="bbox 305 799 974 1466">
     <span class='ocr_line' id='line_1_8' title="bbox 367 799 970 859; baseline -0.002 -16"><span class='ocrx_word' id='word_1_43' title='bbox 367 817 425 859; x_wconf 74' lang='lat'>34</span> <span class='ocrx_word' id='word_1_44' title='bbox 457 804 532 843; x_wconf 83' lang='lat' dir='ltr'>Vix</span> <span class='ocrx_word' id='word_1_45' title='bbox 552 801 642 854; x_wconf 76' lang='lat' dir='ltr'>fitm</span> <span class='ocrx_word' id='word_1_46' title='bbox 668 803 769 854; x_wconf 85' lang='lat' dir='ltr'>apud</span> <span class='ocrx_word' id='word_1_47' title='bbox 785 799 852 847; x_wconf 87' lang='lat' dir='ltr'>me]</span> <span class='ocrx_word' id='word_1_48' title='bbox 884 805 970 842; x_wconf 83' lang='lat' dir='ltr'>Hoc</span> 
     </span>
     <span class='ocr_line' id='line_1_9' title="bbox 312 857 970 912; baseline -0.003 -12"><span class='ocrx_word' id='word_1_49' title='bbox 312 859 368 900; x_wconf 86' lang='lat' dir='ltr'>est</span> <span class='ocrx_word' id='word_1_50' title='bbox 416 870 703 912; x_wconf 74' lang='lat' dir='ltr'>argumentum,</span> <span class='ocrx_word' id='word_1_51' title='bbox 740 857 970 910; x_wconf 82' lang='lat' dir='ltr'>sapientibus</span> 
     </span>
     <span class='ocr_line' id='line_1_10' title="bbox 311 914 974 956; baseline -0.005 -1"><span class='ocrx_word' id='word_1_52' title='bbox 311 917 497 956; x_wconf 77' lang='lat' dir='ltr'>laetitiam</span> <span class='ocrx_word' id='word_1_53' title='bbox 526 914 802 953; x_wconf 82' lang='lat' dir='ltr'>vehementem</span> <span class='ocrx_word' id='word_1_54' title='bbox 833 916 875 952; x_wconf 81' lang='lat' dir='ltr'>in</span> <span class='ocrx_word' id='word_1_55' title='bbox 907 915 974 952; x_wconf 83' lang='lat' dir='ltr'>bo-</span> 
     </span>
     <span class='ocr_line' id='line_1_11' title="bbox 312 967 972 1010; baseline -0.005 0"><span class='ocrx_word' id='word_1_56' title='bbox 312 973 374 1010; x_wconf 89' lang='lat' dir='ltr'>nis</span> <span class='ocrx_word' id='word_1_57' title='bbox 415 969 711 1009; x_wconf 79' lang='lat' dir='ltr'>moderandam:</span> <span class='ocrx_word' id='word_1_58' title='bbox 750 982 836 1008; x_wconf 86' lang='lat' dir='ltr'>cum</span> <span class='ocrx_word' id='word_1_59' title='bbox 865 967 972 1007; x_wconf 79' lang='lat' dir='ltr'>vnus·</span> 
     </span>
     <span class='ocr_line' id='line_1_12' title="bbox 310 1023 972 1078; baseline -0.003 -14"><span class='ocrx_word' id='word_1_60' title='bbox 310 1023 476 1078; x_wconf 84' lang='lat' dir='ltr'>quisque</span> <span class='ocrx_word' id='word_1_61' title='bbox 505 1025 677 1078; x_wconf 78' lang='lat' dir='ltr'>gaudens</span> <span class='ocrx_word' id='word_1_62' title='bbox 704 1025 754 1063; x_wconf 85' lang='lat' dir='ltr'>ita</span> <span class='ocrx_word' id='word_1_63' title='bbox 774 1024 972 1073; x_wconf 80' lang='lat' dir='ltr'>perturbe-</span> 
     </span>
     <span class='ocr_line' id='line_1_13' title="bbox 309 1077 971 1132; baseline -0.005 -12"><span class='ocrx_word' id='word_1_64' title='bbox 309 1091 385 1131; x_wconf 73' lang='lat' dir='ltr'>tur&gt;</span> <span class='ocrx_word' id='word_1_65' title='bbox 408 1093 446 1120; x_wconf 92' lang='lat' dir='ltr'>vt</span> <span class='ocrx_word' id='word_1_66' title='bbox 464 1080 566 1132; x_wconf 84' lang='lat' dir='ltr'>apud</span> <span class='ocrx_word' id='word_1_67' title='bbox 595 1077 759 1132; x_wconf 80' lang='lat' dir='ltr'>seipsum</span> <span class='ocrx_word' id='word_1_68' title='bbox 778 1081 856 1119; x_wconf 83' lang='lat' dir='ltr'>iam</span> <span class='ocrx_word' id='word_1_69' title='bbox 888 1091 971 1118; x_wconf 86' lang='lat' dir='ltr'>non</span> 
     </span>
     <span class='ocr_line' id='line_1_14' title="bbox 308 1134 972 1188; baseline -0.008 -10"><span class='ocrx_word' id='word_1_70' title='bbox 308 1137 369 1178; x_wconf 69' lang='lat' dir='ltr'>fit.</span> <span class='ocrx_word' id='word_1_71' title='bbox 433 1138 505 1178; x_wconf 84' lang='lat' dir='ltr'>Vix</span> <span class='ocrx_word' id='word_1_72' title='bbox 530 1134 617 1187; x_wconf 70' lang='lat' dir='ltr'>fitm</span> <span class='ocrx_word' id='word_1_73' title='bbox 650 1136 751 1188; x_wconf 83' lang='lat' dir='ltr'><em>apud</em></span> <span class='ocrx_word' id='word_1_74' title='bbox 775 1136 845 1184; x_wconf 86' lang='lat' dir='ltr'>me]</span> <span class='ocrx_word' id='word_1_75' title='bbox 880 1136 972 1174; x_wconf 84' lang='lat' dir='ltr'>Non</span> 
     </span>
     <span class='ocr_line' id='line_1_15' title="bbox 305 1189 974 1246; baseline -0.004 -14"><span class='ocrx_word' id='word_1_76' title='bbox 305 1194 392 1246; x_wconf 80' lang='lat' dir='ltr'>fitm</span> <span class='ocrx_word' id='word_1_77' title='bbox 409 1193 510 1245; x_wconf 83' lang='lat' dir='ltr'><em>apud</em></span> <span class='ocrx_word' id='word_1_78' title='bbox 526 1206 600 1240; x_wconf 82' lang='lat' dir='ltr'>me,</span> <span class='ocrx_word' id='word_1_79' title='bbox 627 1193 750 1244; x_wconf 78' lang='lat' dir='ltr'>magis</span> <span class='ocrx_word' id='word_1_80' title='bbox 772 1189 974 1230; x_wconf 82' lang='lat' dir='ltr'>consuetu-</span> 
     </span>
     <span class='ocr_line' id='line_1_16' title="bbox 310 1248 974 1300; baseline -0.003 -12"><span class='ocrx_word' id='word_1_81' title='bbox 310 1249 410 1288; x_wconf 78' lang='lat' dir='ltr'>dine</span> <span class='ocrx_word' id='word_1_82' title='bbox 423 1262 539 1300; x_wconf 87' lang='lat' dir='ltr'>quam</span> <span class='ocrx_word' id='word_1_83' title='bbox 555 1249 704 1287; x_wconf 83' lang='lat' dir='ltr'>ratione</span> <span class='ocrx_word' id='word_1_84' title='bbox 716 1248 864 1286; x_wconf 82' lang='lat' dir='ltr'>dicitur.</span> <span class='ocrx_word' id='word_1_85' title='bbox 894 1249 974 1287; x_wconf 82' lang='lat' dir='ltr'>Aut</span> 
     </span>
     <span class='ocr_line' id='line_1_17' title="bbox 309 1302 974 1354; baseline -0.008 -8"><span class='ocrx_word' id='word_1_86' title='bbox 309 1303 414 1347; x_wconf 84' lang='lat' dir='ltr'>forte</span> <span class='ocrx_word' id='word_1_87' title='bbox 431 1304 478 1343; x_wconf 84' lang='lat' dir='ltr'>fic</span> <span class='ocrx_word' id='word_1_88' title='bbox 498 1304 600 1345; x_wconf 76' lang='lat' dir='ltr'>dicit,</span> <span class='ocrx_word' id='word_1_89' title='bbox 627 1304 727 1354; x_wconf 77' lang='lat' dir='ltr'>quasi</span> <span class='ocrx_word' id='word_1_90' title='bbox 746 1302 885 1342; x_wconf 75' lang='lat' dir='ltr'>abierit</span> <span class='ocrx_word' id='word_1_91' title='bbox 896 1304 974 1342; x_wconf 83' lang='lat' dir='ltr'>ani·</span> 
     </span>
     <span class='ocr_line' id='line_1_18' title="bbox 311 1357 973 1409; baseline -0.005 -8"><span class='ocrx_word' id='word_1_92' title='bbox 311 1375 418 1409; x_wconf 88' lang='lat' dir='ltr'>mus,</span> <span class='ocrx_word' id='word_1_93' title='bbox 448 1372 488 1400; x_wconf 86' lang='lat' dir='ltr'>et</span> <span class='ocrx_word' id='word_1_94' title='bbox 514 1357 640 1399; x_wconf 80' lang='lat' dir='ltr'>rursus</span> <span class='ocrx_word' id='word_1_95' title='bbox 676 1359 848 1400; x_wconf 69' lang='lat' dir='ltr'>redierit.</span> <span class='ocrx_word' id='word_1_96' title='bbox 907 1360 973 1398; x_wconf 86' lang='lat' dir='ltr'>Ita</span> 
     </span>
     <span class='ocr_line' id='line_1_19' title="bbox 310 1415 973 1466; baseline -0.005 -10"><span class='ocrx_word' id='word_1_97' title='bbox 310 1419 454 1457; x_wconf 71' lang='lat' dir='ltr'>animm</span> <span class='ocrx_word' id='word_1_98' title='bbox 475 1428 667 1455; x_wconf 80' lang='lat' dir='ltr'>commotus</span> <span class='ocrx_word' id='word_1_99' title='bbox 678 1415 725 1466; x_wconf 83' lang='lat' dir='ltr'>est</span> <span class='ocrx_word' id='word_1_100' title='bbox 737 1421 851 1461; x_wconf 84' lang='lat' dir='ltr'>metu]</span> <span class='ocrx_word' id='word_1_101' title='bbox 881 1415 973 1454; x_wconf 82' lang='lat' dir='ltr'>Duo</span> 
     </span>
    </p>
   </div>
   <div class='ocr_carea' id='block_1_6' title="bbox 309 1469 992 1520">
    <p class='ocr_par' dir='ltr' id='par_1_8' title="bbox 309 1469 992 1520">
     <span class='ocr_line' id='line_1_20' title="bbox 309 1469 992 1520; baseline -0.003 -8"><span class='ocrx_word' id='word_1_102' title='bbox 309 1471 510 1512; x_wconf 78' lang='lat' dir='ltr'>carnifices</span> <span class='ocrx_word' id='word_1_103' title='bbox 521 1471 731 1511; x_wconf 79' lang='lat' dir='ltr'>futurarum</span> <span class='ocrx_word' id='word_1_104' title='bbox 742 1485 868 1511; x_wconf 82' lang='lat' dir='ltr'>rerum</span> <span class='ocrx_word' id='word_1_105' title='bbox 880 1469 973 1520; x_wconf 87' lang='lat' dir='ltr'>sunt,</span> <span class='ocrx_word' id='word_1_106' title='bbox 985 1486 992 1489; x_wconf 45' lang='lat'>‘⁷</span> 
     </span>
    </p>
   </div>
   <div class='ocr_carea' id='block_1_7' title="bbox 298 1527 975 2573">
    <p class='ocr_par' dir='ltr' id='par_1_9' title="bbox 298 1527 975 2183">
     <span class='ocr_line' id='line_1_21' title="bbox 311 1527 975 1581; baseline -0.008 -12"><span class='ocrx_word' id='word_1_107' title='bbox 311 1527 398 1581; x_wconf 79' lang='lat' dir='ltr'>spes</span> <span class='ocrx_word' id='word_1_108' title='bbox 444 1539 483 1567; x_wconf 83' lang='lat' dir='ltr'>et</span> <span class='ocrx_word' id='word_1_109' title='bbox 519 1539 655 1569; x_wconf 88' lang='lat' dir='ltr'>metus.</span> <span class='ocrx_word' id='word_1_110' title='bbox 714 1528 838 1568; x_wconf 79' lang='lat' dir='ltr'>Dolor</span> <span class='ocrx_word' id='word_1_111' title='bbox 868 1528 975 1567; x_wconf 86' lang='lat' dir='ltr'>enim</span> 
     </span>
     <span class='ocr_line' id='line_1_22' title="bbox 311 1581 974 1637; baseline -0.003 -13"><span class='ocrx_word' id='word_1_112' title='bbox 311 1596 355 1624; x_wconf 87' lang='lat' dir='ltr'>et</span> <span class='ocrx_word' id='word_1_113' title='bbox 385 1584 587 1637; x_wconf 45' lang='lat' dir='ltr'>gaudium4</span> <span class='ocrx_word' id='word_1_114' title='bbox 630 1581 888 1635; x_wconf 78' lang='lat' dir='ltr'>praesentium</span> <span class='ocrx_word' id='word_1_115' title='bbox 917 1597 974 1622; x_wconf 85' lang='lat' dir='ltr'>re-</span> 
     </span>
     <span class='ocr_line' id='line_1_23' title="bbox 309 1638 973 1693; baseline -0.003 -13"><span class='ocrx_word' id='word_1_116' title='bbox 309 1652 398 1681; x_wconf 70' lang='lat' dir='ltr'>tum</span> <span class='ocrx_word' id='word_1_117' title='bbox 418 1638 512 1680; x_wconf 83' lang='lat' dir='ltr'>sunt.</span> <span class='ocrx_word' id='word_1_118' title='bbox 531 1641 639 1693; x_wconf 79' lang='lat' dir='ltr'>virg.</span> <span class='ocrx_word' id='word_1_119' title='bbox 653 1642 771 1690; x_wconf 82' lang='lat' dir='ltr'>(Aen.</span> <span class='ocrx_word' id='word_1_120' title='bbox 786 1653 843 1688; x_wconf 79' lang='lat' dir='ltr'>vi,</span> <span class='ocrx_word' id='word_1_121' title='bbox 856 1641 973 1693; x_wconf 82' lang='lat'>733.)</span> 
     </span>
     <span class='ocr_line' id='line_1_24' title="bbox 313 1696 973 1748; baseline -0.006 -11"><span class='ocrx_word' id='word_1_122' title='bbox 313 1697 416 1737; x_wconf 71' lang='lat' dir='ltr'>Hinc</span> <span class='ocrx_word' id='word_1_123' title='bbox 432 1709 610 1744; x_wconf 77' lang='lat' dir='ltr'>metuunt,</span> <span class='ocrx_word' id='word_1_124' title='bbox 631 1698 871 1748; x_wconf 77' lang='lat' dir='ltr'>cupiuntque:</span> <span class='ocrx_word' id='word_1_125' title='bbox 905 1696 973 1733; x_wconf 87' lang='lat' dir='ltr'>do-</span> 
     </span>
     <span class='ocr_line' id='line_1_25' title="bbox 313 1752 972 1806; baseline -0.005 -14"><span class='ocrx_word' id='word_1_126' title='bbox 313 1752 399 1801; x_wconf 77' lang='lat' dir='ltr'>lent,</span> <span class='ocrx_word' id='word_1_127' title='bbox 414 1752 669 1806; x_wconf 78' lang='lat' dir='ltr'>gaudentque:</span> <span class='ocrx_word' id='word_1_128' title='bbox 700 1765 762 1790; x_wconf 87' lang='lat' dir='ltr'>nec</span> <span class='ocrx_word' id='word_1_129' title='bbox 780 1765 890 1791; x_wconf 79' lang='lat' dir='ltr'><em>auras</em></span> <span class='ocrx_word' id='word_1_130' title='bbox 902 1752 972 1790; x_wconf 82' lang='lat' dir='ltr'>Re-</span> 
     </span>
     <span class='ocr_line' id='line_1_26' title="bbox 298 1806 972 1861; baseline 0.001 -16"><span class='ocrx_word' id='word_1_131' title='bbox 298 1808 483 1861; x_wconf 66' lang='lat' dir='ltr'>spiciunt.</span> <span class='ocrx_word' id='word_1_132' title='bbox 540 1809 618 1848; x_wconf 81' lang='lat' dir='ltr'>Sed</span> <span class='ocrx_word' id='word_1_133' title='bbox 648 1808 821 1846; x_wconf 76' lang='lat' dir='ltr'>dolorem</span> <span class='ocrx_word' id='word_1_134' title='bbox 849 1806 909 1846; x_wconf 80' lang='lat' dir='ltr'>hic</span> <span class='ocrx_word' id='word_1_135' title='bbox 931 1808 972 1846; x_wconf 90' lang='lat' dir='ltr'>in</span> 
     </span>
     <span class='ocr_line' id='line_1_27' title="bbox 310 1861 975 1914; baseline -0.003 -11"><span class='ocrx_word' id='word_1_136' title='bbox 310 1864 460 1904; x_wconf 83' lang='lat' dir='ltr'>laetitia</span> <span class='ocrx_word' id='word_1_137' title='bbox 478 1876 558 1902; x_wconf 85' lang='lat' dir='ltr'>nou</span> <span class='ocrx_word' id='word_1_138' title='bbox 580 1861 714 1914; x_wconf 81' lang='lat' dir='ltr'>posuit.</span> <span class='ocrx_word' id='word_1_139' title='bbox 748 1874 786 1902; x_wconf 84' lang='lat' dir='ltr'>et</span> <span class='ocrx_word' id='word_1_140' title='bbox 804 1864 899 1902; x_wconf 69' lang='lat' dir='ltr'>mite</span> <span class='ocrx_word' id='word_1_141' title='bbox 919 1876 975 1901; x_wconf 88' lang='lat'><strong>01·-</strong></span> 
     </span>
     <span class='ocr_line' id='line_1_28' title="bbox 310 1916 971 1959; baseline -0.003 0"><span class='ocrx_word' id='word_1_142' title='bbox 310 1919 450 1959; x_wconf 84' lang='lat' dir='ltr'>dinem</span> <span class='ocrx_word' id='word_1_143' title='bbox 462 1918 636 1959; x_wconf 71' lang='lat' dir='ltr'>seruauit.</span> <span class='ocrx_word' id='word_1_144' title='bbox 649 1918 698 1957; x_wconf 88' lang='lat' dir='ltr'>fic</span> <span class='ocrx_word' id='word_1_145' title='bbox 709 1920 816 1957; x_wconf 81' lang='lat' dir='ltr'>enim</span> <span class='ocrx_word' id='word_1_146' title='bbox 828 1916 866 1956; x_wconf 78' lang='lat' dir='ltr'>se</span> <span class='ocrx_word' id='word_1_147' title='bbox 876 1918 971 1957; x_wconf 82' lang='lat' dir='ltr'>haec</span> 
     </span>
     <span class='ocr_line' id='line_1_29' title="bbox 312 1973 972 2026; baseline -0.003 -11"><span class='ocrx_word' id='word_1_148' title='bbox 312 1976 486 2015; x_wconf 82' lang='lat' dir='ltr'>inuicem</span> <span class='ocrx_word' id='word_1_149' title='bbox 523 1973 742 2026; x_wconf 79' lang='lat' dir='ltr'>sequuntur.</span> <span class='ocrx_word' id='word_1_150' title='bbox 798 1978 846 2014; x_wconf 90' lang='lat' dir='ltr'>Et</span> <span class='ocrx_word' id='word_1_151' title='bbox 877 1979 972 2013; x_wconf 67' lang='grc' dir='ltr'><strong><em>ἀσυν-</em></strong></span> 
     </span>
     <span class='ocr_line' id='line_1_30' title="bbox 311 2029 969 2083; baseline -0.003 -13"><span class='ocrx_word' id='word_1_152' title='bbox 311 2036 412 2074; x_wconf 70' lang='grc' dir='ltr'><em>δὲτως</em></span> <span class='ocrx_word' id='word_1_153' title='bbox 438 2029 753 2083; x_wconf 75' lang='lat' dir='ltr'>distinguendum</span> <span class='ocrx_word' id='word_1_154' title='bbox 790 2029 861 2073; x_wconf 84' lang='lat' dir='ltr'>est,</span> <span class='ocrx_word' id='word_1_155' title='bbox 891 2029 969 2082; x_wconf 75' lang='lat' dir='ltr'>spe,</span> 
     </span>
     <span class='ocr_line' id='line_1_31' title="bbox 310 2083 972 2143; baseline -0.005 -17"><span class='ocrx_word' id='word_1_156' title='bbox 310 2089 470 2143; x_wconf 82' lang='lat' dir='ltr'>gaudio,</span> <span class='ocrx_word' id='word_1_157' title='bbox 512 2097 563 2138; x_wconf 12' lang='lat' dir='ltr'>vt?</span> <span class='ocrx_word' id='word_1_158' title='bbox 579 2083 779 2138; x_wconf 79' lang='lat' dir='ltr'>separatim</span> <span class='ocrx_word' id='word_1_159' title='bbox 804 2084 972 2124; x_wconf 78' lang='lat' dir='ltr'>inferan-</span> 
     </span>
     <span class='ocr_line' id='line_1_32' title="bbox 310 2146 486 2183; baseline -0.011 0"><span class='ocrx_word' id='word_1_160' title='bbox 310 2154 382 2183; x_wconf 84' lang='lat' dir='ltr'>tur.</span> <span class='ocrx_word' id='word_1_161' title='bbox 438 2146 486 2183; x_wconf 87' lang='lat' dir='ltr'>D.</span> 
     </span>
    </p>

    <p class='ocr_par' dir='ltr' id='par_1_10' title="bbox 306 2197 972 2573">
     <span class='ocr_line' id='line_1_33' title="bbox 367 2197 970 2246; baseline -0.007 -7"><span class='ocrx_word' id='word_1_162' title='bbox 367 2200 578 2239; x_wconf 76' lang='lat' dir='ltr'>Commotus</span> <span class='ocrx_word' id='word_1_163' title='bbox 596 2198 712 2246; x_wconf 73' lang='lat' dir='ltr'>metu]</span> <span class='ocrx_word' id='word_1_164' title='bbox 746 2198 898 2237; x_wconf 83' lang='lat' dir='ltr'>Metum</span> <span class='ocrx_word' id='word_1_165' title='bbox 918 2197 970 2236; x_wconf 84' lang='lat' dir='ltr'>de</span> 
     </span>
     <span class='ocr_line' id='line_1_34' title="bbox 311 2254 971 2308; baseline -0.003 -15"><span class='ocrx_word' id='word_1_166' title='bbox 311 2257 522 2308; x_wconf 79' lang='lat' dir='ltr'>praeterito</span> <span class='ocrx_word' id='word_1_167' title='bbox 542 2255 813 2308; x_wconf 77' lang='lat' dir='ltr'>intelligimus,</span> <span class='ocrx_word' id='word_1_168' title='bbox 839 2254 905 2304; x_wconf 87' lang='lat' dir='ltr'>qui</span> <span class='ocrx_word' id='word_1_169' title='bbox 919 2263 971 2291; x_wconf 89' lang='lat' dir='ltr'>ta-</span> 
     </span>
     <span class='ocr_line' id='line_1_35' title="bbox 310 2309 971 2359; baseline -0.005 -9"><span class='ocrx_word' id='word_1_170' title='bbox 310 2324 404 2351; x_wconf 85' lang='lat' dir='ltr'>men</span> <span class='ocrx_word' id='word_1_171' title='bbox 436 2310 561 2349; x_wconf 82' lang='lat' dir='ltr'>adhue</span> <span class='ocrx_word' id='word_1_172' title='bbox 583 2320 726 2349; x_wconf 84' lang='lat' dir='ltr'>manet.</span> <span class='ocrx_word' id='word_1_173' title='bbox 781 2309 971 2359; x_wconf 84' lang='lat' dir='ltr'>Denique</span> 
     </span>
     <span class='ocr_line' id='line_1_36' title="bbox 311 2364 972 2417; baseline -0.005 -12"><span class='ocrx_word' id='word_1_174' title='bbox 311 2367 452 2405; x_wconf 79' lang='lat' dir='ltr'>ordine</span> <span class='ocrx_word' id='word_1_175' title='bbox 480 2365 583 2405; x_wconf 80' lang='lat' dir='ltr'>fecit.</span> <span class='ocrx_word' id='word_1_176' title='bbox 645 2369 744 2406; x_wconf 84' lang='lat' dir='ltr'>Nam</span> <span class='ocrx_word' id='word_1_177' title='bbox 781 2364 865 2417; x_wconf 86' lang='lat' dir='ltr'>post</span> <span class='ocrx_word' id='word_1_178' title='bbox 892 2377 972 2403; x_wconf 85' lang='lat' dir='ltr'>me-</span> 
     </span>
     <span class='ocr_line' id='line_1_37' title="bbox 306 2420 969 2474; baseline -0.005 -12"><span class='ocrx_word' id='word_1_179' title='bbox 306 2432 393 2462; x_wconf 80' lang='lat' dir='ltr'>tum</span> <span class='ocrx_word' id='word_1_180' title='bbox 415 2421 495 2474; x_wconf 77' lang='lat' dir='ltr'><strong>spes</strong></span> <span class='ocrx_word' id='word_1_181' title='bbox 510 2423 690 2462; x_wconf 79' lang='lat' dir='ltr'>collocata</span> <span class='ocrx_word' id='word_1_182' title='bbox 703 2421 767 2469; x_wconf 79' lang='lat' dir='ltr'>ost,</span> <span class='ocrx_word' id='word_1_183' title='bbox 789 2433 889 2472; x_wconf 84' lang='lat' dir='ltr'>quae</span> <span class='ocrx_word' id='word_1_184' title='bbox 902 2420 969 2459; x_wconf 92' lang='lat' dir='ltr'>bo-</span> 
     </span>
     <span class='ocr_line' id='line_1_38' title="bbox 309 2476 970 2528; baseline -0.006 -10"><span class='ocrx_word' id='word_1_185' title='bbox 309 2479 355 2518; x_wconf 88' lang='lat' dir='ltr'>ni</span> <span class='ocrx_word' id='word_1_186' title='bbox 370 2479 616 2522; x_wconf 75' lang='lat' dir='ltr'>¹imminentis</span> <span class='ocrx_word' id='word_1_187' title='bbox 630 2478 683 2516; x_wconf 82' lang='lat' dir='ltr'>est</span> <span class='ocrx_word' id='word_1_188' title='bbox 702 2476 861 2528; x_wconf 81' lang='lat' dir='ltr'><strong>semper.</strong></span> <span class='ocrx_word' id='word_1_189' title='bbox 896 2478 970 2515; x_wconf 86' lang='lat' dir='ltr'>De-</span> 
     </span>
     <span class='ocr_line' id='line_1_39' title="bbox 309 2531 968 2573; baseline -0.006 0"><span class='ocrx_word' id='word_1_190' title='bbox 309 2533 407 2573; x_wconf 78' lang='lat' dir='ltr'>inde</span> <span class='ocrx_word' id='word_1_191' title='bbox 436 2535 575 2573; x_wconf 63' lang='lat' dir='ltr'>adiecit</span> <span class='ocrx_word' id='word_1_192' title='bbox 610 2533 874 2572; x_wconf 76' lang='lat' dir='ltr'>confirmatum</span> <span class='ocrx_word' id='word_1_193' title='bbox 903 2531 968 2570; x_wconf 90' lang='lat' dir='ltr'>bo-</span> 
     </span>
    </p>
   </div>
   <div class='ocr_carea' id='block_1_8' title="bbox 1564 623 1674 701">
    <p class='ocr_par' dir='ltr' id='par_1_11' title="bbox 1564 623 1674 701">
     <span class='ocr_line' id='line_1_40' title="bbox 1564 623 1674 701; baseline -0.018 0"><span class='ocrx_word' id='word_1_194' title='bbox 1564 623 1611 701; x_wconf 60' lang='lat' dir='ltr'>&#39;c</span> <span class='ocrx_word' id='word_1_195' title='bbox 1627 669 1674 699; x_wconf 64' lang='lat' dir='ltr'>a.</span> 
     </span>
    </p>
   </div>
   <div class='ocr_carea' id='block_1_9' title="bbox 1013 799 1680 2585">
    <p class='ocr_par' dir='ltr' id='par_1_12' title="bbox 1019 799 1674 897">
     <span class='ocr_line' id='line_1_41' title="bbox 1019 799 1674 852; baseline -0.009 -10"><span class='ocrx_word' id='word_1_196' title='bbox 1019 802 1066 842; x_wconf 86' lang='lat' dir='ltr'>do</span> <span class='ocrx_word' id='word_1_197' title='bbox 1103 799 1169 842; x_wconf 86' lang='lat' dir='ltr'>hoc</span> <span class='ocrx_word' id='word_1_198' title='bbox 1207 813 1337 850; x_wconf 80' lang='lat' dir='ltr'>tanto,</span> <span class='ocrx_word' id='word_1_199' title='bbox 1386 811 1463 841; x_wconf 77' lang='lat' dir='ltr'>tam</span> <span class='ocrx_word' id='word_1_200' title='bbox 1485 799 1674 852; x_wconf 81' lang='lat' dir='ltr'>repentino</span> 
     </span>
     <span class='ocr_line' id='line_1_42' title="bbox 1020 857 1224 897; baseline -0.005 0"><span class='ocrx_word' id='word_1_201' title='bbox 1020 857 1128 897; x_wconf 78' lang='lat' dir='ltr'>hono.</span> <span class='ocrx_word' id='word_1_202' title='bbox 1181 860 1224 897; x_wconf 90' lang='lat' dir='ltr'>E.</span> 
     </span>
    </p>

    <p class='ocr_par' dir='ltr' id='par_1_13' title="bbox 1021 909 1677 1021">
     <span class='ocr_line' id='line_1_43' title="bbox 1077 909 1677 968; baseline -0.012 -14"><span class='ocrx_word' id='word_1_203' title='bbox 1077 926 1129 968; x_wconf 81' lang='lat'>35</span> <span class='ocrx_word' id='word_1_204' title='bbox 1149 912 1346 958; x_wconf 74' lang='lat' dir='ltr'>Mirando]</span> <span class='ocrx_word' id='word_1_205' title='bbox 1373 910 1570 957; x_wconf 79' lang='lat' dir='ltr'>Mirando,</span> <span class='ocrx_word' id='word_1_206' title='bbox 1582 909 1677 948; x_wconf 87' lang='lat' dir='ltr'>dum</span> 
     </span>
     <span class='ocr_line' id='line_1_44' title="bbox 1021 965 1645 1021; baseline -0.01 -12"><span class='ocrx_word' id='word_1_207' title='bbox 1021 971 1148 1009; x_wconf 80' lang='lat' dir='ltr'>miror.</span> <span class='ocrx_word' id='word_1_208' title='bbox 1177 969 1289 1010; x_wconf 84' lang='lat' dir='ltr'>Etest</span> <span class='ocrx_word' id='word_1_209' title='bbox 1304 967 1559 1021; x_wconf 79' lang='lat' dir='ltr'>participium.</span> <span class='ocrx_word' id='word_1_210' title='bbox 1595 965 1645 1004; x_wconf 91' lang='lat' dir='ltr'>D.</span> 
     </span>
    </p>

    <p class='ocr_par' dir='ltr' id='par_1_14' title="bbox 1013 1021 1680 2585">
     <span class='ocr_line' id='line_1_45' title="bbox 1078 1021 1677 1078; baseline -0.013 -11"><span class='ocrx_word' id='word_1_211' title='bbox 1078 1030 1130 1078; x_wconf 86' lang='lat'>36</span> <span class='ocrx_word' id='word_1_212' title='bbox 1160 1026 1244 1064; x_wconf 82' lang='lat' dir='ltr'>Nae</span> <span class='ocrx_word' id='word_1_213' title='bbox 1270 1025 1375 1077; x_wconf 84' lang='lat' dir='ltr'>istam</span> <span class='ocrx_word' id='word_1_214' title='bbox 1402 1023 1526 1062; x_wconf 74' lang='lat' dir='ltr'>multis</span> <span class='ocrx_word' id='word_1_215' title='bbox 1557 1021 1677 1060; x_wconf 67' lang='lat' dir='ltr'>modis</span> 
     </span>
     <span class='ocr_line' id='line_1_46' title="bbox 1021 1071 1678 1129; baseline -0.003 -12"><span class='ocrx_word' id='word_1_216' title='bbox 1021 1080 1141 1127; x_wconf 85' lang='lat' dir='ltr'>tuam]</span> <span class='ocrx_word' id='word_1_217' title='bbox 1172 1085 1274 1129; x_wconf 83' lang='lat' dir='ltr'>Non,</span> <span class='ocrx_word' id='word_1_218' title='bbox 1301 1071 1425 1120; x_wconf 55' lang='lat' dir='ltr'>mustis</span> <span class='ocrx_word' id='word_1_219' title='bbox 1443 1079 1560 1117; x_wconf 82' lang='lat' dir='ltr'>modis</span> <span class='ocrx_word' id='word_1_220' title='bbox 1577 1079 1678 1116; x_wconf 87' lang='lat' dir='ltr'>inue-</span> 
     </span>
     <span class='ocr_line' id='line_1_47' title="bbox 1022 1134 1676 1189; baseline -0.005 -15"><span class='ocrx_word' id='word_1_221' title='bbox 1022 1138 1099 1175; x_wconf 81' lang='lat' dir='ltr'>niri</span> <span class='ocrx_word' id='word_1_222' title='bbox 1114 1136 1282 1189; x_wconf 87' lang='lat' dir='ltr'>gaudeo:</span> <span class='ocrx_word' id='word_1_223' title='bbox 1312 1134 1388 1183; x_wconf 87' lang='lat' dir='ltr'><strong>sed,</strong></span> <span class='ocrx_word' id='word_1_224' title='bbox 1414 1148 1516 1174; x_wconf 83' lang='lat' dir='ltr'>tuam</span> <span class='ocrx_word' id='word_1_225' title='bbox 1535 1134 1676 1172; x_wconf 83' lang='lat' dir='ltr'>inueni-</span> 
     </span>
     <span class='ocr_line' id='line_1_48' title="bbox 1022 1191 1678 1240; baseline -0.003 -11"><span class='ocrx_word' id='word_1_226' title='bbox 1022 1193 1069 1230; x_wconf 76' lang='lat' dir='ltr'>ri.</span> <span class='ocrx_word' id='word_1_227' title='bbox 1100 1191 1191 1240; x_wconf 87' lang='lat' dir='ltr'>Alii,</span> <span class='ocrx_word' id='word_1_228' title='bbox 1222 1191 1346 1231; x_wconf 82' lang='lat' dir='ltr'>multis</span> <span class='ocrx_word' id='word_1_229' title='bbox 1365 1191 1482 1230; x_wconf 87' lang='lat' dir='ltr'>modis</span> <span class='ocrx_word' id='word_1_230' title='bbox 1501 1202 1604 1230; x_wconf 85' lang='lat' dir='ltr'>tuam</span> <span class='ocrx_word' id='word_1_231' title='bbox 1621 1192 1678 1227; x_wconf 73' lang='lat' dir='ltr'>in·</span> 
     </span>
     <span class='ocr_line' id='line_1_49' title="bbox 1021 1245 1677 1302; baseline -0.005 -17"><span class='ocrx_word' id='word_1_232' title='bbox 1021 1249 1147 1287; x_wconf 78' lang='lat' dir='ltr'>ueniri</span> <span class='ocrx_word' id='word_1_233' title='bbox 1184 1247 1353 1302; x_wconf 82' lang='lat' dir='ltr'>gaudeo:</span> <span class='ocrx_word' id='word_1_234' title='bbox 1388 1259 1485 1291; x_wconf 90' lang='lat' dir='ltr'>non,</span> <span class='ocrx_word' id='word_1_235' title='bbox 1515 1245 1677 1284; x_wconf 81' lang='lat' dir='ltr'>inueniri</span> 
     </span>
     <span class='ocr_line' id='line_1_50' title="bbox 1020 1301 1679 1358; baseline -0.006 -16"><span class='ocrx_word' id='word_1_236' title='bbox 1020 1303 1172 1358; x_wconf 75' lang='lat' dir='ltr'>gaudeo,</span> <span class='ocrx_word' id='word_1_237' title='bbox 1232 1304 1307 1344; x_wconf 89' lang='lat' dir='ltr'>Hic</span> <span class='ocrx_word' id='word_1_238' title='bbox 1326 1302 1400 1340; x_wconf 88' lang='lat' dir='ltr'>iarn</span> <span class='ocrx_word' id='word_1_239' title='bbox 1419 1301 1517 1339; x_wconf 82' lang='lat' dir='ltr'>redit</span> <span class='ocrx_word' id='word_1_240' title='bbox 1535 1301 1577 1338; x_wconf 88' lang='lat' dir='ltr'>in</span> <span class='ocrx_word' id='word_1_241' title='bbox 1596 1313 1679 1353; x_wconf 78' lang='lat' dir='ltr'><strong>gra·</strong></span> 
     </span>
     <span class='ocr_line' id='line_1_51' title="bbox 1024 1355 1677 1398; baseline -0.008 0"><span class='ocrx_word' id='word_1_242' title='bbox 1024 1361 1116 1398; x_wconf 78' lang='lat' dir='ltr'>tiam</span> <span class='ocrx_word' id='word_1_243' title='bbox 1146 1359 1251 1398; x_wconf 86' lang='lat' dir='ltr'>Simo</span> <span class='ocrx_word' id='word_1_244' title='bbox 1268 1371 1354 1397; x_wconf 80' lang='lat' dir='ltr'>cum</span> <span class='ocrx_word' id='word_1_245' title='bbox 1375 1356 1476 1395; x_wconf 80' lang='lat' dir='ltr'>filio:</span> <span class='ocrx_word' id='word_1_246' title='bbox 1507 1355 1576 1394; x_wconf 75' lang='lat' dir='ltr'>nisi</span> <span class='ocrx_word' id='word_1_247' title='bbox 1601 1355 1677 1394; x_wconf 63' lang='lat' dir='ltr'>fot-⁴</span> 
     </span>
     <span class='ocr_line' id='line_1_52' title="bbox 1025 1411 1680 1466; baseline -0.006 -13"><span class='ocrx_word' id='word_1_248' title='bbox 1025 1425 1065 1453; x_wconf 83' lang='lat' dir='ltr'>te</span> <span class='ocrx_word' id='word_1_249' title='bbox 1084 1424 1233 1466; x_wconf 82' lang='lat' dir='ltr'>patrem</span> <span class='ocrx_word' id='word_1_250' title='bbox 1251 1411 1420 1452; x_wconf 84' lang='lat' dir='ltr'>socerum</span> <span class='ocrx_word' id='word_1_251' title='bbox 1430 1411 1607 1463; x_wconf 84' lang='lat' dir='ltr'>appellat.</span> <span class='ocrx_word' id='word_1_252' title='bbox 1637 1420 1680 1450; x_wconf 82' lang='lat' dir='ltr'>vt</span> 
     </span>
     <span class='ocr_line' id='line_1_53' title="bbox 1023 1467 1677 1522; baseline -0.005 -13"><span class='ocrx_word' id='word_1_253' title='bbox 1023 1473 1179 1509; x_wconf 82' lang='lat' dir='ltr'>Turnus</span> <span class='ocrx_word' id='word_1_254' title='bbox 1204 1469 1306 1522; x_wconf 83' lang='lat' dir='ltr'>apud</span> <span class='ocrx_word' id='word_1_255' title='bbox 1323 1469 1533 1521; x_wconf 77' lang='lat' dir='ltr'>Virgilium</span> <span class='ocrx_word' id='word_1_256' title='bbox 1555 1467 1677 1519; x_wconf 79' lang='lat' dir='ltr'>(Aen.</span> 
     </span>
     <span class='ocr_line' id='line_1_54' title="bbox 1024 1523 1676 1579; baseline -0.006 -13"><span class='ocrx_word' id='word_1_257' title='bbox 1024 1540 1112 1575; x_wconf 71' lang='grc' dir='ltr'>ΧΠ,</span> <span class='ocrx_word' id='word_1_258' title='bbox 1148 1528 1257 1578; x_wconf 80' lang='lat'><em>50.)‚</em></span> <span class='ocrx_word' id='word_1_259' title='bbox 1293 1525 1345 1579; x_wconf 53' lang='lat' dir='ltr'>Eg</span> <span class='ocrx_word' id='word_1_260' title='bbox 1369 1538 1431 1564; x_wconf 84' lang='lat' dir='ltr'>nos</span> <span class='ocrx_word' id='word_1_261' title='bbox 1462 1523 1535 1562; x_wconf 84' lang='lat' dir='ltr'>tela</span> <span class='ocrx_word' id='word_1_262' title='bbox 1555 1533 1676 1575; x_wconf 82' lang='lat' dir='ltr'>pater,</span> 
     </span>
     <span class='ocr_line' id='line_1_55' title="bbox 1013 1578 1678 1637; baseline -0.006 -15"><span class='ocrx_word' id='word_1_263' title='bbox 1013 1584 1235 1637; x_wconf 82' lang='lat' dir='ltr'>ferrumque</span> <span class='ocrx_word' id='word_1_264' title='bbox 1269 1581 1368 1622; x_wconf 85' lang='lat' dir='ltr'>haud</span> <span class='ocrx_word' id='word_1_265' title='bbox 1403 1578 1514 1620; x_wconf 80' lang='lat' dir='ltr'>debile</span> <span class='ocrx_word' id='word_1_266' title='bbox 1542 1579 1678 1618; x_wconf 81' lang='lat' dir='ltr'><em>dextra</em></span> 
     </span>
     <span class='ocr_line' id='line_1_56' title="bbox 1023 1633 1679 1692; baseline -0.005 -15"><span class='ocrx_word' id='word_1_267' title='bbox 1023 1638 1234 1692; x_wconf 79' lang='lat' dir='ltr'>Spargimus</span> <span class='ocrx_word' id='word_1_268' title='bbox 1269 1640 1328 1689; x_wconf 85' lang='lat' dir='ltr'>(vt</span> <span class='ocrx_word' id='word_1_269' title='bbox 1361 1633 1487 1675; x_wconf 83' lang='lat' dir='ltr'>sensus</span> <span class='ocrx_word' id='word_1_270' title='bbox 1517 1633 1679 1684; x_wconf 86' lang='lat' dir='ltr'>constet,</span> 
     </span>
     <span class='ocr_line' id='line_1_57' title="bbox 1023 1692 1679 1748; baseline -0.005 -14"><span class='ocrx_word' id='word_1_271' title='bbox 1023 1692 1226 1746; x_wconf 65' lang='lat' dir='ltr'>verb&#39;antflff</span> <span class='ocrx_word' id='word_1_272' title='bbox 1226 1693 1337 1748; x_wconf 80' lang='lat' dir='ltr'>forte</span> <span class='ocrx_word' id='word_1_273' title='bbox 1366 1715 1419 1724; x_wconf 88' lang='lat'>--</span> <span class='ocrx_word' id='word_1_274' title='bbox 1449 1692 1679 1746; x_wconf 85' lang='lat' dir='ltr'>Spargimus‚</span> 
     </span>
     <span class='ocr_line' id='line_1_58' title="bbox 1024 1745 1679 1803; baseline -0.006 -14"><span class='ocrx_word' id='word_1_275' title='bbox 1024 1748 1312 1803; x_wconf 57' lang='lat' dir='ltr'>transponenda</span> <span class='ocrx_word' id='word_1_276' title='bbox 1340 1745 1426 1787; x_wconf 85' lang='lat' dir='ltr'>sunt</span> <span class='ocrx_word' id='word_1_277' title='bbox 1458 1746 1540 1798; x_wconf 83' lang='lat' dir='ltr'>post</span> <span class='ocrx_word' id='word_1_278' title='bbox 1564 1746 1679 1786; x_wconf 77' lang='lat' dir='ltr'><strong>ver‘ba</strong></span> 
     </span>
     <span class='ocr_line' id='line_1_59' title="bbox 1023 1803 1680 1858; baseline -0.006 -14"><span class='ocrx_word' id='word_1_279' title='bbox 1023 1820 1125 1858; x_wconf 82' lang='lat' dir='ltr'>quae</span> <span class='ocrx_word' id='word_1_280' title='bbox 1144 1819 1234 1845; x_wconf 82' lang='lat' dir='ltr'>mox</span> <span class='ocrx_word' id='word_1_281' title='bbox 1253 1803 1482 1856; x_wconf 77' lang='lat' dir='ltr'>sequnntur,</span> <span class='ocrx_word' id='word_1_282' title='bbox 1512 1804 1680 1855; x_wconf 71' lang='lat' dir='ltr'>quamuis</span> 
     </span>
     <span class='ocr_line' id='line_1_60' title="bbox 1022 1857 1678 1915; baseline -0.008 -13"><span class='ocrx_word' id='word_1_283' title='bbox 1022 1862 1233 1915; x_wconf 80' lang='lat' dir='ltr'>Pamphilus</span> <span class='ocrx_word' id='word_1_284' title='bbox 1281 1858 1531 1913; x_wconf 71' lang='lat' dir='ltr'>respondeat).</span> <span class='ocrx_word' id='word_1_285' title='bbox 1600 1857 1678 1898; x_wconf 86' lang='lat' dir='ltr'>Sed</span> 
     </span>
     <span class='ocr_line' id='line_1_61' title="bbox 1023 1913 1679 1968; baseline -0.006 -13"><span class='ocrx_word' id='word_1_286' title='bbox 1023 1918 1220 1968; x_wconf 87' lang='lat' dir='ltr'>quomodo</span> <span class='ocrx_word' id='word_1_287' title='bbox 1239 1915 1338 1955; x_wconf 82' lang='lat' dir='ltr'>infra</span> <span class='ocrx_word' id='word_1_288' title='bbox 1354 1915 1464 1962; x_wconf 86' lang='lat' dir='ltr'>dicit,</span> <span class='ocrx_word' id='word_1_289' title='bbox 1495 1913 1599 1967; x_wconf 80' lang='lat' dir='ltr'>Qid</span> <span class='ocrx_word' id='word_1_290' title='bbox 1622 1927 1679 1952; x_wconf 86' lang='lat' dir='ltr'>re-</span> 
     </span>
     <span class='ocr_line' id='line_1_62' title="bbox 1013 1968 1678 2026; baseline -0.005 -14"><span class='ocrx_word' id='word_1_291' title='bbox 1013 1973 1091 2026; x_wconf 84' lang='lat' dir='ltr'>stat</span> <span class='ocrx_word' id='word_1_292' title='bbox 1104 1972 1242 2025; x_wconf 81' lang='lat' dir='ltr'>pater?</span> <span class='ocrx_word' id='word_1_293' title='bbox 1272 1986 1320 2010; x_wconf 84' lang='lat' dir='ltr'>an</span> <span class='ocrx_word' id='word_1_294' title='bbox 1341 1969 1450 2022; x_wconf 81' lang='lat' dir='ltr'><em>restat</em></span> <span class='ocrx_word' id='word_1_295' title='bbox 1464 1968 1565 2018; x_wconf 85' lang='lat' dir='ltr'>ideo,</span> <span class='ocrx_word' id='word_1_296' title='bbox 1585 1969 1678 2020; x_wconf 78' lang='lat' dir='ltr'>quia</span> 
     </span>
     <span class='ocr_line' id='line_1_63' title="bbox 1021 2025 1677 2078; baseline -0.005 -10"><span class='ocrx_word' id='word_1_297' title='bbox 1021 2028 1118 2068; x_wconf 80' lang='lat' dir='ltr'><strong>haec</strong></span> <span class='ocrx_word' id='word_1_298' title='bbox 1147 2029 1222 2067; x_wconf 81' lang='lat' dir='ltr'>iam</span> <span class='ocrx_word' id='word_1_299' title='bbox 1250 2027 1370 2066; x_wconf 85' lang='lat' dir='ltr'>maior</span> <span class='ocrx_word' id='word_1_300' title='bbox 1397 2038 1483 2078; x_wconf 81' lang='lat' dir='ltr'><strong>pars</strong></span> <span class='ocrx_word' id='word_1_301' title='bbox 1503 2025 1677 2065; x_wconf 81' lang='lat' dir='ltr'>reconci-</span> 
     </span>
     <span class='ocr_line' id='line_1_64' title="bbox 1019 2080 1674 2135; baseline -0.006 -11"><span class='ocrx_word' id='word_1_302' title='bbox 1019 2085 1185 2126; x_wconf 83' lang='lat' dir='ltr'>liationis</span> <span class='ocrx_word' id='word_1_303' title='bbox 1203 2081 1288 2124; x_wconf 67' lang='lat' dir='ltr'>est?</span> <span class='ocrx_word' id='word_1_304' title='bbox 1320 2083 1403 2122; x_wconf 86' lang='lat' dir='ltr'>Nae</span> <span class='ocrx_word' id='word_1_305' title='bbox 1419 2080 1540 2135; x_wconf 85' lang='lat' dir='ltr'>istam]</span> <span class='ocrx_word' id='word_1_306' title='bbox 1576 2081 1674 2130; x_wconf 79' lang='lat' dir='ltr'><em>Nae,</em></span> 
     </span>
     <span class='ocr_line' id='line_1_65' title="bbox 1020 2137 1670 2188; baseline -0.006 -9"><span class='ocrx_word' id='word_1_307' title='bbox 1020 2141 1148 2180; x_wconf 88' lang='lat' dir='ltr'>nimis.</span> <span class='ocrx_word' id='word_1_308' title='bbox 1188 2140 1331 2187; x_wconf 73' lang='lat' dir='ltr'>Cicero</span> <span class='ocrx_word' id='word_1_309' title='bbox 1360 2137 1487 2188; x_wconf 87' lang='lat' dir='ltr'>(Catil.</span> <span class='ocrx_word' id='word_1_310' title='bbox 1508 2150 1570 2184; x_wconf 79' lang='grc' dir='ltr'>Π,</span> <span class='ocrx_word' id='word_1_311' title='bbox 1599 2138 1670 2188; x_wconf 71' lang='grc'>3.),</span> 
     </span>
     <span class='ocr_line' id='line_1_66' title="bbox 1024 2193 1677 2248; baseline -0.008 -13"><span class='ocrx_word' id='word_1_312' title='bbox 1024 2197 1108 2235; x_wconf 82' lang='lat' dir='ltr'>Nae</span> <span class='ocrx_word' id='word_1_313' title='bbox 1128 2195 1188 2248; x_wconf 85' lang='lat' dir='ltr'>isti</span> <span class='ocrx_word' id='word_1_314' title='bbox 1197 2194 1422 2234; x_wconf 75' lang='lat' dir='ltr'>vehementer</span> <span class='ocrx_word' id='word_1_315' title='bbox 1431 2205 1567 2232; x_wconf 81' lang='lat' dir='ltr'>errant.</span> <span class='ocrx_word' id='word_1_316' title='bbox 1597 2193 1677 2232; x_wconf 86' lang='lat' dir='ltr'>Sal-</span> 
     </span>
     <span class='ocr_line' id='line_1_67' title="bbox 1020 2247 1675 2304; baseline -0.006 -14"><span class='ocrx_word' id='word_1_317' title='bbox 1020 2252 1146 2291; x_wconf 84' lang='lat' dir='ltr'>lustius</span> <span class='ocrx_word' id='word_1_318' title='bbox 1171 2253 1228 2304; x_wconf 75' lang='lat'><em>(13.</em></span> <span class='ocrx_word' id='word_1_319' title='bbox 1260 2252 1342 2292; x_wconf 76' lang='lat' dir='ltr'>Cat.</span> <span class='ocrx_word' id='word_1_320' title='bbox 1374 2251 1467 2301; x_wconf 72' lang='lat'>52),</span> <span class='ocrx_word' id='word_1_321' title='bbox 1501 2248 1586 2286; x_wconf 78' lang='lat' dir='ltr'>Nae</span> <span class='ocrx_word' id='word_1_322' title='bbox 1607 2247 1675 2301; x_wconf 79' lang='lat' dir='ltr'>ista</span> 
     </span>
     <span class='ocr_line' id='line_1_68' title="bbox 1019 2303 1676 2357; baseline -0.011 -9"><span class='ocrx_word' id='word_1_323' title='bbox 1019 2308 1126 2348; x_wconf 85' lang='lat' dir='ltr'>nobis</span> <span class='ocrx_word' id='word_1_324' title='bbox 1153 2306 1392 2357; x_wconf 73' lang='lat' dir='ltr'>mansitetudo</span> <span class='ocrx_word' id='word_1_325' title='bbox 1417 2318 1452 2344; x_wconf 79' lang='lat' dir='ltr'>et</span> <span class='ocrx_word' id='word_1_326' title='bbox 1470 2303 1676 2353; x_wconf 69' lang='lat' dir='ltr'>miſsericor-</span> 
     </span>
     <span class='ocr_line' id='line_1_69' title="bbox 1019 2360 1675 2416; baseline -0.011 -12"><span class='ocrx_word' id='word_1_327' title='bbox 1019 2365 1095 2405; x_wconf 73' lang='lat' dir='ltr'>dia.</span> <span class='ocrx_word' id='word_1_328' title='bbox 1153 2360 1320 2408; x_wconf 68' lang='lat' dir='ltr'>Gaudeo]</span> <span class='ocrx_word' id='word_1_329' title='bbox 1366 2361 1566 2416; x_wconf 78' lang='lat' dir='ltr'>gandemus</span> <span class='ocrx_word' id='word_1_330' title='bbox 1605 2373 1675 2398; x_wconf 88' lang='lat' dir='ltr'>no-</span> 
     </span>
     <span class='ocr_line' id='line_1_70' title="bbox 1018 2416 1675 2474; baseline -0.011 -13"><span class='ocrx_word' id='word_1_331' title='bbox 1018 2421 1122 2461; x_wconf 87' lang='lat' dir='ltr'>stris:</span> <span class='ocrx_word' id='word_1_332' title='bbox 1153 2418 1391 2474; x_wconf 83' lang='lat' dir='ltr'>gratulamur</span> <span class='ocrx_word' id='word_1_333' title='bbox 1413 2416 1562 2456; x_wconf 68' lang='lat' dir='ltr'>alienis.</span> <span class='ocrx_word' id='word_1_334' title='bbox 1620 2416 1675 2455; x_wconf 91' lang='lat' dir='ltr'>Vt</span> 
     </span>
     <span class='ocr_line' id='line_1_71' title="bbox 1018 2474 1674 2526; baseline -0.011 -10"><span class='ocrx_word' id='word_1_335' title='bbox 1018 2475 1220 2523; x_wconf 78' lang='lat' dir='ltr'>Sallustius,</span> <span class='ocrx_word' id='word_1_336' title='bbox 1240 2474 1343 2514; x_wconf 71' lang='lat' dir='ltr'>Et&#39;ei</span> <span class='ocrx_word' id='word_1_337' title='bbox 1363 2485 1450 2511; x_wconf 84' lang='lat' dir='ltr'>voce</span> <span class='ocrx_word' id='word_1_338' title='bbox 1469 2483 1674 2526; x_wconf 80' lang='lat' dir='ltr'>magnave-</span> 
     </span>
     <span class='ocr_line' id='line_1_72' title="bbox 1017 2527 1674 2585; baseline -0.009 -15"><span class='ocrx_word' id='word_1_339' title='bbox 1017 2532 1199 2570; x_wconf 79' lang='lat' dir='ltr'>hementer</span> <span class='ocrx_word' id='word_1_340' title='bbox 1208 2528 1510 2585; x_wconf 80' lang='lat' dir='ltr'>gratulabantur.</span> <span class='ocrx_word' id='word_1_341' title='bbox 1543 2527 1674 2575; x_wconf 84' lang='lat' dir='ltr'><em>Credo,</em></span> 
     </span>
    </p>
   </div>
   <div class='ocr_carea' id='block_1_10' title="bbox 308 2583 1675 2699">
    <p class='ocr_par' dir='ltr' id='par_1_15' title="bbox 308 2583 1675 2699">
     <span class='ocr_line' id='line_1_73' title="bbox 308 2583 1675 2644; baseline -0.007 -15"><span class='ocrx_word' id='word_1_342' title='bbox 308 2602 405 2630; x_wconf 86' lang='lat' dir='ltr'>num</span> <span class='ocrx_word' id='word_1_343' title='bbox 425 2589 529 2640; x_wconf 80' lang='lat' dir='ltr'>quod</span> <span class='ocrx_word' id='word_1_344' title='bbox 541 2590 645 2637; x_wconf 73' lang='lat' dir='ltr'>dixit,</span> <span class='ocrx_word' id='word_1_345' title='bbox 664 2590 812 2644; x_wconf 78' lang='lat' dir='ltr'>gaudio.</span> <span class='ocrx_word' id='word_1_346' title='bbox 830 2585 966 2639; x_wconf 85' lang='lat' dir='ltr'>ipsum·</span> <span class='ocrx_word' id='word_1_347' title='bbox 1009 2594 1135 2642; x_wconf 82' lang='lat' dir='ltr'><em>pater]</em></span> <span class='ocrx_word' id='word_1_348' title='bbox 1164 2590 1361 2626; x_wconf 80' lang='lat' dir='ltr'>Incertum</span> <span class='ocrx_word' id='word_1_349' title='bbox 1370 2596 1503 2631; x_wconf 67' lang='lat' dir='ltr'>Vtrum,</span> <span class='ocrx_word' id='word_1_350' title='bbox 1516 2583 1577 2621; x_wconf 80' lang='lat' dir='ltr'>cui</span> <span class='ocrx_word' id='word_1_351' title='bbox 1590 2596 1675 2635; x_wconf 82' lang='lat' dir='ltr'>gra-</span> 
     </span>
     <span class='ocr_line' id='line_1_74' title="bbox 311 2640 1673 2699; baseline -0.008 -13"><span class='ocrx_word' id='word_1_352' title='bbox 311 2655 389 2699; x_wconf 84' lang='lat' dir='ltr'>que</span> <span class='ocrx_word' id='word_1_353' title='bbox 416 2656 538 2686; x_wconf 88' lang='lat' dir='ltr'>totum</span> <span class='ocrx_word' id='word_1_354' title='bbox 564 2643 778 2699; x_wconf 82' lang='lat' dir='ltr'>supposuit:</span> <span class='ocrx_word' id='word_1_355' title='bbox 817 2644 966 2686; x_wconf 82' lang='lat' dir='ltr'>Miran-</span> <span class='ocrx_word' id='word_1_356' title='bbox 1015 2644 1167 2695; x_wconf 83' lang='lat' dir='ltr'>tulatur,</span> <span class='ocrx_word' id='word_1_357' title='bbox 1189 2643 1294 2686; x_wconf 88' lang='lat' dir='ltr'>Simo</span> <span class='ocrx_word' id='word_1_358' title='bbox 1312 2641 1366 2692; x_wconf 63' lang='lat' dir='ltr'>{it²</span> <span class='ocrx_word' id='word_1_359' title='bbox 1381 2640 1555 2694; x_wconf 85' lang='lat' dir='ltr'>quamuis</span> <span class='ocrx_word' id='word_1_360' title='bbox 1568 2641 1673 2677; x_wconf 84' lang='lat' dir='ltr'>Pam-</span> 
     </span>
    </p>
   </div>
   <div class='ocr_carea' id='block_1_11' title="bbox 1545 2693 1671 2748">
    <p class='ocr_par' dir='ltr' id='par_1_16' title="bbox 1545 2693 1671 2748">
     <span class='ocr_line' id='line_1_75' title="bbox 1545 2693 1671 2748; baseline 0 -15"><span class='ocrx_word' id='word_1_361' title='bbox 1545 2693 1671 2748; x_wconf 73' lang='lat' dir='ltr'>philus</span> 
     </span>
    </p>
   </div>
   <div class='ocr_carea' id='block_1_12' title="bbox 1795 295 1808 1039">
    <p class='ocr_par' dir='ltr' id='par_1_17' title="bbox 1795 295 1808 1039">
     <span class='ocr_line' id='line_1_76' title="bbox 1795 295 1808 1039; baseline 0 0"><span class='ocrx_word' id='word_1_362' title='bbox 1795 295 1808 1039; x_wconf 95' lang='lat' dir='ltr'> </span> 
     </span>
    </p>
   </div>
  </div>
 </body>
</html>
