1815 3168
298 133 479 162 ‚ui-vm
701 119 873 170 DAN.
906 112 1266 170 ΗΕῙΝεινς·

304 247 382 276 tem
405 235 630 289 scripturae,
662 240 751 291 quia
771 241 855 292 plus
874 241 1129 291 confufionis,
1163 257 1280 296 quam
1302 244 1396 287 lucis
1421 247 1563 289 habere
1591 248 1670 291 visa

306 292 379 340 est,
410 291 528 334 sciens
551 294 666 334 omifi.
725 299 901 336 Innuunt
921 309 961 337 et
980 299 1135 352 Prologi
1156 301 1310 351 quidam
1331 305 1368 342 in
1397 306 1554 356 reliquis
1581 306 1679 346 dua-¹

303 348 374 386 bus
386 350 668 400 Apollodorum
681 351 945 393 Corinthium.
970 353 1199 396 Vendidiffe
1210 370 1300 396 eum
1311 360 1540 400 Eunuchum
1552 359 1666 410 suam,

305 404 409 444 sama
430 405 503 450 est,
533 407 673 460 viginti
690 407 863 446 millibus
881 422 1108 449 nummum:
1137 412 1242 462 quod
1269 416 1439 465 pretium
1464 416 1670 457 ante‘eum
1698 462 1701 465 ,

305 462 435 500 nullus
461 473 672 514 acceperat.
728 463 792 503 Ad
821 461 1033 512 summum,
1063 463 1130 505 suo
1159 480 1307 520 genere
1326 473 1670 523 poetandigtantu's

306 520 376 556 Vir
403 517 496 564 suit,
527 531 565 557 rt
585 519 846 570 Hieronymus
873 521 978 559 inter
994 532 1157 572 quatuor
1175 527 1387 576 Poetarum,
1409 527 1506 568 duos
1528 528 1669 569 scilicet

306 575 560 622 Graecorum,
592 586 630 612 et
648 575 813 613 totidem
833 576 1057 617 Latinorum
1075 576 1191 618 duces
1219 592 1396 632 quartum
1422 582 1526 623 hunc
1543 586 1670 625 nomi-

307 643 404 668 nare
438 645 517 669 non
545 630 709 670 dubitet,
740 629 816 669 hoc
844 631 1003 680 ordine,
1038 634 1276 685 Homerum,
1316 636 1546 692 Virgilium,
1582 644 1668 682 Me-

306 687 517 733 nandrum,
556 687 808 737 sl'erentium:
841 701 955 739 quam
988 687 1056 728 fibi
1085 691 1360 732 excellentiam
1379 690 1458 734 non
1474 694 1545 736 stili
1567 699 1671 738 attri-

304 740 385 779 buit
421 742 718 793 altitudo,‘qua
747 757 770 782 a
804 744 933 783 multis
969 758 1051 784 non
1080 745 1201 787 dubie
1241 759 1281 788 et
1308 750 1533 792 Menander
1563 748 1668 806 apud

305 795 393 836 suos
420 798 606 840 vincitur,
637 809 676 838 et
702 801 912 840 Terentius
942 800 1047 852 apud
1071 800 1237 853 nostros,
1268 815 1306 844 et
1326 819 1426 856 quae
1445 808 1486 845 in
1503 809 1672 850 Comoe-

305 853 378 891 diis
410 867 490 892 non
521 853 639 893 modo
666 867 749 893 non
778 852 1008 905 necefl‘aria‚
1044 853 1109 896 sed
1137 855 1369 913 plerumque
1396 863 1512 916 etiam
1539 864 1675 906 vitiosa

303 909 370 949 est.
427 909 534 960 Quid
558 923 652 963 ergo
674 909 928 952 humanorum
948 911 1099 952 morum
1121 917 1251 955 emila
1269 918 1410 957 notitia
1428 930 1467 957 et
1477 919 1573 959 ordo
1585 923 1672 965 nar*—

304 965 463 1005 rationis
493 965 540 1004 ab
567 963 649 1017 ipso
667 967 867 1008 Cicerone
890 968 1083 1017 laudatur,
1120 968 1161 1010 e‘t
1188 969 1260 1010 stili
1289 973 1509 1014 iucunditas
1528 982 1570 1015 ac
1590 976 1674 1030 gra'-

303 1022 380 1060 tia?
409 1022 486 1062 Sed
511 1019 627 1074 super
653 1022 808 1077 omnia,
845 1035 885 1064 vt
911 1022 1138 1076 quibusdam
1172 1028 1321 1081 placet,
1351 1027 1429 1070 sola
1454 1034 1672 1085 proprietas

302 1076 400 1116 haec
419 1076 529 1124 sacit;
555 1086 597 1116 'vt
616 1076 726 1119 enirn
744 1076 874 1131 primo
885 1080 1077 1122 Aeneidis
1096 1095 1320 1124 commento
1339 1087 1392 1124 ait
1411 1088 1583 1139 Seruius‚{
1604 1087 1671 1129 sci·

303 1132 451 1172 endum
478 1134 557 1177 est.
586 1136 818 1175 Terentium
852 1148 1009 1189 propter
1038 1135 1156 1178 solam
1183 1139 1458 1192 proprietatem
1485 1144 1670 1186 omnibus

304 1190 480 1231 Comicis
511 1186 850 1241 effe'praelatum:
881 1192 1023 1244 quibus
1051 1193 1124 1241 est,
1156 1194 1342 1247 quantuni
1362 1195 1503 1251 speclat
1521 1200 1569 1239 ad
1590 1215 1672 1241 cae·

304 1255 405 1292 tera,
433 1245 612 1285 inferior.
671 1247 793 1299 Quod
821 1248 1000 1288 vltimum
1031 1251 1234 1302 omnibus,
1265 1266 1358 1305 quos
1387 1255 1519 1308 legere
1548 1257 1670 1307 potui¹

302 1302 686 1343 Commentatoribus
723 1302 914 1351 exc‘uffis,'
937 1306 1064 1346 Seruii
1102 1305 1329 1359 salua’pace
1366 1323 1448 1349 non
1484 1310 1673 1364 approbo.

305 1359 413 1397 Haec
435 1359 495 1396 vel
515 1357 562 1396 ad
580 1360 759 1398 notitiam
777 1359 1012 1412 habendam,
1042 1361 1105 1401 vel
1121 1362 1171 1403 ad
1191 1376 1360 1415 errorem
1379 1365 1673 1422 declinandum,
1702 1394 1706 1396 -

305 1411 478 1465 breuiter
496 1413 548 1452 de
566 1411 759 1454 Terentio
784 1415 885 1455 dicia
902 1413 1042 1456 summ
1249 1417 1253 1419 “
1663 1424 1665 1427 ’

590 1574 592 1577 -
627 1512 1016 1602 ΒΑΝῙΕι-ις
1052 1528 1347 1605 H'Ei'nsn

310 1659 384 1688 AD
438 1659 740 1693 ΗΟῘΞΛ-ΤῙῙ
802 1663 1215 1712 DE-PLAVTO
1281 1670 1359 1698 ΕΤ
1413 1671 1671 1702 TEREN-

644 1738 838 1767 ,“ΤῙΟ
894 1739 1265 1772 IVDICIVM.

875 1843 1111 1888 Differtatio.

471 1918 526 1958 At
546 1916 660 1968 nostri
669 1920 809 1971 proaui
829 1918 1027 1973 Plautinor
1044 1933 1080 1959 et
1098 1918 1267 1963 numeros
1282 1935 1320 1963 et
1423 1975 1425 1977 Ι

470 1967 694 2023 Laudauere
705 1973 830 2024 fidem
856 1977 1012 2015 nimium
1026 1974 1218 2029 patienter
1234 1982 1446 2036 vtrumque‚

474 2027 539 2068 Ne
560 2031 677 2068 dicam
685 2029 819 2080 stulte,
847 2032 1001 2086 myiralti:
1020 2031 1062 2085 st
1075 2031 1183 2072 modo
1202 2048 1267 2089 ego
1288 2049 1324 2075 et
1340 2051 1408 2078 vos

472 2083 615 2124 Scimus
631 2086 857 2139 inurbanum
876 2088 997 2140 lepido
1004 2088 1184 2141 fi’ponere
1201 2092 1310 2140 dictio,

473 2139 920 2198 Legitimumquesbnum
937 2144 1070 2201 digitis
1089 2144 1254 2186 callemus
1273 2161 1311 2188 et
1325 2161 1426 2189 aure.

302 2269 504 2365 Durum
524 2273 709 2325 equidem
728 2274 914 2315 iudicium
926 2305 936 2324 ‚
965 2286 1007 2317 et
1020 2277 1127 2329 quod
1147 2290 1231 2317 non
1248 2292 1368 2318 nemo
1387 2280 1460 2320 hac
1474 2291 1598 2322 aetate
1615 2282 1668 2324 de

420 2329 599 2381 leporum
620 2333 801 2371 omnium
827 2343 1001 2384 parente,
1021 2331 1168 2377 summo
1188 2336 1330 2383 Critico
1348 2349 1391 2375 ac
1409 2339 1578 2378 maximo
1597 2343 1669 2380 Po-

304 2395 366 2423 eta
391 2383 573 2424 excidiffe
600 2388 743 2427 nollet:
776 2389 882 2427 cuius
903 2399 1034 2428 tamen
1063 2403 1209 2429 vernae
1223 2392 1363 2441 melius
1392 2393 1441 2432 de
1458 2394 1590 2433 Plauto
1611 2396 1667 2435 iu·

303 2439 503 2489 dicabant,
535 2455 650 2493 quam
671 2444 737 2495 qui
754 2457 863 2483 nunc
881 2444 1065 2496 familiam
1093 2447 1134 2485 in
1157 2447 1291 2486 litteris
1318 2450 1417 2488 tueri
1446 2449 1516 2488 hac
1537 2462 1667 2492 aetate

303 2496 523 2536 creduntur.
555 2501 621 2548 qui
641 2513 715 2539 nec
735 2497 872 2548 seculi,
904 2515 981 2552 quo
999 2502 1110 2550 vixit,
1141 2514 1180 2541 et
1199 2516 1294 2553 quo,
1326 2517 1412 2544 cum
1432 2506 1567 2555 Poefis,
1587 2520 1666 2548 tam

302 2553 438 2593 Latina
466 2553 623 2605 lingua,
655 2555 701 2594 ad
732 2553 949 2607 supremum
975 2559 1130 2598 culmen
1149 2572 1191 2598 ac
1208 2557 1400 2612 fastigium
1422 2564 1554 2601 euecta
1580 2563 1668 2616 fuit,

306 2609 489 2662 ignorare
510 2612 636 2663 potuit
662 2611 870 2664 iudicium5
899 2614 955 2656 vir
975 2625 1123 2664 tantus,
1152 2625 1191 2656 et
1217 2616 1324 2668 quod
1353 2618 1410 2657 rei
1437 2630 1549 2671 caput
1566 2619 1664 2659 arbi-

1574 2686 1661 2726 tror,
