1815 3168
319 196 446 228 xxxiv
705 167 1287 233 TERENTILVITA.

326 302 435 344 modi
461 298 599 339 modos
618 292 830 340 faciebant,
858 301 1004 329 nornen
1025 287 1066 325 in
1088 283 1283 347 principio
1303 280 1456 321 fabulae
1474 291 1513 318 et
1534 276 1686 328 scripto-

327 361 377 400 ris
399 369 439 398 et
457 356 591 395 asturis
612 348 939 402 superponebant.
995 339 1222 382 Huiusmodi
1241 338 1338 378 adeo
1369 337 1537 376 carmina
1568 334 1614 373 ad
1644 333 1687 371 ti·

330 417 411 456 bias
440 412 606 456 fiebant,
635 418 672 446 vt
699 405 757 444 bis
787 402 949 446 auditis,
981 397 1090 448 multi
1123 409 1170 435 ex
1202 395 1346 446 populo
1375 404 1466 432 ante
1486 389 1687 438 discerent,

330 484 444 525 quam
473 467 644 508 fabulam
672 461 788 501 aem-i
817 457 956 498 scenici
983 451 1125 498 efflent,
1159 463 1274 502 quam
1291 450 1450 488 omnino
1473 446 1691 500 speciatori-

330 530 400 568 bus
420 524 503 578 iplis
524 518 760 561 antecedens
773 515 903 554 titulus
922 508 1258 564 promtnciaretur.
1272 534 1288 559 χ
1311 504 1543 557 Agebantur
1561 512 1691 541 autem

331 583 433 625 tibiis
454 579 607 633 paribus
625 585 688 614 aut
709 570 939 622 imparibus,
968 578 1006 606 et
1031 564 1173 603 dextris
1211 571 1274 600 aut
1304 559 1469 600 linistris.
1525 562 1695 599 Dextrae

334 652 463 682 autem
498 634 615 674 tibiae
640 628 701 669 sua
729 628 919 680 grauitate
945 620 1078 662 seriam
1099 617 1345 660 Comoediae
1371 615 1581 654 diftionem
1604 627 1694 665 pro-

334 692 586 737 nunciabant.
643 683 824 726 sinistrae
848 692 885 720 et
910 677 1086 718 set-ranae
1105 674 1294 714 acuminis
1318 673 1476 711 leuitate
1504 671 1630 708 iocum
1651 669 1692 707 in

332 747 556 795 Comoedia
572 739 839 782 ostendebant,
894 735 973 776 Vbi
1003 744 1132 772 autem
1163 730 1295 769 dextra
1322 739 1361 766 et
1381 726 1519 766 linistra
1547 726 1626 764 acta
1644 724 1697 764 sa·

333 808 426 848 bula
445 799 734 846 inscribebatur,
759 793 902 834 mistim
918 791 990 830 ioci
1012 799 1049 829 et
1068 788 1272 842 grauitates
1291 782 1637 824 denunciabantur.

585 936 748 991 PVB.
808 924 1197 982 TERENTlI
1251 922 1441 974 VITA

342 1056 496 1098 QVAM
550 1054 574 1081 ε
626 1047 827 1079 comer:
877 1043 962 1071 Ms.
999 1027 1319 1070 »οκὸκιεκει
1367 1031 1696 1066 Dsssctursu·

747 1123 878 1163 ABR.
908 1117 1291 1160 GRONovlvs.

321 1244 583 1359 ¹(lomicus
605 1272 754 1315 genere
773 1258 935 1311 quidem
963 1256 1105 1296 exstitit
1122 1253 1241 1305 Afer,
1268 1255 1363 1294 ciuis
1390 1266 1482 1294 vero
1503 1251 1706 1304 Carthagi-

466 1319 628 1360 nienlis:
656 1316 841 1369 Scipione
860 1319 989 1352 autem
1010 1323 1214 1352 remeante
1239 1312 1383 1349 victore
1401 1308 1638 1359 Carthagine
1659 1305 1707 1345 ad

343 1382 480 1423 vrbem
507 1380 666 1417 Romam
686 1372 774 1424 ¹post
801 1367 1117 1409 interfectionem
1144 1366 1396 1412 Hannibalis,
1427 1364 1496 1402 iste
1524 1364 1588 1414 qui
1617 1375 1707 1401 cum

346 1439 431 1479 aliis
456 1433 586 1473 multis
611 1425 992 1479 Carthaginienlibus
1019 1420 1324 1474 comprehensus
1343 1419 1479 1466 fuerat,
1507 1429 1600 1457 ante
1627 1432 1708 1457 cur-

347 1507 433 1534 rum
460 1486 652 1539 Scipionis
681 1483 807 1537 ligatis
838 1492 939 1519 retro
967 1479 1144 1518 manibus
1170 1479 1337 1517 minatus
1359 1476 1432 1525 est,
1468 1486 1508 1514 vt
1525 1475 1710 1526 captiuus,

347 1548 413 1590 sed
445 1557 596 1583 currum
620 1541 720 1580 illius
749 1539 913 1591 pileatus
941 1534 1193 1588 prosequutus
1229 1534 1285 1573 est
1320 1534 1362 1572 in
1404 1530 1556 1581 vrbem,
1601 1529 1708 1582 quod

350 1616 430 1645 erat
449 1604 490 1640 in
507 1600 658 1652 signum
675 1595 872 1635 libertatis.
930 1596 1028 1633 Nam
1051 1593 1278 1643 quicunque
1296 1589 1535 1640 captiuorum
1556 1601 1578 1625 a
1595 1587 1710 1624 vicio-

350 1676 395 1701 γε
421 1658 600 1698 libertate
627 1654 834 1704 potiretur,
865 1649 1011 1701 pileum
1041 1650 1079 1686 in
1109 1649 1234 1698 capite
1260 1645 1410 1684 habens
1436 1656 1587 1682 currum
1609 1643 1710 1680 illius

351 1711 678 1770 prosequebatur3
706 1717 744 1746 vt
770 1706 875 1745 enim
907 1720 928 1743 a
955 1705 1139 1755 Scipione
1168 1703 1320 1755 agnitus
1350 1700 1403 1739 est
1421 1699 1573 1738 liberali
1597 1700 1715 1752 inge-

351 1775 441 1820 nio,
469 1766 655 1820 sapientia
672 1764 832 1810 florere,
860 1762 901 1799 in
922 1771 1028 1798 tanto
1048 1760 1215 1803 honore,
1240 1769 1343 1796 tanta
1361 1757 1481 1809 gratia
1501 1754 1603 1806 apud
1622 1767 1716 1799 eum

352 1828 503 1868 habitus
525 1823 598 1870 est,
632 1816 852 1872 praesertim
875 1829 960 1855 cum
978 1815 1111 1854 liberis
1132 1813 1373 1868 genitoribus
1401 1823 1505 1850 ortus
1535 1807 1649 1858 effer,
1677 1820 1716 1849 vt

341 1886 392 1925 rei
412 1881 579 1922 eandem
597 1877 814 1916 libertatem
837 1872 1091 1920 concederet,
1123 1883 1238 1922 atque
1257 1871 1357 1908 inter
1374 1867 1602 1907 domesticos
1630 1864 1716 1905 suos

354 1939 598 1994 praecipuam
619 1932 916 1978 familiaritatem
935 1929 971 1967 ei
991 1929 1168 1967 donaret.
1226 1931 1370 1967 Romae
1386 1936 1515 1963 autem
1528 1922 1620 1961 dum
1633 1935 1714 1961 mo-

326 1992 515 2041 strarerur,
545 2001 583 2030 et
603 1988 753 2027 videret
774 1985 1002 2036 frequenter
1027 1984 1217 2037 populum
1238 1984 1279 2020 in
1297 1980 1484 2021 theatrum
1505 1978 1553 2018 ad
1580 1976 1721 2028 specta-

356 2053 486 2096 culum
513 2046 752 2090 conuenire3
780 2056 826 2085 ea
845 2041 997 2080 ratione
1016 2053 1131 2092 atque
1151 2040 1372 2078 intentione
1390 2033 1540 2075 exorsus
1565 2034 1620 2073 est
1639 2036 1719 2075 Co-

355 2107 550 2148 moediam
574 2100 756 2146 scribere,
787 2109 826 2136 vt
857 2098 1000 2149 populo
1028 2097 1295 2136 recitationem
1324 2092 1539 2133 fabularum
1567 2088 1718 2130 suarum

357 2163 574 2204 conferret,
605 2157 754 2207 sibique
781 2167 871 2193 eum
897 2154 1142 2192 conciliaret:
1177 2150 1238 2190 sed
1265 2164 1383 2202 quum
1410 2145 1622 2198 coepissent
1651 2148 1717 2185 fa·

360 2221 473 2262 bulae
502 2218 583 2254 eius
611 2212 781 2257 recitari,
823 2211 947 2263 longe
976 2210 1088 2252 aliter
1117 2206 1237 2247 visum
1267 2206 1341 2254 est,
1375 2219 1489 2256 quam
1523 2199 1716 2255 sperasset,

361 2277 452 2328 quia
469 2273 610 2312 multos
627 2268 801 2308 aemulos
820 2278 979 2319 propter
998 2266 1070 2304 hoc
1093 2275 1224 2304 contra
1251 2261 1288 2302 se
1309 2262 1512 2305 excitauit,
1544 2259 1611 2310 qui
1634 2259 1717 2296 eius

361 2333 460 2372 dieta
479 2323 833 2380 reprehendebant.
895 2322 1048 2374 Scri'pfit
1069 2333 1197 2360 autem
1219 2318 1443 2357 nitidiffimo
1470 2315 1553 2355 stilo
1572 2312 1636 2353 sex
1656 2317 1720 2353 Fa-

352 2387 495 2435 bulas,
533 2397 581 2422 ex
621 2392 851 2431 vnaquaque
878 2391 997 2418 vnum
1025 2377 1164 2416 librum
1194 2375 1476 2420 determinans;
1507 2384 1601 2423 quas
1629 2371 1721 2409 licet

351 2442 471 2497 ⁴multi
491 2449 660 2493 negent,
686 2437 951 2484 mentiuntur,
981 2435 1075 2474 teste
1094 2430 1304 2478 prisciano,
1332 2431 1397 2482 qui
1415 2429 1466 2468 de
1486 2427 1620 2467 Meti-is
1640 2430 1723 2466 Te-

361 2498 548 2540 rentianis
573 2495 762 2545 loquitur,
797 2503 837 2531 et
861 2488 1016 2543 insuper
1045 2491 1086 2528 in
1109 2490 1207 2528 libro
1227 2486 1508 2538 Grammaticae
1536 2482 1647 2534 saepe
1668 2482 1723 2521 di-

361 2557 430 2604 cit,
461 2554 567 2592 cuius
587 2561 737 2603 genere
756 2549 869 2587 metri
897 2547 1043 2586 constat
1056 2545 1308 2596 exemplum,
1340 2541 1447 2593 quod
1475 2540 1614 2592 ponit3
1644 2550 1721 2577 nec

360 2626 441 2652 non
460 2610 575 2648 etiam
595 2605 688 2646 teste
706 2604 890 2655 Ruphino
909 2605 949 2641 in
982 2616 1029 2642 eo
1048 2602 1167 2647 libro,
1199 2613 1316 2651 quem
1338 2598 1388 2637 de
1405 2597 1542 2637 Mettis
1561 2592 1722 2645 scriplit:

360 2665 441 2722 ipse
462 2676 618 2718 quoque
636 2659 892 2700 nihilominus
915 2660 956 2698 in
975 2659 1148 2712 Prologis
1169 2655 1206 2697 se
1222 2660 1379 2697 Poetam
1403 2664 1520 2694 vocat.
1572 2654 1724 2744 Origines

461 2742 464 2746 ·
619 2735 621 2738 ·
1320 2725 1326 2729 ·
1563 2721 1630 2759 qut
1661 2719 1726 2745 em
