1815 3168
334 88 401 134 72-

471 201 592 250 Proh
615 201 761 258 deum,
798 217 926 271 atque
957 207 1190 257 hominum
1211 204 1365 258 fidem!

472 273 660 325 Nullon’
691 297 775 341 ego
798 283 1040 330 Chremetis
1064 282 1196 349 pasto
1227 282 1480 333 affinitatem
1507 281 1703 348 effugere

571 351 763 418 potero?

475 431 601 483 Quot
624 431 765 476 modis
791 441 1062 487 contemtus,
1096 433 1297 499 spretus?
1333 433 1468 490 fasta,
1500 434 1707 485 transasta

574 507 737 550 omnia.
765 503 895 555 hem!

470 579 741 644 Repudiatus
773 590 966 645 repeton.
1012 584 1337 648 quamobrem?
1374 583 1454 633 nisi
1486 584 1517 633 fi
1551 586 1597 634 id
1632 585 1704 642 est,

575 655 695 716 quod
719 654 905 719 suspicor
920 677 930 703 z

378 744 436 792 15
471 728 653 792 Aliquid
699 728 880 778 monstri
911 732 1054 780 alunt:
1106 750 1153 782 ea
1185 738 1396 800 quoniam
1429 739 1598 791 nemini
1630 737 1706 786 ob·

571 804 689 852 trudi
712 804 869 870 potest,

336 1016 414 1046 tur:
441 1004 596 1059 Irfilix,
621 1009 682 1048 cui
701 1009 857 1061 placens
877 1025 997 1066 nega·

337 1073 406 1101 tur.
466 1066 546 1102 Aut
583 1066 763 1116 inselt'cem
796 1080 998 1122 quenquam

336 1131 382 1157 vt
392 1132 457 1173 ego
466 1119 568 1172 stam]
587 1120 700 1160 Adeo
709 1119 747 1161 se
756 1121 935 1164 miserum
945 1124 998 1164 di·

337 1175 402 1222 cit,
427 1175 532 1226 quod
550 1174 617 1215 libi
637 1178 843 1230 repudiare
860 1194 944 1219 non
955 1181 997 1220 li-

335 1237 401 1268 cet
410 1244 422 1277 ς
449 1242 487 1270 vt
514 1243 675 1283 propter
700 1232 744 1273 -se
775 1235 904 1275 doleat
928 1235 996 1275 hu-

333 1297 496 1326 manum
523 1300 669 1340 genus,
702 1290 744 1328 in
775 1303 850 1340 quo
871 1291 912 1330 fit
929 1292 996 1329 ali-

336 1342 422 1393 quis
451 1353 527 1382 tam
552 1340 674 1382 mIser.
722 1345 861 1398 Virgil.
896 1347 995 1397 (Ecl.

333 1408 399 1445 xx,
446 1400 530 1450 17.)
581 1399 667 1437 Heu
693 1401 793 1439 cadit
824 1405 864 1440 in
890 1413 998 1455 quen-

334 1464 448 1506 quam
483 1466 629 1493 tantum
654 1455 808 1506 fielus?
854 1459 904 1497 Vt
931 1471 998 1514 ego

321 1508 434 1563 film]
475 1507 673 1550 c'zvoeuo‘asflov
704 1511 759 1551 est
784 1524 849 1553 vt:
888 1527 1001 1568 quam

333 1565 445 1604 enim
498 1565 645 1608 inferre
689 1567 827 1608 debuit
845 1597 856 1617 ,
915 1583 1000 1610 non

332 1633 390 1661 vt.
446 1621 498 1661 D.

392 1688 439 1719 11
473 1677 575 1717 Proh
594 1678 737 1734 Deum]
776 1682 905 1733 Quam
925 1679 994 1721 fer-

333 1743 429 1773 ueat
445 1732 729 1787 indignatione,
750 1734 845 1775 hinc
855 1734 991 1789 aspice,

333 1788 444 1840 quod
510 1788 739 1841 frequenter
795 1793 994 1832 exclamat.

331 1843 438 1885 Proh
449 1843 590 1893 Deum]
622 1847 695 1886 alia
706 1848 932 1897 exclamatio
943 1848 997 1889 est

332 1899 515 1941 aduersus
538 1899 721 1942 socerum.
777 1907 824 1945 D.

388 1957 465 1996 Hic
486 1954 610 1997 versus
626 1972 707 1997 non
720 1959 805 2011 post
817 1961 996 2000 oflauum

331 2011 389 2052 est
407 2012 655 2053 collocandus
677 2014 727 2053 ob
749 2014 861 2055 codd.
884 2016 996 2054 noui-

329 2068 428 2116 tios5
449 2070 598 2121 antiqui
617 2067 706 2109 sunt
726 2071 924 2111 audiendi.
952 2075 993 2112 B.

388 2135 442 2165 12
468 2123 654 2181 Effugere]
693 2129 740 2168 In
781 2137 907 2167 totum
936 2126 995 2167 fu-

332 2191 440 2235 gere.
499 2185 548 2224 D.

391 2245 439 2288 13
487 2238 599 2296 er
632 2238 747 2280 modis
774 2252 989 2286 contemtus,

744 78 904 126 ACT.
935 78 968 127 1.
1011 80 1206 129 SCEN.
1237 85 1291 130 V.

1549 942 1563 943 Π
1610 886 1705 930 Itur

1047 1026 1234 1056 mutatum
1271 1015 1387 1055 videt.
1449 1014 1558 1070 Quot
1592 1015 1708 1056 modii·
1740 1052 1741 1055 ,
1805 1034 1806 1037 “

1046 1071 1268 1125 contemtus]
1321 1071 1508 1112 Chremes
1531 1085 1580 1110 an
1602 1073 1707 1111 Pam·
1806 1082 1808 1127 ξ

1047 1126 1201 1179 philus?
1230 1128 1551 1180 Fae‘Ja‚trmfitffia
1563 1127 1706 1181 omnia]
1806 1130 1809 1168 ζ

1046 1182 1293 1223 Prouerbiale
1321 1184 1374 1222 est
1403 1185 1444 1222 in
1473 1183 1512 1222 id
1542 1185 1704 1237 negotii,
1767 1181 1777 1186 ’

1046 1239 1097 1278 de
1126 1252 1203 1290 quo
1224 1237 1321 1277 nihil
1347 1237 1505 1291 supersit
1521 1239 1569 1278 ad
1589 1253 1708 1292 agen·

1046 1294 1151 1332 dum.
1224 1295 1335 1333 Fafta
1373 1305 1501 1334 autem
1544 1309 1566 1334 a
1599 1300 1707 1335 Pam-

1046 1348 1174 1401 philo:
1205 1349 1393 1401 mmfizc'za
1411 1351 1527 1389 etiam
1547 1364 1569 1389 a
1588 1349 1708 1392 Clu-'e-

1048 1414 1166 1445 mete.
1222 1407 1271 1445 D.

1102 1460 1208 1515 th
1225 1462 1344 1501 modis
1362 1475 1584 1511 contemtus,
1609 1462 1708 1517 spre-
1780 1466 1784 1471 '
1812 1456 1813 1463 ἵ

1048 1529 1109 1557 tus
1122 1518 1164 1561 ?]
1194 1517 1338 1558 Melius
1357 1517 1408 1557 de
1428 1519 1630 1570 Pamphilo
1648 1521 1707 1558 in·

1049 1573 1271 1626 telligimus‚
1284 1580 1481 1613 contemtus
1493 1586 1532 1613 et
1538 1575 1705 1627 spretus.

1047 1629 1231 1680 Denique
1258 1626 1340 1680 ipse
1368 1629 1547 1684 adiungit
1557 1645 1567 1676 3
1609 1632 1707 1671 Hem

1045 1685 1257 1737 repudiatus
1271 1696 1428 1737 repetor.
1448 1686 1607 1727 Deinde
1617 1700 1707 1725 con-

1047 1741 1157 1780 tinuo
1194 1741 1438 1781 comeum-ae
1468 1742 1617 1794 (addit)
1649 1756 1707 1782 ra·

1045 1797 1198 1836 tionem
1209 1808 1220 1843 ;
1250 1796 1409 1849 Aliquid
1416 1797 1569 1850 monstri
1578 1798 1704 1853 alum]

1045 1855 1130 1892 Hoc
1150 1851 1222 1900 est,
1251 1850 1405 1893 fortafl'e
1431 1853 1574 1906 aliquid
1593 1867 1711 1894 mon-.

1043 1907 1108 1947 stri
1127 1907 1293 1947 inauditi
1307 1910 1501 1949 nutriunt:
1533 1923 1632 1962 quae
1642 1923 1704 1950 res

1045 1964 1142 2014 rapit
1186 1964 1399 2005 auditorem
1448 1965 1496 2006 ad
1543 1965 1702 2007 diuersa.

1047 2018 1229 2066 Obtrudt']
1243 2021 1422 2074 impingi,
1435 2023 1597 2075 opponi.
1628 2026 1673 2063 E.

1105 2088 1156 2128 14
1178 2077 1571 2132 Repudiatusrepetor]
1593 2079 1702 2129 Qua-

1042 2130 1070 2171 fi
1091 2141 1130 2171 et
1149 2132 1245 2171 haec
1264 2134 1403 2173 iniuria
1424 2134 1477 2183 fit,
1499 2134 1704 2184 repudiare

1044 2197 1085 2227 et
1099 2199 1290 2241 repetere.
1348 2192 1397 2230 Et
1414 2191 1489 2230 tale
1504 2190 1559 2229 est
1577 2191 1618 2230 in
1629 2193 1702 2231 Eu-

1043 2244 1187 2294 nucho,
1208 2244 1386 2296 Exclustt,
1406 2259 1568 2286 reuocat.
1612 2245 1711 2298 Nifi

319 2290 525 2346 spraud]
557 2295 596 2334 Si
616 2294 805 2335 Chremes
832 2293 990 2347 spretuS‚
1033 2299 1077 2352 fi
1105 2302 1145 2340 id
1169 2300 1232 2352 cst]
1282 2302 1556 2349 Coniessurale
1591 2315 1701 2356 argu.

329 2348 595 2402 intelligemus
620 2351 862 2403 Pamphilum
888 2351 992 2391 dice·
1041 2368 1232 2397 mentum.
1288 2362 1339 2400 D.

331 2416 396 2452 re,
428 2403 536 2456 quod
566 2419 723 2458 operam
752 2406 922 2456 dederit,
952 2418 992 2447 vt

331 2457 371 2501 [e
389 2460 611 2511 repudiaret
629 2462 840 2508 Chremes:
869 2474 908 2503 vt
931 2460 990 2502 su-

329 2528 399 2569 pra
421 2514 530 2569 dixit,
550 2518 733 2569 Mucauit,
752 2523 841 2576 quia
858 2532 912 2559 me
924 2520 990 2560 im-

1073 2429 1076 2434 ’
1101 2425 1118 2455 1
1128 2425 1150 2464 ς
1166 2414 1324 2466 Aliquid
1331 2414 1484 2466 monstri
1495 2413 1597 2453 alunt
1606 2431 1621 2452 .·
1637 2414 1700 2471 ea]

1039 2469 1199 2522 Duplex
1221 2471 1469 2519 contumelia,
1495 2481 1534 2509 et
1551 2470 1702 2521 monstri

1038 2538 1077 2567 et
1101 2524 1255 2582 aliquid.
1294 2527 1428 2570 Minus
1457 2527 1567 2567 enim
1591 2523 1701 2623 elge-t,

1665 2595 1699 2619 t.
