1815 3168
289 154 382 201 288
695 140 852 189 ACT.
888 142 918 186 1.
967 142 1160 188 SCEN.
1196 143 1252 186 11.

420 278 608 325 Docere,
631 270 828 321 educare,
853 270 909 316 ita
930 279 977 317 vt
997 267 1026 315 fi
1048 265 1150 315 esset
1170 266 1271 314 filia.

421 355 628 398 Sororem
652 347 849 412 plerique
875 341 957 392 effe
978 344 1211 390 credebaut
1232 358 1387 390 meam.
1434 336 1440 341 ⁷

421 432 520 488 Ego
554 442 654 471 cum
689 424 788 474 illo,
833 436 1026 484 quocum
1058 431 1154 466 tum
1187 436 1276 466 vno
1299 435 1393 465 rem
1425 416 1653 473 habebam,

522 500 704 564 hospite,

251 602 258 608 ·
323 579 523 640 40··Abii
569 578 673 621 huc:
716 575 791 637 qui
823 571 934 618 mihi
976 569 1154 633 reliquit
1185 569 1312 623 haec,
1357 586 1468 633 quae
1499 568 1653 624 habeo,

522 654 687 700 omnia.

404 727 499 777 -ΡΛ
518 742 564 773 R.
613 732 860 786 Vtrumque
903 721 988 768 hoc
1026 721 1175 768 falsum
1207 717 1291 767 est:
1340 716 1502 766 effluet.
1543 717 1657 769 TH.

520 805 595 865 qui
631 800 767 847 istuc?
808 799 951 845 PAR.
986 800 1087 860 quia

422 884 585 942 Neque
608 890 657 923 tu
678 893 766 923 vno
787 891 879 920 eras
901 883 1118 925 contenta,
1149 887 1294 935 neque
1314 869 1426 918 solus
1450 870 1582 920 dedit.

286 1082 354 1121 tim
375 1078 554 1118 dicuntur
573 1073 795 1116 inlinuandi
814 1072 949 1125 gratia.

286 1148 327 1176 vt
347 1148 474 1181 nune,
487 1131 626 1171 'Matri
645 1143 829 1169 mercator
852 1129 948 1167 dono

287 1193 403 1232 dedit.
464 1191 594 1229 Mater
612 1186 676 1226 vln·
700 1198 850 1238 acceptt.
901 1187 950 1225 Et

287 1249 396 1293 fimul
417 1246 606 1284 conuenit
627 1243 779 1284 mulieri
789 1243 950 1292 loquen-

287 1306 316 1345 ti
353 1300 619 1343 huiuscemodi
647 1313 763 1338 mora.
817 1298 951 1337 Mater

286 1361 352 1401 vbi
381 1359 537 1412 accepit]
569 1359 741 1407 Accepit,
773 1353 948 1404 fimplieif

275 1431 368 1461 ‚ter3
403 1426 467 1454 aut
487 1418 553 1466 (an
575 1412 721 1451 habent
733 1410 824 1450 edd.
836 1411 948 1461 vett.)

286 1473 436 1513 audiuit
457 1473 697 1524 ingenuam:
729 1463 768 1506 rt
794 1468 948 1518 capien-

289 1533 330 1573 di
358 1543 393 1569 et
419 1543 450 1568 c.
480 1543 513 1567 a.
533 1539 560 1565 t.
592 1523 682 1578 (Ms.
702 1527 757 1565 H..
774 1521 950 1575 capiendi,

287 1601 323 1626 et
353 1599 382 1636 c.
416 1600 448 1624 a.
468 1597 504 1622 >t.
529 1596 571 1627 o,
613 1579 677 1620 sed
711 1593 833 1633 proo
860 1577 947 1618 edd.

288 1648 468 1684 Venetae
486 1638 632 1678 habent
650 1638 685 1679 b.
725 1635 871 1678 Citatio
894 1633 951 1675 est

286 1699 493 1739 verborum
514 1695 651 1734 incerti
676 1694 852 1738 auem-is,
881 1688 947 1729 seu

287 1756 413 1807 potius
438 1752 553 1793 verba
564 1748 714 1802 otiosa).
768 1749 846 1788 Sed
867 1759 949 1785 me-

289 1813 358 1852 lius
393 1810 508 1862 prius.

286 1870 388 1906 mnia
422 1865 568 1918 docere]
598 1865 720 1904 Mire:
752 1875 843 1900 nam
860 1872 948 1900 non

289 1923 438 1968 docuit,
469 1919 531 1959 sed
563 1922 678 1970 coepit
701 1918 840 1956 docere.
895 1918 950 1959 τῷ

285 1980 473 2026 με>Μσμῷ.
529 1979 576 2016 Et
604 1974 693 2014 vide
721 1986 836 2025 quam
863 1968 948 2009 satis

284 2033 540 2076 muliebriter.
598 2035 653 2072 D.·

343 2104 396 2144 37
428 2091 484 2128 Im
509 2101 552 2127 vt
559 2085 603 2136 st
615 2084 696 2139 ‹ffin
709 2083 813 2138 filia]
844 2087 948 2137 Ergo

287 2147 396 2188 velut
423 2144 524 2184 soror
554 2142 736 2182 habenda
753 2140 809 2180 est
832 2140 949 2181 Thai-

285 2203 348 2250 di,
385 2213 424 2241 et
455 2201 545 2240 ideo
567 2197 749 2250 sequitur,
775 2197 950 2236 Sororem

283 2259 452 2312 plerique.
488 2256 554 2308 eJJb
593 2254 787 2294 credebant
821 2266 947 2293 meam.

273 2318 336 2368 ⁶Et
358 2316 523 2354 oratorie
536 2313 706 2351 cumulat
717 2311 951 2363 dignitatem

287 2383 328 2410 et
344 2383 517 2409 amorem
530 2369 692 2420 puellae,
703 2378 740 2406 vt
751 2368 836 2406 eius
848 2379 949 2405 com-

286 2428 486 2479 paratione
505 2427 670 2464 leniatur
686 2424 828 2463 iniuria
851 2421 950 2462 seila

251 2522 253 2525 ,
282 2482 505 2533 Phaedriae,
563 2484 611 2522 D.
704 2479 707 2482 ’
886 2509 892 2515 ,«

343 2538 419 2579 Etfi
449 2551 586 2577 omnes
618 2535 730 2575 codd.
749 2533 898 2574 habent
918 2547 951 2572 e-

288 2596 423 2644 ducare
432 2610 445 2629 :
456 2597 607 2648 corrige
617 2604 747 2632 tamen
759 2605 844 2630 cum
851 2588 943 2630 edd.

573 1802 703 1859 Co'epit
725 1804 887 1857 fludioft
914 1816 956 1843 0⁶„

1534 950 1656 994 Nam

1055 1083 1109 1123 39
1143 1069 1222 1125 Ego
1249 1084 1325 1110 cum
1353 1069 1435 1119 illo,
1477 1067 1549 1124 quo
1579 1083 1658 1110 cum

999 1139 1070 1164 vno
1098 1140 1184 1166 tunc
1197 1141 1271 1166 rem
1289 1126 1477 1172 habebam,
1498 1126 1655 1181 hospite]

998 1185 1145 1223 Totum
1166 1182 1263 1220 dixit
1279 1193 1319 1220 et
1337 1183 1440 1234 quod
1451 1180 1656 1234 hospitem,

1000 1248 1039 1277 et
1060 1237 1165 1289 quod
1184 1251 1268 1276 rem
1293 1237 1468 1278 habebat.
1522 1242 1569 1279 Et
1589 1239 1657 1278 be·

1002 1307 1058 1333 ne
1079 1306 1186 1343 tunc,
1226 1304 1266 1332 et
1289 1306 1370 1331 non
1393 1306 1500 1332 nunc.
1554 1297 1658 1336 Nam

999 1363 1117 1398 nune,
1145 1363 1232 1389 cum
1253 1347 1415 1388 duobus.
1569 1397 1576 1400 .

998 1420 1071 1446 vno
1090 1419 1174 1446 tunc
1198 1419 1273 1445 rem
1292 1404 1485 1459 habebam]
1517 1404 1560 1451 Id
1581 1405 1661 1454 est„

999 1459 1330 1510 consuetudinem,
1360 1474 1543 1502 amorem.
1581 1462 1668 1502 Hm*

987 1518 1110 1572 spite]
1140 1519 1182 1558 Id
1205 1518 1271 1568 est,
1289 1519 1432 1558 Attico.
1490 1521 1541 1562 D.

1054 1578 1115 1616 Ne
1140 1575 1253 1614 toties
1271 1574 1369 1619 illud
1388 1589 1407 1614 0
1427 1586 1559 1615 aurem
1582 1571 1659 1612 vul-

999 1641 1124 1680 neret,
1149 1644 1219 1683 pro
1239 1643 1310 1684 quo
1331 1644 1410 1670 cum
1429 1643 1579 1681 repone
1596 1629 1660 1683 qui

999 1700 1091 1737 cum,
1147 1691 1187 1728 B.

1025 1835 1028 1836 γ
1052 1811 1107 1853 40
1135 1797 1227 1839 Abii
1260 1797 1347 1853 huc]
1378 1797 1518 1840 Rhodo
1540 1796 1661 1839 Athe·

999 1869 1067 1895 nas
1086 1853 1240 1896 scilicet.
1268 1863 1271 1867 '
1297 1858 1381 1911 Qi
1398 1856 1490 1894 mihi
1509 1856 1659 1906 reliquit

999 1912 1094 1958 haec,
1122 1924 1217 1964 quae
1237 1910 1366 1958 habeo,
1397 1910 1539 1963 omnia]
1570 1913 1660 1949 Hoc

997 1967 1114 2014 ideo„
1151 1979 1204 2005 ne
1235 1967 1464 2006 tannmdem
1483 1963 1660 2016 obsequii

999 2025 1132 2075 exigat
1150 2022 1351 2062 Phaedria.
1407 2022 1502 2062 xdeo
1523 2018 1660 2062 contra

997 2082 1198 2120 Parmeno.
1257 2081 1308 2118 D.
1396 2098 1400 2101 ·

1007 2171 1012 2177 .
1052 2147 1104 2188 41
1137 2138 1344 2186 Vtrumque
1356 2131 1660 2185 hocfloegfitmcst:

999 2189 1134 2244 ffuet]
1170 2187 1254 2242 Ipse
1264 2189 1425 2242 exponit
1435 2189 1503 2228 hoc
1514 2203 1660 2229 vtrum·

998 2261 1066 2300 que
1085 2245 1178 2300 quid
1196 2246 1306 2286 dicat.
1326 2256 1366 2285 et
1391 2245 1658 2285 contradicen-

999 2304 1091 2348 dum
1109 2302 1172 2351 est,
1194 2303 1283 2353 quia
1303 2301 1481 2352 praesens
1510 2312 1657 2341 amator

999 2358 1270 2415 grauaturhoc
1287 2359 1399 2398 dieo.
1453 2359 1504 2397 D.

1051 2427 1106 2469 42
1135 2415 1264 2467 Neque
1298 2428 1338 2454 tu
1364 2428 1437 2454 vno
1465 2427 1546 2453 eras
1569 2426 1660 2453 con-z

998 2474 1120 2522 tenta]
1142 2472 1320 2523 Quippe,
1340 2483 1441 2522 quae
1460 2467 1656 2510 admiseris

998 2529 1172 2571 militem.
1231 2529 1359 2579 Neque
1384 2527 1491 2578 solus
1523 2526 1659 2580 dedit]

1000 2585 1273 2636 Quippequia
1285 2596 1366 2622 non
1389 2583 1523 2622 omnia«
1539 2582 1659 2620 tuailq

277 2649 514 2703 ‘melioribus
557 2660 814 2693 ssDvcEaRE
831 2678 842 2698 ,
870 2647 946 2691 ..ita
992 2641 1064 2680 lius
1095 2641 1210 2679 tuere
1244 2640 1386 2680 mortui
1410 2639 1525 2692 (Leg.
1561 2637 1656 2678 haut

276 2720 408 2760 yfir-J„
457 2710 498 2748 Β.

995 2696 1124 2747 dubie,
1144 2695 1288 2741 militis.
1311 2697 1387 2750 Z..)
1440 2699 1493 2738 D.

1469 1348 1555 1403 Qo
1580 1363 1673 1392 cum-
