1815 3168
597 102 1004 151 EVNVCHVS.

1381 123 1481 174 ¹>3503,

255 235 388 279 Meus
421 231 485 278 fac
515 229 566 277 fis
599 228 823 297 postremo
859 233 1045 286 animus,
1078 234 1255 297 quando
1285 251 1370 298 ego
1390 238 1485 286 sum

349 319 467 354 tuus.

251 380 370 431 ΤΗ.
404 385 482 428 Me
505 378 722 432 miseram!
765 380 941 430 forsitan
971 382 1043 431 hic
1068 384 1178 432 mihi
1199 402 1384 451 paruam
1404 388 1485 435 ha·

353 458 452 504 beat
471 455 616 511 fidem,

254 535 403 596 Atque
425 549 475 578 ex
495 534 674 580 aliarum
695 534 883 594 ingeniis
907 551 1027 581 nunc
1047 552 1119 581 me
1140 535 1318 588 iudicet.

255 612 353 669 Ego
376 609 467 673 pol,
489 625 598 671 quae
620 608 730 655 mihi
750 609 840 655 sum
864 609 1041 664 conscia,
1065 611 1152 657 hoc
1173 622 1292 659 certo
1311 611 1410 667 scio,

126 700 219 735 120
245 687 408 748 Neque
430 700 502 730 me
521 681 682 731 finxiffe
701 683 788 731 falfi
812 686 1059 749 quicquam,
1086 702 1231 750 neque
1248 703 1351 735 meo

257 759 392 807 Cordi
414 755 496 806 effe
518 776 784 823 quemquam
805 762 1015 807 cariorem
1036 761 1122 808 hoc
1143 762 1367 811 Phaedria.

255 838 314 882 Et
337 835 543 897 quicquid
566 835 696 881 huius
716 836 811 888 feci,
833 836 950 882 causa
971 838 1161 903 virginisy

256 912 385 957 Feci:
418 926 521 957 nam
544 927 617 959 me
637 912 728 958 eius
751 910 876 977 spero
896 912 1075 960 fratrem
1098 913 1432 981 propemodum

184 1149 266 1192 116
293 1146 454 1202 Qando
473 1160 549 1205 ,ego
564 1145 653 1201 ficm
673 1148 781 1206 tuus]

124 1205 294 1247 Animus
320 1204 476 1244 scilicet.
531 1207 581 1247 D.

186 1272 266 1314 117
297 1263 362 1302 Me
391 1260 583 1310 miseram!
615 1261 782 1314 forfitan

123 1316 186 1355 ln'c
221 1316 331 1370 mihi]
377 1317 492 1356 Re&e
518 1317 640 1357 Thais
678 1332 783 1358 nunc

127 1382 276 1424 partem
311 1372 529 1424 argumenti
565 1371 785 1424 exsequitur

127 1429 282 1467 tacitam
307 1429 432 1480 (Cum
464 1440 549 1466 non
583 1428 784 1479 probabile

127 1483 190 1529 fit,
218 1483 445 1522 Phaedriam
479 1493 518 1522 et
536 1487 658 1524 Parm.
680 1484 784 1524 resti-

125 1537 214 1579 tifi'e
231 1539 273 1578 in
293 1541 436 1580 scena:
466 1552 537 1590 pro
548 1544 699 1580 tacitam
709 1540 785 1579 sor-

128 1604 171 1634 te
197 1597 296 1634 Don.
329 1592 489 1645 scripsit,
530 1608 641 1647 quam
666 1600 786 1637 tacuit

128 1663 217 1691 ante
232 1652 295 1703 Z.)
325 1650 426 1701 apud
441 1649 682 1700 Phaedriam,
695 1666 782 1703 pro-

129 1717 220 1759 pter
237 1704 492 1757 praesentiam
515 1703 634 1746 serui:
667 1721 784 1759 quem

127 1765 253 1802 Poeta
271 1762 348 1800 vult
366 1762 417 1800 ita
439 1760 594 1809 nescire,
619 1763 785 1803 vtaude-

124 1827 168 1857 at
195 1816 243 1856 ad
273 1818 481 1856 vitiandam
498 1819 690 1871 virginem
706 1817 786 1858 sub-

127 1885 272 1914 ornare
297 1872 527 1915 Chaeream.
583 1876 633 1914 D.

185 1932 293 1982 Lege
311 1928 451 1982 forsan
463 1941 625 1982 paruam
644 1930 704 1971 hic
724 1931 785 1971 ha-

126 1983 215 2025 beat
231 1984 323 2024 mihi
334 1983 458 2037 fidem.
515 1989 554 2027 B.

190 2048 265 2091 118
295 2044 416 2095 Atque
441 2055 491 2081 ex
507 2041 665 2082 aliarum
689 2046 788 2100 inge-

130 2098 206 2137 niis
226 2110 322 2137 nunc
350 2111 406 2137 me
437 2099 590 2153 iudicet]
621 2100 698 2140 Hic
712 2103 787 2140 Te-

133 2154 279 2193 rentius
316 2153 483 2193 ostendit
518 2156 667 2194 virtutis
696 2154 786 2196 suae

133 2207 210 2248 hoc
235 2206 331 2258 effe,
367 2220 408 2249 vt
434 2211 683 2265 peruulgatas
702 2225 786 2263 per-

136 2261 246 2304 sonas
271 2279 376 2305 noue
393 2265 572 2306 inducat:
601 2279 640 2307 et
656 2277 785 2308 tamen

136 2332 160 2360 a
189 2316 467 2361 consuetudine
497 2335 581 2362 non
610 2324 784 2368 recedat:

135 2385 180 2414 vt
188 2380 532 2426 puta,meretricem
542 2378 687 2419 bonam
698 2394 785 2420 cum

136 2429 238 2478 facit,
268 2434 389 2483 capiat
409 2444 541 2474 tamen
556 2445 595 2475 et
617 2435 787 2477 deleetet

137 2487 310 2526 animum
334 2485 556 2539 spessatoris.
610 2493 660 2531 D.

194 2554 272 2584 120
303 2544 432 2598 Neque
456 2560 510 2585 me
528 2545 674 2600 firzxtjffi?
690 2547 796 2601 falfi

1393 1010 1489 1057 Iam

831 1148 985 1193 dicere:
1014 1161 1080 1192 aut
1098 1149 1271 1192 abundat
1276 1149 1375 1205 fizlsz'
1377 1167 1394 1190 .·
1422 1159 1492 1192 aut

830 1207 922 1247 ideo
942 1208 1032 1259 quia
1051 1219 1090 1248 et
1110 1221 1251 1248 vanum
1261 1208 1403 1261 aliquid
1417 1207 1489 1248 fin-

832 1265 873 1316 gi
893 1264 1038 1315 potuit,
1066 1275 1108 1304 vt
1124 1262 1253 1317 supra,
1279 1264 1320 1305 Si
1338 1277 1490 1317 vanum,

833 1318 1061 1370 autfalfum,
1077 1333 1145 1361 aut
1154 1319 1285 1371 fifft‘um
1302 1321 1359 1373 cst.
1391 1325 1446 1364 D.

890 1385 965 1416 121
1011 1375 1091 1428 Effi·
1126 1389 1340 1430 quemquam
1371 1379 1492 1418 cario-

831 1429 927 1483 rem]
958 1432 1116 1480 Melius,
1141 1445 1360 1486 quemquam,
1373 1446 1490 1485 quam

830 1483 857 1523 fi
887 1483 1055 1536 dixisset,
1089 1487 1239 1528 militem
1274 1501 1491 1542 quemquam

833 1543 1031 1585 cariorem.
1096 1545 1331 1600 Qemquam
1377 1548 1492 1587 cario-

833 1596 928 1650 rem]
960 1597 1074 1648 Quasi
1093 1602 1289 1650 meretrix,
1328 1613 1415 1641 non
1433 1613 1494 1640 ca-

832 1665 918 1690 rum
937 1653 1110 1704 alterum,
1131 1652 1199 1695 sed
1223 1656 1413 1696 cariorem
1422 1669 1494 1700 ne·

834 1717 911 1760 gat.
969 1711 1018 1750 D.

890 1774 968 1806 122
998 1765 1048 1805 Et
1063 1766 1240 1821 quicquid
1267 1768 1374 1810 huius
1387 1767 1493 1824 feci]

833 1819 961 1861 Huius
978 1820 1171 1870 absolute3
1200 1835 1264 1864 aut
1293 1839 1366 1879 per
1391 1827 1496 1865 ’ἐλλει-

833 1878 907 1924 ψιν,
938 1888 978 1916 vt
1004 1878 1099 1918 defit
1126 1882 1191 1920 rei.
1248 1884 1295 1921 In
1316 1884 1489 1935 Hecyra,

834 1931 896 1972 Ne
920 1935 1012 1984 quid
1021 1934 1078 1986 fit
1094 1935 1200 1977 buius
1219 1951 1301 1978 ονο.
1354 1941 1401 1978 In
1412 1941 1495 1979 He·

836 1992 1239 2042 autontimorumetio,
1287 1993 1406 2033 Nihil
1438 2006 1495 2034 me

835 2044 938 2094 zstius
960 2047 1152 2098 faciurum
1177 2052 1294 2101 patri.
1351 2050 1492 2103 virgil.

835 2103 958 2152 (Aen.
981 2116 1037 2151 1x,
1055 2105 1141 2156 94.)
1168 2127 1224 2136 —-
1251 2116 1319 2145 aut
1335 2106 1493 2159 quidpe-

834 2161 883 2196 tis
899 2158 1002 2209 istis?
1048 2159 1237 2214 Qicquid
1262 2161 1390 2216 huius]
1419 2163 1492 2201 Rei

834 2211 1143 2255 subaudiendum
1163 2216 1236 2266 ost,
1269 2218 1373 2269 quod
1400 2230 1493 2259 eum

835 2269 977 2308 exclusi
995 2270 1106 2312 foras.
1159 2272 1207 2312 D.
1482 2317 1485 2319 ,

894 2337 970 2378 123
992 2326 1105 2381 Spero
1114 2330 1394 2385 propemodum]
1414 2333 1495 2372 No-

835 2393 886 2420 ue
892 2380 1025 2434 spero,
1051 2397 1122 2437 pro
1150 2384 1266 2425 credo
1286 2387 1349 2425 vel
1372 2387 1492 2426 confi·

836 2437 899 2478 do.
953 2440 1219 2491 Propemodum
1248 2441 1361 2488 ideo,
1399 2442 1493 2494 quia

834 2492 1037 2535 hominem
1066 2497 1223 2548 quidem
1256 2498 1386 2549 nouit,
1425 2494 1493 2538 sed

833 2550 990 2590 fratrem
1020 2550 1097 2592 effe
1119 2553 1283 2609 virginis
1310 2554 1489 2601 nondum

132 2599 345 2655 quicquam]
377 2606 466 2655 Aut,
483 2603 620 2659 dixtffi,
649 2603 786 2646 debuit
831 2606 1024 2660 probauit.
1075 2611 1127 2650 D.
