1815 3168
263 176 355 227 118

644 163 804 216 ACT.
835 168 892 215 11.
942 167 1138 214 SCEN.
1172 167 1230 214 V.

304 292 616 348 ACTVS
681 290 1098 343 SECVNDI
1161 287 1462 340 SCENA
1528 286 1595 340 V.

380 384 666 427 BYRRHIA.
695 382 859 422 smo,
889 375 1519 420 DAVvs.PAMPH1LVS.

270 519 372 634 H
388 544 411 570 E
433 542 461 569 R
484 542 513 569 v
531 540 550 567 s
590 536 675 572 me,
705 516 867 564 reliffis
894 516 1041 569 rebuS,
1069 513 1182 562 iuffit
1200 514 1481 579 Pamphilum

421 599 571 646 Hodie
596 594 841 651 obseruare,
863 603 922 646 vt,
950 591 1057 655 quid
1080 603 1227 652 ageret
1251 590 1304 636 de
1324 592 1505 653 nuptiis,

411 677 591 723 Scirem.
620 670 666 717 id
687 680 924 737 propterea
942 685 1063 718 nunc
1085 668 1206 715 hune
1216 667 1464 715 venientem
1473 664 1649 728 sequor.

1493 773 1648 840 Ipsum

340 943 363 975 1
400 931 525 971 Herus
559 941 618 968 me
653 924 790 967 relic‘iis
816 920 942 977 rebus]
990 923 1154 976 ponitur
1170 934 1219 961 eo
1235 930 1424 971 tempore,
1444 931 1523 970 quo
1543 920 1652 957 Pam-

281 988 389 1031 Vide
408 1000 523 1038 quam
544 986 653 1030 mire,
674 996 793 1035 quum
807 993 946 1022 omnes
993 980 1120 1034 philus
1149 992 1198 1018 ex
1215 975 1386 1017 suaiione
1411 973 1527 1023 serui,
1558 971 1651 1014 falso

281 1042 455 1085 consulto
478 1040 637 1081 confilio
667 1038 735 1078 fibi
756 1050 875 1092 agere
893 1036 947 1074 vi-

284 1102 468 1147 deantur,
500 1109 629 1136 tamen
658 1108 794 1134 omnes
820 1104 948 1132 remm

285 1158 393 1198 exitu
414 1155 615 1206 inopinato
633 1151 891 1197 ludificantur,
911 1157 952 1187 et

284 1216 407 1261 Simo,
428 1222 468 1250 et
491 1213 639 1259 Dauus,
661 1219 700 1247 et
718 1205 950 1256 Pamphilus,

288 1281 328 1309 et
355 1268 576 1313 Charinus,
604 1275 644 1303 et
673 1261 754 1315 ipse
784 1259 951 1314 Byrrhia.

289 1328 415 1367 Herus
438 1337 492 1362 me
522 1320 675 1373 reliftis]
705 1318 769 1358 Ad
798 1317 873 1355 hoc
891 1328 954 1353 ve-

292 1383 351 1421 nit
370 1378 541 1434 Eyrrhia,
553 1386 604 1414 ·vt
621 1376 662 1413 in
685 1385 855 1412 errorem
866 1384 955 1409 con-

291 1437 398 1476 ciliet
418 1433 649 1476 Charinum.
670 1430 771 1470 Etin
782 1428 857 1466 hac
869 1429 956 1467 Sce-

291 1507 345 1533 na
372 1501 535 1543 quatuor
563 1483 752 1538 personae
777 1483 861 1523 fine
888 1482 958 1521 im-

291 1548 504 1602 pIicatione
546 1543 763 1583 intelleftus
792 1541 959 1590 loquun-

292 1602 366 1646 tur.
422 1603 545 1642 Herus
585 1614 640 1638 me
665 1597 802 1638 relic'tis
828 1593 959 1648 rebus]

294 1660 515 1711 imponitur
541 1668 678 1694 manus
708 1653 841 1698 rebus,
873 1664 961 1690 cum

295 1714 490 1770 perficitur
508 1713 546 1752 id
567 1710 673 1763 quod
693 1709 891 1762 coeperis:
923 1716 964 1745 vt

295 1771 487 1824 Virgilius
505 1771 725 1820 (Aen-vu,
748 1766 872 1819 573.),
894 1763 965 1802 Im-

294 1831 409 1883 ponit
451 1828 580 1880 regina
615 1836 776 1863 manum.
833 1820 964 1860 Relin-

299 1893 470 1937 quuntur
488 1894 580 1920 vero
600 1892 680 1927 res,
710 1891 797 1918 cum
824 1887 966 1925 imper-

299 1941 426 1982 senae
445 1938 735 1988 relinquuntur.
772 1936 871 1972 Item
880 1931 964 1970 Vir-

302 1997 418 2051 gilius
437 1996 606 2046 (Georg.
627 2004 698 2039 m,
728 1990 864 2042 519),
894 1991 964 2025 At-

302 2066 374 2107 que
401 2063 510 2103 opere
538 2052 576 2088 in
601 2047 718 2086 medio
739 2043 860 2096 defixa
880 2043 966 2081 reli-

303 2110 388 2163 quit
427 2119 570 2146 aratra.
645 2101 795 2142 Relictis
838 2098 965 2152 rebus]

303 2166 421 2207 Adeo
460 2157 680 2214 praeposuit
716 2156 792 2197 hoc
818 2154 969 2210 negotii

306 2221 421 2262 rebus
444 2217 635 2257 omnibus.
692 2216 742 2255 D.

364 2277 489 2316 Herus
500 2288 554 2313 me
568 2272 701 2311 relic‘tis
710 2267 838 2322 rebus]
861 2270 970 2308 Haec

306 2334 432 2373 Scena
452 2328 454 2331 ’
475 2329 657 2370 fortunae
699 2324 970 2376 interponitur.

306 2387 468 2441 Byrrhia
513 2383 643 2426 seruus
675 2380 860 2428 Charini,
905 2379 971 2431 qui

306 2444 579 2486 Philumenam
605 2439 686 2479 vult
710 2438 852 2477 ducere
881 2449 972 2475 vxo-

299 2513 405 2548 τεῐῃ,
437 2512 553 2550 quam
573 2495 733 2548 quidem
753 2491 972 2544 Pamphilus

312 2564 395 2596 'non
427 2555 529 2602 vult,
565 2553 659 2592 dum
682 2560 792 2602 pater
815 2547 895 2587 filio
918 2546 972 2586 of-

311 2612 408 2662 fert,
441 2608 670 2654 interuenit,
701 2619 777 2658 quo
801 2618 907 2644 error
922 2603 976 2644 fa-

312 2666 420 2709 cilius
459 2664 573 2721 poffit
607 2659 833 2704 increscere.
896 2664 975 2714 Ap-

996 1036 1167 1087 quidem,
1179 1047 1263 1072 non
1275 1033 1484 1077 voluntate,
1496 1027 1653 1083 promis-

998 1090 1103 1132 surus
1122 1090 1175 1130 est
1193 1089 1309 1142 patri,
1338 1086 1377 1128 se
1398 1100 1557 1127 onrem
1576 1083 1655 1125 esse

999 1149 1214 1189 difficurum.
1266 1147 1309 1185 E.

1055 1274 1082 1302 2
1111 1257 1237 1299 Hodie
1272 1254 1486 1307 obstruam]
1525 1251 1660 1293 Obser-

1001 1317 1108 1354 uatio
1129 1313 1274 1364 duplex
1293 1310 1361 1358 est,
1384 1309 1445 1349 vel
1463 1310 1665 1359 captionis,

1002 1371 1065 1411 vel
1093 1366 1276 1420 obsequii.
1333 1369 1383 1407 D.
1676 1366 1680 1368 ’

1057 1493 1083 1535 3
1096 1481 1141 1520 Id
1146 1491 1239 1533 prop
1245 1475 1526 1533 terea]Necesse
1538 1475 1592 1515 est
1601 1486 1666 1515 aut

1007 1540 1170 1579 alterum
1191 1533 1270 1575 effe
1287 1533 1581 1586 superuacuum,
1601 1542 1671 1571 aut

1008 1596 1213 1648 Propterea
1224 1591 1306 1645 post
1316 1589 1593 1642 accipiendum.
1613 1591 1663 1629 D.

1062 1710 1137 1747 Pro
1169 1706 1211 1745 id
1236 1717 1333 1744 vnus
1353 1716 1377 1741 e
1396 1693 1531 1741 nostris
1551 1699 1671 1740 habet

1012 1764 1093 1811 huc,
1115 1763 1269 1801 reffius.
1325 1759 1404 1800 Sed
1422 1769 1523 1797 totus
1541 1754 1671 1797 versus

1011 1820 1066 1861 est
1083 1817 1243 1871 spurius.
1299 1819 1400 1857 Nam
1414 1812 1670 1866 Pamphilum,

1014 1877 1093 1928 qui,
1115 1888 1165 1914 ex
1185 1887 1263 1925 quo
1282 1864 1673 1924 Byrrhiafugereius-

1013 1931 1071 1972 sus
1089 1930 1153 1978 est,
1174 1926 1359 1979 nusquam
1378 1925 1520 1979 pedem
1543 1938 1567 1963 e
1585 1925 1673 1963 Sce-

1015 2002 1066 2028 na
1090 1986 1222 2034 mouit>
1241 1983 1304 2022 hic
1324 1974 1486 2036 Byrrhia
1511 1993 1593 2020 non
1616 1979 1673 2018 di·

1015 2045 1051 2083 ci
1068 2041 1191 2095 potest
1209 2039 1413 2096 sequihuq
1431 2037 1468 2077 h.
1482 2050 1517 2078 e.
1535 2037 1576 2075 in
1586 2037 1675 2076 Sce-

1016 2113 1109 2140 nam
1128 2097 1367 2137 venientem.
1421 2092 1674 2146 Interpolatio

1017 2169 1110 2195 vero
1148 2163 1229 2192 orta
1258 2151 1314 2191 est
1340 2164 1389 2191 ex
1413 2148 1676 2190 antecedenti-

1016 2212 1108 2259 bus,
1141 2209 1204 2248 vbi
1221 2206 1356 2247 vitiose
1372 2205 1554 2245 omnibus
1573 2206 1614 2242 in
1634 2203 1679 2242 li·

1018 2268 1097 2308 bris
1133 2263 1310 2317 scriptum
1343 2263 1533 2315 reperitur
1558 2259 1678 2311 obfir-

1020 2336 1130 2367 πονε,
1162 2335 1227 2370 vt,
1262 2320 1355 2374 quid
1375 2330 1448 2358 etc.
1501 2315 1680 2357 Emenda

1020 2380 1080 2427 fic,
1102 2378 1344 2428 obseruarem,
1369 2374 1462 2428 quid
1469 2385 1594 2428 ageret
1603 2381 1677 2411 etc.

1020 2440 1078 2477 Ex
1098 2449 1133 2474 m
1154 2435 1269 2488 igitur
1286 2441 1419 2472 natum
1442 2428 1496 2469 est
1516 2441 1569 2475 vt,
1589 2428 1682 2479 quia

1020 2489 1119 2546 iuffit
1142 2503 1231 2533 eum
1251 2487 1446 2528 Infinitiuo
1473 2484 1527 2524 est
1549 2483 1682 2522 vsxtati-

1023 2561 1081 2587 us.
1138 2546 1215 2587 Sed
1238 2553 1324 2584 cum
1345 2541 1553 2586 Coniunfil.
1579 2537 1681 2589 apud

1024 2602 1197 2644 nostrum
1217 2612 1374 2652 quoque
1395 2596 1570 2643 occurrit,
1582 2598 1682 2636 Eun.

1023 2674 1075 2712 lv,
1095 2672 1132 2713 4,
1151 2656 1272 2712 25·ch
1284 2655 1389 2699 And.
1410 2668 1438 2703 1,
1459 2666 1492 2704 1,
1517 2663 1607 2705 142.
1635 2653 1678 2690 B.
