1815 3168
689 188 981 235 ANDRIA.

1419 207 1510 254 ¹57

284 317 440 365 DAV.
479 318 574 376 Ego
606 333 709 362 vero
742 315 868 366 solus,
901 312 977 361 Sl.
1017 317 1236 376 corrigere
1266 318 1377 365 mihi
1409 337 1512 380 gna.

382 402 478 438 tum
497 408 635 454 porro
658 393 834 437 enitere.

490 468 669 529 Faciam
694 466 839 512 hercle
871 465 1033 512 sedulo.
1083 463 1158 515 SI.
1206 477 1334 532 potes
1377 487 1511 524 nunc,

282 465 427 517 DAV.

383 541 489 588 dum
512 544 680 588 animus
702 544 893 588 irritatus
922 540 995 586 est.

279 616 438 665 DAV.
476 618 693 672 Quiescas.
735 615 808 663 SI.
848 633 927 676 age
958 618 1117 676 igitur,

1152 615 1223 664 vbi
1247 634 1373 665 nunc·
1393 618 1453 666 est
1474 623 1512 668 i-

377 691 513 759 psus?
549 693 597 739 l)
617 708 646 737 A
665 705 712 739 v.
744 693 921 745 mirum,
945 694 991 739 ni
1013 690 1228 751 domiest.
1270 723 1274 725 >

149 956 234 1000 gat,
266 959 378 997 qnam
397 957 487 985 tunc
515 959 600 985 cum
629 945 697 994 ait,
731 944 805 985 De-

151 1004 234 1042 ln'nc
253 1002 403 1054 pc1stul0‚
414 1002 496 1053 siue
514 1014 661 1055 aequum
680 1001 738 1054 est,
769 1016 804 1040 te

149 1069 215 1097 oro
242 1060 356 1098 Daue.
392 1059 444 1097 ibi
474 1059 579 1097 enim
609 1058 805 1097 iracundia

147 1115 257 1162 latet,
289 1129 373 1153 cum
401 1114 520 1163 dixit,
548 1116 630 1165 fi‘ue
649 1127 805 1167 aequum

151 1171 207 1222 est.
254 1171 410 1223 Effecisti
429 1170 496 1211 has
512 1171 676 1224 nuptias]
716 1173 805 1210 Non

139 1227 283 1279 fectsti:
312 1227 365 1266 est
382 1228 486 1266 enim
508 1227 655 1279 effikere,
694 1224 806 1278 perfi-

151 1292 238 1322 cere
263 1282 452 1323 faciendo.
510 1287 558 1323 Et
583 1282 689 1321 bene
716 1283 806 1322 has:

151 1342 310 1390 quarum
330 1337 436 1378 causa
458 1338 603 1378 laboro.
644 1341 695 1378 D.

210 1463 259 1500 17
281 1450 356 1504 Fgo
366 1447 586 1502 verofhlus]
615 1458 804 1486 ΔῐΑΝωΛ.

150 1509 199 1547 Et
220 1497 291 1544 hoc
312 1506 358 1544 td
379 1516 589 1555 1nc1epan<
581 1516 684 1542 nem
704 1503 807 1551 dicit,

152 1576 232 1600 non
262 1561 309 1600 ad
336 1559 680 1600 confirmationem.
739 1558 807 1598 So-

153 1618 228 1671 lus]
262 1617 303 1656 Id
333 1616 406 1664 est,
437 1617 498 1654 cui
525 1629 606 1653 non
633 1612 808 1653 assentie-

152 1674 217 1713 bat
237 1672 468 1724 Pamphilus.
511 1670 654 1722 Porro]
686 1673 729 1708 In
750 1668 804 1708 su-

151 1741 296 1776 mmm,
331 1728 538 1778 deinceps:
566 1724 682 1764 sunu-i
712 1737 805 1769 tem-

154 1786 256 1836 poris
293 1783 538 1822 aduerbium:
571 1782 632 1820 vel
670 1780 806 1819 adhor-

151 1842 284 1880 tantis:
314 1850 353 1879 vt
374 1841 495 1878 Porro
507 1838 686 1890 Qairites.
720 1839 806 1878 Eni

152 1897 248 1950 tere]
279 1896 440 1936 Labora:
459 1894 559 1945 quati
579 1892 738 1934 difficile
755 1893 806 1943 fit,

153 1964 193 1992 et
213 1963 350 1991 conatu
369 1951 411 1990 fit
431 1963 538 2003 opus.
593 1953 643 1991 D.

205 2063 282 2118 Ego
311 2076 401 2102 vero
420 2061 543 2114 solus]
581 2062 666 2100 Hae
693 2060 807 2099 inter-

140 2121 351 2171 ¹ruptiones
379 2121 418 2158 in
446 2118 632 2156 Terentio
660 2115 760 2168 ίιίιθρ
765 2130 805 2155 us

149 2175 304 2230 pofitae,
330 2177 380 2215 ita
399 2172 488 2212 sunt
500 2171 804 2225 suspendendae,

152 2242 192 2269 vt
212 2230 324 2271 seties
355 2229 536 2270 orationis
556 2240 733 2267 tenorem
755 2226 806 2266 su

153 2299 219 2326 um
249 2286 364 2339 vsque
388 2286 436 2326 ad
464 2286 639 2326 vltimum
666 2282 802 2334 seruet,

153 2341 244 2382 ficut
268 2342 338 2383 hic.
390 2346 432 2384 E.

215 2461 263 2502 18
306 2455 437 2494 Hercle
462 2453 618 2507 fidula]
666 2453 808 2493 Produ-

158 2506 301 2547 &iones
335 2509 417 2550 sunt
444 2511 593 2551 Comici
625 2509 718 2557 stili,
761 2509 807 2548 ad

156 2561 284 2605 sucum
317 2569 496 2606 orationis
531 2564 682 2619 pofitae.
738 2566 808 2604 Po-

156 2623 207 2660 t'e‘s
226 2621 337 2675 nunc]
367 2627 401 2664 A
427 2623 590 2676 poffibfli
606 2633 807 2677 argumen-

1445 825 1506 855 20

853 957 945 986 tum.
1011 946 1114 986 Dum
1155 948 1299 989 animus
1332 950 1513 989 irritatus

854 1003 918 1057 est]
950 1004 1050 1055 Quia
1064 1003 1225 1050 dixerat,
1251 1005 1440 1056 Iraefitnt
1460 1010 1514 1044 in·

853 1073 911 1099 ter
930 1059 1135 1110 Glycerium
1154 1074 1189 1100 et
1206 1075 1372 1116 gnatum.
1412 1062 1514 1100 Irri-

855 1130 955 1155 tatus
975 1116 1034 1167 est,
1062 1129 1288 1166 commotus,
1308 1118 1364 1157 ira
1375 1131 1515 1168 prouo-

855 1183 958 1211 catus
972 1187 980 1211 :
1010 1183 1048 1212 vt
1060 1174 1099 1212 in
1111 1172 1359 1221 Phormione,
1371 1174 1512 1214 irritor.

856 1229 1018 1268 Ducitur
1035 1240 1163 1268 autem
1181 1229 1342 1269 verbum
1362 1245 1383 1269 a
1412 1230 1514 1268 cani-

855 1285 937 1332 bus,
954 1285 1020 1337 qui
1032 1285 1207 1324 restrictis
1218 1285 1400 1325 dentibus
1413 1285 1515 1324 hane

854 1342 1021 1380 litteram
1044 1345 1073 1382 R
1113 1342 1310 1381 imitantur
1338 1343 1514 1395 (iterant,

853 1396 923 1437 Ed,
945 1400 1008 1437 Du
1030 1399 1105 1447 R).
1157 1400 1207 1437 D.

907 1452 1110 1507 Irritatus]
1147 1453 1301 1493 Iniuriis
1331 1466 1514 1506 prouoca-

856 1518 929 1548 tus.
983 1510 1026 1549 E.

914 1631 964 1672 19
993 1619 1191 1676 Quiefias]
1228 1619 1273 1660 ld
1309 1587 1391 1669 est,
1422 1632 1514 1659 con-

855 1673 1027 1725 quiesce:
1056 1676 1276 1725 rmperatiui
1303 1675 1428 1723 modi,
1461 1688 1516 1714 ne

853 1728 1078 1770 iniuriosum
1123 1731 1331 1770 videtetur.
1387 1724 1517 1787 Qus

855 1787 931 1841 cas]
962 1790 1032 1826 Pro
1054 1785 1217 1838 quiesce.
1247 1798 1312 1826 aut
1329 1786 1433 1827 deest
1450 1801 1514 1825 vo-

854 1844 904 1892 lo,
923 1853 986 1881 aut
1004 1843 1131 1882 facim.
1185 1846 1267 1898 Age
1287 1845 1425 1899 igitur]
1464 1846 1516 1882 A·

854 1914 909 1954 ge,
934 1899 1014 1938 dic:
1047 1910 1084 1937 vt
1104 1899 1177 1948 est,
1207 1901 1281 1954 Izgi
1300 1914 1375 1952 atq
1368 1913 1412 1938 tte
1433 1914 1513 1937 ora-

856 1959 894 1993 ui
928 1969 1066 1995 tecum:
1099 1966 1164 1994 aut
1200 1955 1428 1995 aduerbium
1458 1955 1513 1995 est

857 2010 1045 2051 hortandi.
1093 2013 1243 2051 Mirum
1266 2014 1306 2051 ni
1324 2013 1430 2052 domi
1447 2011 1512 2065 est]

854 2067 1184 2107 Existimationem
1214 2069 1361 2115 intulit,
1393 2068 1514 2106 incer-

855 2135 936 2164 tum
964 2123 1146 2177 fugiens:
1175 2135 1214 2162 et
1247 2123 1300 2163 est
1330 2122 1514 2175 composi-

857 2192 954 2228 tum,
992 2180 1093 2231 quati
1113 2181 1241 2219 miror.
1300 2182 1448 2218 Mirum
1474 2182 1515 2217 πί

858 2237 958 2277 domi
1001 2236 1066 2290 est]
1133 2234 1399 2287 Compositum
1448 2236 1513 2281 est,

858 2292 960 2345 quafi
995 2291 1071 2330 hoc
1106 2291 1160 2330 est
1185 2293 1345 2337 mirum,
1380 2293 1421 2330 ni
1451 2291 1540 2330 do-v

857 2349 911 2387 mi
935 2348 999 2388 est.
1054 2348 1176 2387 Caute
1194 2346 1323 2386 seruus
1339 2347 1516 2387 callidam

858 2405 1207 2457 interrogationem
1236 2401 1333 2442 senis
1362 2415 1516 2455 paratus

859 2461 1019 2510 excepit.
1065 2462 1218 2500 Memor
1231 2458 1428 2499 'fimulatae
1448 2458 1516 2499 dis-

858 2517 1013 2556 cordiae
1032 2528 1119 2554 cum
1137 2517 1270 2562 amica,
1298 2514 1413 2569 fingit
1433 2529 1515 2555 non

859 2571 896 2613 se
941 2573 1031 2613 alibi
1080 2585 1168 2610 eum
1218 2570 1295 2613 efl'e
1330 2568 1515 2625 suspicari,

859 2642 973 2681 quam
996 2628 1112 2668 dmm.
1165 2629 1217 2672 D

1415 2723 1423 2729 ,
1437 2684 1515 2724 Μὶ-
