1815 3168
588 142 994 189 Evacl-ivsx

1380 163 1444 207 49
1453 165 1474 209 2·

244 270 363 318 Mihi
384 270 543 322 euenit,
569 285 699 332 quam
720 268 839 332 quod
871 269 1005 316 modo
1029 269 1153 315 senex
1174 272 1293 319 intro
1318 274 1371 320 ad
1395 293 1473 322 1105

342 348 460 393 venit
482 361 642 392 errans,

240 422 358 471 Mihi
371 420 478 466 solae
490 418 673 465 ridiculo
686 420 780 472 fuit,
803 436 927 482 quae,
950 417 1055 481 quid
1069 420 1262 471 timeret,
1276 421 1469 470 sciebam.

241 496 280 545 P
294 509 326 541 A
340 509 387 541 R.
431 495 551 549 Quid
573 494 658 540 hoc
681 506 824 541 autem
845 493 937 540 est?
972 492 1053 541 PY.
1086 495 1271 542 nunc-id
1284 498 1468 561 prodeo,

336 580 384 618 vt
404 571 660 616 conueniam
685 574 1016 615 Parmenonem.

173 660 200 708 5
241 645 327 693 Sed
351 644 420 692 vbi
443 644 617 692 obsecro
639 644 729 691 est?
770 644 894 692 PAR.
932 661 1003 690 me
1025 645 1194 707 quaerit
1217 638 1361 694 haec?
1383 643 1466 694 ΡΥ.

336 731 463 784 atque
486 736 637 766 eccum
659 719 811 766 video:
850 718 993 766 adibo.

232 791 268 844 P
280 808 314 841 A
333 808 379 841 R.
418 795 540 857 Quid
572 793 655 848 est,
690 796 867 859 inepta?
903 794 1010 857 quid
1041 793 1120 842 tibi
1142 795 1246 842 vis?
1282 795 1387 859 quid
1409 798 1463 842 ri-

334 869 440 918 des?
473 864 679 935 pergin'?
713 867 805 917 ΡΥ.
844 872 971 935 perii„

97 1069 199 1111 ditur
224 1069 347 1110 veluti
372 1066 520 1109 irrisum
549 1072 757 1109 Parmeno-

98 1140 203 1174 nem,
225 1124 350 1179 vtipsa
361 1136 480 1177 putat.
537 1125 756 1178 Egrediau-

96 1192 178 1222 tem
197 1196 217 1220 a
237 1185 355 1222 Poeta
373 1183 535 1235 cogitur,
557 1193 597 1220 vt
617 1181 756 1221 doceat

97 1238 301 1291 populum,
327 1238 419 1290 quid
440 1239 545 1276 intus
559 1239 684 1290 egerit
701 1236 755 1277 se·

96 1306 188 1334 nex.
246 1297 348 1346 Ergo
399 1292 559 1343 persona
600 1293 754 1332 cachin-

97 1362 195 1388 nans
215 1345 427 1395 inducitur,
456 1361 650 1400 quaerens
669 1353 754 1388 Par-

95 1417 340 1444 menonem:
387 1403 622 1456 aspeffiuque
657 1405 752 1449 eius,

100 1460 153 1498 ob
181 1461 343 1499 nimium
374 1457 509 1509 risum,
550 1461 614 1498 vix
642 1460 751 1511 loqui

97 1513 207 1568 posse
239 1516 403 1568 (potest).
459 1515 667 1568 Nunquam
695 1529 752 1554 ae-

96 1571 204 1623 depol
228 1571 439 1625 quicquam]
471 1574 607 1611 Rarum
635 1571 688 1611 est
715 1582 751 1610 e-

96 1628 237 1666 uenire
275 1627 380 1678 quod
410 1627 525 1665 velis:
567 1638 608 1668 et
647 1626 752 1678 quod

95 1684 266 1722 maxime
295 1683 409 1732 velis,
446 1682 489 1721 id
521 1696 650 1722 rarum
677 1696 753 1721 ma-

99 1739 172 1793 gis.
230 1740 279 1778 D.

150 1793 356 1846 Nunquam
366 1794 532 1848 aedepol]
548 1795 653 1833 Haec
663 1795 752 1834 Sce-

93 1863 146 1889 na
157 1852 333 1889 continet
342 1847 637 1896 insultationem,
648 1848 753 1900 quod

93 1918 183 1944 cum
208 1902 400 1958 ingressus
429 1902 524 1943 effet
562 1902 680 1944 senex
708 1906 750 1943 in

93 1960 252 2000 domum
262 1959 435 2007 Thaidis,
469 1959 571 2011 quafi
593 1960 749 2000 timidus

93 2028 134 2056 et
151 2016 331 2056 sollicitus
351 2016 400 2054 de
420 2015 487 2054 filii
516 2028 666 2067 poena,
693 2017 750 2054 in-

92 2074 250 2112 uenerit
268 2085 356 2111 eum
375 2072 553 2110 indutum
563 2071 749 2113 vesteEu-

94 2128 228 2175 nuchi‚
246 2127 352 2179 quod
378 2124 414 2166 se
423 2127 577 2180 Pythias
597 2140 668 2179 per
684 2128 749 2166 do-

94 2181 176 2224 lum
200 2182 329 2223 fecifl'e
353 2183 517 2231 laudan
542 2194 580 2221 vt
599 2186 752 2223 Parme-

96 2252 150 2280 no
169 2238 421 2291 deciperet'ur‚
441 2252 487 2278 ac
510 2250 615 2278 metu
644 2240 747 2277 terri-

96 2305 156 2334 tus
179 2294 547 2341 dominoindicaret‚
571 2294 674 2346 quod
685 2307 746 2334 ce-

95 2351 175 2389 lare
219 2350 414 2391 debuerat.
470 2350 633 2391 Pulchre
678 2365 749 2389 au-

96 2416 174 2445 tern
199 2403 356 2454 faeum,
393 2406 496 2458 qnod
517 2417 623 2445 metu
652 2419 745 2457 quo-

97 2461 185 2500 dam
217 2459 426 2513 compulsus
458 2460 576 2503 senex
603 2458 748 2515 ingres-

95 2514 156 2556 fus
186 2516 239 2555 est
265 2517 305 2555 in
336 2517 490 2557 domum
519 2519 745 2567 meretricis,

95 2581 137 2611 vt
155 2570 230 2611 filio
250 2569 486 2620 subueniret3
519 2574 629 2622 effic,
653 2573 748 2613 dum

97 2627 176 2667 illic
197 2626 390 2669 Chremes
413 2629 486 2675 est,
521 2628 636 2668 frater
655 2643 748 2681 quo·

41 2664 80 2717 Q
99 2694 176 2735 que
195 2684 347 2725 vitiatae
372 2684 530 2738 virginis
555 2685 675 2736 adest!
707 2696 748 2725 et

1291 944 1462 993 Defessa

804 1068 1009 1110 Chaereae
1027 1068 1220 1120 promiffio
1241 1068 1288 1109 ad
1305 1071 1462 1124 nuptias

804 1124 1033 1176 completur.
1088 1129 1132 1166 E.

859 1194 885 1222 2
916 1181 1024 1219 Intro
1047 1182 1096 1219 ad
1115 1195 1182 1220 nos
1200 1183 1459 1237 veniterram]

802 1240 893 1278 Non
925 1233 1050 1290 gressu
1080 1250 1226 1285 errans,
1266 1251 1341 1277 nec
1380 1241 1456 1279 via:

803 1291 867 1333 sed
887 1295 1018 1331 animo
1038 1304 1077 1331 et
1096 1294 1297 1345 opinione.
1350 1297 1400 1334 D.

859 1361 880 1399 3
913 1348 1017 1388 Mihi
1032 1347 1141 1398 solae
1161 1349 1319 1388 ridiculo
1340 1351 1454 1404 fuit]

800 1402 880 1441 Soli
909 1404 1136 1456 regulariter
1164 1404 1321 1443 dicitur:
1347 1406 1455 1456 solae

800 1473 881 1498 non
904 1459 1018 1503 recte,
1052 1456 1116 1498 sed
1134 1460 1304 1510 antique.
1333 1473 1372 1500 vt
1390 1463 1456 1500 ali-

799 1514 861 1563 bi,
897 1516 978 1553 Hoc
997 1514 1072 1568 ipfia
1097 1517 1138 1553 in
1161 1517 1300 1563 itineres
1316 1517 1457 1557 alterae

801 1572 887 1610 dum
909 1583 1054 1616 narrat,
1068 1572 1181 1622 forte
1201 1571 1341 1610 audiui.
1375 1575 1422 1612 D.

854 1625 926 1666 Etfi
949 1626 1056 1676 solae
1083 1627 1176 1665 olim
1205 1626 1347 1666 distum
1378 1628 1461 1672 estt

802 1695 885 1720 non
904 1692 1034 1720 tamen
1056 1682 1370 1733 vnquamfhloifr
1381 1698 1456 1722 ma-

801 1735 888 1776 scul.
916 1750 984 1787 pro
1000 1738 1092 1787 soli.
1149 1738 1357 1777 Caeterum
1379 1740 1455 1789 sci-

801 1792 882 1832 bam
903 1795 1040 1844 placet‚
1064 1806 1134 1845 pro
1143 1793 1320 1844 fiieham.
1352 1797 1394 1834 Β.

855 1863 882 1903 4
908 1848 1014 1903 Quid
1033 1849 1100 1887 hoc
1119 1863 1237 1888 autem
1265 1849 1366 1903 qll3]
1397 1851 1456 1889 Ri-

800 1903 823 1942 d
828 1916 957 1943 entem
969 1906 1328 1945 miraturParmeno.
1338 1906 1457 1946 Nunc

798 1960 839 1998 id
855 1961 1018 2014 prodeo]
1047 1961 1273 2012 Propterid.
1332 1964 1381 2001 D.

852 2028 874 2067 5
913 2019 959 2056 In
997 2027 1083 2055 vett.
1114 2016 1222 2055 libris
1251 2018 1387 2056 Faerni
1416 2027 1455 2056 et

782 2071 932 2110 *nostris
953 2072 1086 2120 verba,
1112 2087 1168 2111 me
1184 2076 1332 2126 quaerit
1355 2073 1453 2121 haec,

797 2126 1241 2180 affirmatiueleguntnr.
1300 2132 1341 2169 B.

851 2187 876 2225 6
903 2183 1008 2237 Qcid
1027 2185 1151 2223 rides?
1175 2183 1367 2238 pergin’?]
1394 2187 1453 2224 Ex

796 2237 909 2278 huius
937 2239 1062 2279 verbis
1091 2238 1257 2278 ostendit
1284 2239 1454 2290 (ostendi-

796 2296 892 2346 tur),
924 2307 1039 2346 quam
1063 2295 1225 2334 multum
1244 2295 1368 2334 rideat
1388 2309 1453 2349 pe-

798 2351 921 2389 tulans
950 2351 1089 2401 puella.
1148 2351 1267 2393 Perii]
1294 2354 1453 2401 Proprie

796 2404 858 2444 hic
888 2406 1009 2457 (hoc)
1039 2405 1200 2445 verbum
1230 2406 1282 2445 est
1306 2419 1450 2458 aptum,

798 2461 897 2513 quafi
917 2460 959 2500 fit
982 2459 1067 2500 laffa
1085 2461 1263 2501 ridendo.
1317 2466 1365 2502 D.

851 2519 911 2556 Ne
938 2515 1301 2569 claudicet-versus,
1343 2519 1447 2571 lege,

796 2574 889 2625 quid
917 2572 989 2612 tibi
1019 2573 1085 2625 (φὶς
1116 2584 1157 2614 vt
1173 2574 1350 2615 Creticus
1370 2574 1451 2613 effi·

799 2629 929 2668 ciarur.
983 2632 1025 2671 B.
1278 2655 1280 2657 >

907 2684 950 2724 li
