1815 3168
290 199 388 248 260
633 192 1299 248 Q-fiffi'cea-

382 320 744 375 FABVLAE
798 317 1558 371 lNTERLOCVTORES.

288 463 554 493 ANTIPHO
582 448 795 499 adolescens.
995 459 1259 489 PARMENO
1283 445 1429 498 seruus.

288 523 314 549 c
329 521 358 548 Η
369 520 396 547 Α
409 519 436 547 Ε
449 519 478 547 R
490 520 510 545 E
521 519 550 545 A
579 504 791 556 adolestens.
994 518 1017 545 Ρ
1030 518 1054 543 Η
1068 517 1095 543 Α
1107 517 1134 543 Ε
1147 516 1174 543 D
1186 516 1215 543 R
1226 516 1241 542 1
1253 515 1281 542 A
1312 502 1524 555 adolefiens.

287 579 313 606 c
326 577 352 603 Η
367 579 388 605 R
400 577 428 604 Ε
438 576 473 603 Μ
488 576 512 602 ε.
525 574 548 602 s
563 561 764 611 adolfi-ens
774 558 944 612 rusticus.
993 574 1017 600 P
1033 574 1058 599 Y
1072 573 1099 600 'r
1111 573 1137 600 Η
1152 573 1170 599 1
1182 572 1209 598 A
1222 571 1244 597 s
1273 558 1418 599 ancilla.

285 632 316 662 D
329 634 357 661 0
367 632 394 659 R
404 633 417 659 1
428 633 456 659 A
470 631 492 659 s
525 615 671 657 ancilla.
995 629 1018 656 s
1030 628 1055 654 A
1067 629 1095 655 N
1107 626 1136 655 G
1146 627 1176 655 A
1206 615 1298 654 lixa.

287 690 316 717 n
329 688 430 716 on
441 688 462 715 s
491 673 683 713 eunuchus.
995 684 1018 712 s
1032 686 1060 713 ο
1073 685 1095 712 P
1111 685 1135 709 u
1146 684 1172 711 R
1186 683 1213 711 0
1227 684 1254 711 N
1266 683 1296 710 Α
1325 673 1469 713 nutrix.

287 745 318 772 a
329 745 355 771 Ν
373 745 403 772 A
417 745 446 771 ’r
459 744 488 770 H
502 744 524 769 o
549 741 643 782 para
661 729 747 770 itus.
996 741 1026 768 'r
1038 740 1069 766 n
1081 739 1134 767 Al
1149 740 1171 767 s
1203 729 1394 767 meretrix.

285 799 503 830 ιΛσΗεε
527 787 658 839 senex.
995 795 1224 824 TflRAso
1253 784 1365 828 miles.

481 922 878 972 IDIOMATA
923 923 1443 971 PERSONARVM.

392 1047 586 1099 Antipho,
616 1047 716 1100 quod
741 1045 872 1084 obuius
899 1057 1088 1098 appareat.
1149 1045 1343 1095 Chaerea,
1376 1060 1400 1084 a
1421 1047 1589 1101 gaudio:
1621 1059 1653 1085 c·

277 1105 418 1161 phebus
439 1106 488 1145 ad
505 1104 649 1157 quiduis
667 1101 803 1147 audax,
822 1104 1044 1155 incogitans‚
1062 1114 1098 1141 et
1115 1103 1336 1153 impotenter
1354 1116 1489 1141 amans.
1532 1101 1652 1142 Chre-

279 1175 383 1211 mes,
415 1160 616 1211 adolescens
635 1161 721 1198 ruri
739 1157 931 1205 educatus,
961 1170 1071 1210 eoque
1091 1157 1252 1197 ciuilium
1271 1157 1535 1197 blanditiarum
1556 1159 1652 1208 inso-

282 1220 378 1267 lens,
409 1232 443 1258 et
465 1220 606 1257 artium
624 1217 829 1267 imperitus.
886 1215 1043 1262 Dorias,
1072 1211 1118 1251 ab
1147 1213 1246 1264 hasta
1264 1244 1273 1262 ,
1298 1214 1401 1265 quod
1422 1217 1461 1254 in
1480 1212 1567 1253 bello
1586 1229 1650 1255 ca-

278 1274 420 1329 ptafi't.
477 1277 622 1320 Dorus,
654 1271 753 1325 quod
770 1271 867 1309 dono
887 1272 1065 1310 mittatur
1092 1269 1238 1309 Thaidi.
1296 1268 1472 1318 Gnatho,
1502 1284 1524 1308 a
1547 1284 1652 1309 man·

282 1330 432 1377 dibula,
475 1343 517 1369 vt
543 1330 650 1368 edax.
710 1329 890 1381 Pingitur
915 1325 1114 1376 assentator
1150 1339 1186 1363 et
1214 1324 1375 1364 callidus.
1433 1324 1598 1376 Laches,
1628 1341 1651 1366 a

271 1387 469 1440 sortiendo
496 1384 578 1438 flue
606 1383 651 1423 ab
675 1383 895 1422 intendendo
914 1384 1093 1422 actionem
1115 1383 1362 1426 iniuriarum,
1389 1383 1474 1434 pius
1491 1384 1531 1419 in
1543 1380 1652 1431 filios
1681 1385 1683 1387 ’

281 1457 317 1483 et
333 1441 535 1484 vehementi
554 1443 713 1496 ingenio,
771 1441 979 1485 Parmeno,
1015 1438 1114 1491 quod
1127 1438 1257 1489 fitz'ulo
1277 1437 1370 1488 adsit
1400 1439 1546 1476 domino
1563 1438 1652 1488 suo,

280 1498 434 1538 callidus
469 1511 505 1537 et
533 1496 622 1549 osor
654 1497 897 1537 meretricum.
952 1493 1158 1542 Phaedria,
1193 1492 1239 1532 ab
1273 1490 1464 1533 hilariiate
1494 1507 1652 1540 morum,

279 1555 456 1596 cordatus
483 1552 704 1604 adolescens,
746 1565 782 1591 et
809 1564 889 1589 cum
915 1549 1041 1590 morbo
1061 1550 1134 1604 fico
1158 1562 1339 1605 pugnans.
1396 1548 1572 1604 Pythias,
1604 1549 1649 1589 ob

281 1610 541 1660 calliditatem,
572 1622 637 1649 aut
655 1607 754 1661 quod
771 1611 893 1647 otnnia
913 1619 1167 1659 percontetur.
1226 1608 1368 1660 Sanga,
1398 1621 1419 1645 a
1438 1612 1565 1656 σάττω,
1585 1607 1654 1646 hoc

281 1668 339 1720 cst,
359 1683 380 1707 a
400 1665 656 1719 componendis
664 1663 829 1715 sarcinis
848 1665 963 1703 dic'ius
980 1664 1144 1703 videtur.
1201 1663 1384 1719 Pingitur
1407 1661 1503 1703 liber
1520 1677 1562 1702 ac
1589 1663 1653 1701 do·

279 1726 373 1764 mini
404 1736 626 1773 contemtor,
658 1721 781 1774 quales
803 1720 890 1772 fire
915 1723 1038 1773 coqui.
1099 1719 1330 1772 Sophrona,
1360 1733 1382 1758 a
1409 1723 1652 1771 temperantia

280 1794 317 1820 et
345 1793 489 1820 morum
507 1777 746 1833 frugalitate,
803 1775 944 1824 Thais,
975 1791 997 1816 a
1019 1787 1164 1829 pauone
1194 1777 1346 1815 videtur
1372 1775 1488 1824 ditia,
1519 1776 1651 1816 addita

219 1841 222 1843 ’
280 1835 517 1890 aspiratione.
577 1834 775 1875 Inducitur
793 1834 947 1871 cordata
968 1846 1004 1871 et
1022 1833 1156 1882 ciuilis,
1179 1846 1215 1872 et
1234 1834 1548 1872 intermeretrices
1561 1843 1651 1884 pro-

281 1892 340 1933 bis
367 1890 543 1934 moribus.
593 1887 762 1940 Thraso,
800 1903 822 1928 a
858 1887 1092 1940 confidentia.
1147 1889 1324 1944 Pingitur
1348 1887 1504 1942 stolidus
1529 1901 1565 1928 et
1590 1902 1651 1928 ar·

282 1961 427 2006 rogans.

1463 2740 1509 2788 P.
1542 2740 1653 2787 TE-
