1815 3168
528 141 640 210 >m:
673 163 1049 210 THEATRO.
1280 180 1467 212 Lxxm

166 282 263 322 Ludi
279 282 409 335 igitur,
429 291 469 321 et
492 282 667 330 Ludicra,
688 296 787 334 quae
806 284 921 322 etiam
946 284 1154 322 certamina
1173 296 1352 322 vocarunt
1369 285 1467 324 Lati-

112 339 166 387 ni,
182 339 317 378 Graeci
330 341 488 392 Agonas,
506 340 713 378 multorum
726 351 915 392 generum
931 336 1109 378 fuerunt:
1133 352 1264 389 neque
1286 353 1375 377 vero
1387 353 1466 379 vno

113 404 259 434 tantum
280 391 494 445 speflaculo
514 395 555 432 in
575 394 734 446 publicis
753 395 852 434 ludis
864 393 1112 436 detinebatur
1129 395 1308 445 populus.
1347 398 1466 435 Erant

111 459 239 489 autem
256 449 355 491 Ludi
379 449 549 501 Gymnici
567 461 606 489 et
624 449 824 490 Athletici:
847 451 944 488 Ludi
959 449 1164 499 Circenses:
1187 450 1288 488 Ludi
1313 448 1466 489 Gladia-

109 507 218 545 torii:
250 516 289 543 et
319 506 411 545 Ludi
439 505 595 553 Scenici‚
629 506 678 545 de
713 505 851 556 quibus
874 519 977 543 nunc
1002 504 1221 557 fingulatirn
1253 505 1307 544 est
1336 508 1466 556 paucis

109 557 379 610 differendum,
406 564 543 613 partim
569 574 617 600 ex
639 561 806 608 Budaeo,
835 560 987 599 nostrae
1006 562 1155 600 Galliae
1177 562 1349 609 lumine,
1381 575 1466 612 par-

108 615 176 655 tim
199 629 246 654 ex
264 619 458 666 Vitruuio,
480 618 661 662 Luciano‚
684 628 725 655 et
744 617 826 656 aliis
843 617 1010 668 antiquis
1032 616 1256 656 auctoribus.

167 673 337 720 Gymnici
366 684 405 712 et
430 673 606 713 Athletici
631 673 714 711 ludi
747 674 786 710 in
805 672 998 712 Palaestris
1018 685 1061 711 ac
1079 672 1291 725 Gymnafiis
1319 671 1466 712 fiebant

106 728 207 780 apud
226 730 408 774 Graecos,
432 742 532 780 quae
553 729 636 768 loca
653 727 810 767 fuerunt
829 727 1056 767 exercendis
1076 740 1114 766 et
1132 729 1302 780 corporis
1321 739 1359 767 et
1383 729 1464 766 ani-

105 786 158 824 mi
179 783 319 823 viribus
339 785 635 824 accommodata.
689 786 789 823 Nam
817 785 934 822 etiam
960 784 1001 822 in
1022 784 1068 822 iis
1088 784 1279 823 Palaestris
1301 794 1367 823 aut
1389 786 1465 835 Gy·-

105 839 261 880 mnafiis
283 841 450 880 exedrae
468 840 643 886 fuerunt,
684 840 726 878 in
753 839 892 891 quibus
913 837 1138 891 Philosophi
1166 841 1303 879 Graeci
1328 838 1464 879 seden-

105 906 163 934 tes
191 893 443 946 disputabant.
499 897 575 936 Sed
604 906 643 934 et
662 894 867 945 Palaestrae
888 896 1096 947 appellatio
1127 909 1287 935 omnem
1306 896 1465 935 Athleti·

106 965 188 991 cam
210 964 331 990 artem
350 963 389 990 et
408 953 721 992 exercitationem
744 952 1022 1003 complectitur,
1042 951 1359 1002 decentiamque:
1390 965 1466 1002 qna

105 1008 231 1055 statim,
251 1018 388 1056 motus,
409 1005 606 1059 flexusque
623 1009 804 1059 corporis,
832 1020 876 1046 ac
894 1020 1030 1046 omnes
1051 1009 1210 1046 omnino
1230 1007 1380 1045 habitus
1399 1020 1464 1046 ve-

104 1062 291 1102 nustatem
311 1064 505 1114 quandam
524 1065 780 1115 leporemque
791 1077 882 1114 prae
895 1060 1090 1102 feserunt:
1111 1064 1301 1115 quamqui
1314 1077 1396 1101 non
1409 1063 1465 1102 di-

106 1118 291 1167 dicerant,
310 1120 337 1158 ii
349 1119 556 1173 Apalaestoi
571 1120 618 1159 ab
629 1121 797 1171 antiquis
808 1118 895 1158 dieti
907 1117 1001 1157 sunt.
1040 1122 1132 1158 Eam
1152 1132 1241 1157 vero
1259 1131 1378 1158 artem
1397 1120 1466 1170 qui

105 1175 350 1221 exercebant,
374 1186 439 1214 aut
457 1177 523 1226 qui
541 1177 583 1215 in
606 1176 790 1227 palaestra
810 1174 1102 1221 exercebantur,
1132 1175 1194 1213 vel
1214 1174 1464 1214 decertabant

104 1232 295 1283 praemiis,
306 1231 544 1282 Palaestritae
564 1233 626 1271 vel
635 1231 849 1283 Palaestrici
870 1230 958 1269 diffi
976 1229 1078 1269 sunt:
1100 1231 1313 1284 Gymnicus
1324 1231 1464 1270 Graeci

107 1288 224 1325 etiam
243 1297 444 1334 vocarunt,
471 1287 577 1338 quod
596 1287 688 1326 nudi
708 1286 890 1327 Athletae
911 1297 1195 1325 exercerentur.
1254 1286 1465 1327 Caeterum

107 1344 150 1382 in
177 1342 356 1393 palaestra
385 1341 574 1393 Gymnast'i
593 1344 739 1394 (inquit
758 1343 930 1394 Plautus)
961 1340 1090 1389 cursu,
1116 1342 1318 1390 luctando,
1349 1341 1464 1390 hasta,

108 1394 231 1445 disco,
262 1398 451 1450 pugilatu,
482 1396 652 1438 saliendo
674 1397 713 1437 se
730 1397 962 1437 exercebant
984 1396 1181 1437 Athletae.
1235 1395 1464 1438 Huiusmodi

108 1453 189 1492 ludi
208 1454 248 1492 in
271 1467 405 1504 campo
424 1454 566 1493 Martio
586 1455 688 1504 apud
708 1458 900 1495 Romanos
922 1452 1006 1491 fieri
1026 1451 1210 1491 solebant.

165 1510 247 1559 Qui
267 1509 472 1548 currebant
494 1510 534 1547 in
557 1509 656 1547 ludis
670 1509 878 1562 Gymnicis‚
899 1507 973 1546 boc
987 1507 1049 1554 est,
1070 1506 1174 1546 cursu
1184 1521 1345 1560 corpora
1356 1521 1465 1548 exer-

109 1563 262 1613 cebant,
284 1565 345 1603 vel
362 1578 410 1603 eo
430 1564 688 1612 decertabant,
708 1565 861 1605 Graecis
883 1564 1023 1603 Dromi
1041 1564 1291 1615 appellantur,
1313 1563 1386 1603 hoc
1398 1565 1463 1612 est,

109 1618 285 1659 cursores.
319 1622 495 1670 Quorum
516 1621 846 1660 aliistadiodromi
864 1619 1100 1664 dicebantur,
1121 1621 1187 1669 qui
1206 1619 1363 1659 stadium
1381 1634 1466 1671 per·

110 1675 333 1715 currebant:
364 1676 426 1714 alii
453 1675 725 1722 Diaulodromi,
753 1690 775 1713 a
797 1675 1027 1713 circumactu
1046 1675 1234 1721 curriculi,
1251 1674 1290 1713 id
1311 1675 1375 1725 est,
1398 1677 1466 1716 du-

109 1732 175 1784 plo
197 1731 400 1778 curriculo,
431 1730 533 1781 quod
553 1731 723 1769 Diaulon
752 1730 957 1769 vocabant:
984 1743 1074 1769 nam
1099 1730 1126 1768 ii
1149 1728 1315 1770 cursores
1344 1745 1465 1782 quum

108 1786 156 1827 ad
176 1798 318 1825 metam
337 1798 613 1838 peruenerant,
631 1786 838 1834 Heilentes‚
871 1799 920 1824 eo
938 1783 1061 1825 rursus
1080 1785 1338 1835 recurrebant,
1359 1788 1466 1828 vnde

107 1840 442 1881 cursuminierant.
472 1846 589 1883 Erant
600 1852 640 1881 et
649 1841 945 1889 Dolichodromi,
958 1839 1158 1892 quisexies
1170 1841 1332 1882 stadium
1352 1844 1466 1883 curri-

107 1898 196 1937 culo
218 1896 400 1936 obibant:
423 1889 514 1936 nam'
524 1897 701 1937 Dolichos
718 1898 959 1950 longiffimus
978 1894 1111 1940 cursus,
1121 1898 1329 1937 dicebatur.

162 1955 286 1999 Luna,
311 1954 464 1994 Graecis
484 1954 583 2000 Pale,
601 1955 662 1993 vel
682 1955 724 1992 in
745 1967 884 1999 coeno,
905 1953 966 1993 vel
984 1965 1112 2000 arena,
1137 1954 1200 1992 vel
1218 1955 1378 2005 puluere
1397 1953 1465 1993 fie-

107 2009 172 2049 bat
183 2024 194 2057 3
227 2009 331 2048 vnde
350 2010 547 2049 luctatores
566 2010 607 2047 in
627 2009 743 2051 Ludis
765 2009 976 2062 Gymnicis,
999 2021 1064 2048 aut
1085 2008 1278 2060 Palaestra,
1308 2011 1464 2054 Graecis

108 2065 290 2118 Palaestae
307 2066 499 2117 appellati.
552 2066 583 2105 li
603 2066 801 2115 luctaturi,
827 2065 1036 2112 ceromate,
1065 2066 1104 2104 id
1125 2065 1198 2113 est,
1228 2065 1317 2105 oleo
1335 2077 1464 2105 cerato

104 2121 462 2174 perfundebantur:
503 2121 607 2160 vnde
636 2123 703 2173 qui
729 2134 796 2160 eos
825 2121 1045 2175 vngebant,
1079 2122 1333 2172 Ceromaustae
1359 2121 1463 2161 dicti,

105 2176 260 2219 Puluere
281 2190 439 2228 quoque
456 2177 539 2229 post
556 2177 778 2217 vnc‘lionem
796 2175 1138 2230 inspergebantur,
1166 2188 1204 2216 vt
1224 2190 1385 2230 corpora
1403 2191 1466 2217 ce·

106 2244 255 2272 romare
283 2244 323 2273 et
334 2230 475 2272 sudore
502 2233 649 2273 lubrica
675 2245 827 2281 mutuas
855 2234 1079 2272 luctantium
1101 2232 1380 2284 prehensiones
1400 2233 1464 2274 ad·

106 2289 326 2331 mitterent:
356 2289 460 2328 vnde
478 2300 611 2328 natum
632 2284 904 2340 prouerbium,
934 2290 1042 2329 Citra
1056 2289 1221 2342 pulueris
1237 2291 1384 2337 tastum,
1411 2289 1464 2330 de

106 2345 166 2394 iis,
186 2347 252 2396 qui
269 2344 384 2384 facile
404 2345 551 2396 aliquid
568 2343 727 2384 affecuti
746 2344 840 2392 funt,
862 2354 902 2384 et
917 2345 1009 2384 citra
1025 2342 1211 2393 sudorem,
1233 2345 1337 2398 quod
1357 2356 1398 2385 et
1417 2348 1464 2385 ci-

105 2414 167 2440 tra
180 2401 369 2454 puluerem
388 2401 464 2440 dici
483 2400 615 2451 potest.
644 2405 743 2442 Eum
764 2402 967 2453 puluerem
979 2401 1117 2441 Graeci
1127 2401 1253 2453 Aphen
1268 2400 1462 2442 dicebant.

108 2458 216 2496 Inter
232 2457 438 2498 luctatores
451 2457 606 2508 quidam
626 2455 780 2496 summis
797 2458 901 2497 inter
920 2453 958 2495 se
971 2456 1149 2495 manibus
1168 2456 1462 2510 depugnabant,

109 2513 217 2551 nullo
237 2514 441 2564 complexu
461 2513 687 2552 haerentes:
714 2526 782 2553 eos
799 2511 1076 2564 Acrochiristas
1103 2513 1292 2552 vocabant
1309 2514 1461 2554 Graeci.

107 2569 187 2607 Alii
209 2570 360 2609 viciffim
376 2568 572 2608 feriebant
587 2569 786 2609 arrectaria
805 2570 1101 2617 concertatione,
1126 2568 1199 2608 hoc
1217 2568 1280 2618 est,
1311 2569 1460 2620 arrecti,

111 2635 147 2662 et
165 2625 327 2675 puluere
347 2625 465 2675 obsiti,
490 2626 583 2667 alter
606 2626 770 2667 alterum
786 2624 1030 2682 impetebant
1048 2623 1230 2678 procursu
1252 2625 1465 2666 calcitratu-

1362 2694 1462 2738 quc:
