1815 3168
476 149 1002 199 HEAVTONTIM.

1319 163 1411 211 553

192 282 292 328 Nec
310 297 396 334 vas,
416 295 497 326 nec
519 277 842 327 vestimentum:
879 275 1033 325 corrasi
1057 280 1219 324 omnia.

92 368 158 416 90
194 356 397 408 Ancillas,
419 354 578 403 seruos,
599 352 678 401 nifi
699 371 787 408 eos,
808 357 885 417 qui
907 370 1040 418 opere
1061 352 1222 400 rustico

191 430 413 477 Faciundo
435 429 557 477 facile
578 430 766 477 sumtum
791 440 1040 477 exercerent
1059 429 1197 480 suum,

194 507 351 551 Omnis
370 505 559 570 produxi
581 523 628 552 ac
652 504 853 553 vendidi:
890 502 1078 569 inscripsi
1104 504 1207 550 ilico

191 580 324 630 Aedis
345 582 563 635 mercede.
599 579 714 647 quali
736 582 893 629 talenta
912 580 966 628 ad
991 579 1243 645 quindecim

54 852 89 863 μ
115 806 168 855 89
199 800 354 854 Corrqfi'
390 803 532 857 omnia]
569 803 713 842 Omnia

56 859 270 910 compilaui,
281 859 455 899 vendidi.
512 859 613 899 Huic
626 871 713 897 con-

57 914 213 953 trarium
239 915 318 963 est,
358 914 562 954 abradere:
590 926 629 953 et
661 913 713 954 est

57 983 128 1023 per
148 971 225 1008 vim
243 970 385 1021 aliquid
405 969 565 1010 auferre.
613 970 713 1011 Cum

58 1037 188 1065 autem
231 1026 363 1065 dicere
396 1027 598 1075 volumus,
647 1026 712 1065 ali·

59 1095 177 1132 quern
203 1081 301 1121 nihil
325 1083 488 1121 omnino
523 1092 601 1121 tam
629 1095 712 1133 par-

57 1151 152 1176 uum
177 1136 372 1189 reliquiffe
399 1151 447 1177 ex
473 1138 587 1177 rebus
622 1135 708 1185 suis,

57 1193 163 1245 quod
199 1207 281 1233 non
315 1194 570 1241 alienauerit,
608 1194 712 1232 reete

58 1250 242 1299 dicemus,
267 1253 392 1290 omnia
411 1246 577 1301 corrafi't,
609 1247 712 1301 quafi

55 1308 175 1345 etiam
194 1303 518 1356 raseritparietem
543 1316 614 1344 ete.
671 1305 713 1344 Si

57 1375 108 1402 ex
133 1362 210 1400 illis
238 1360 419 1400 radendis
446 1360 592 1411 aliquid
610 1373 714 1399 com-

55 1418 164 1458 modi
199 1417 370 1469 potuerit
404 1414 599 1467 consequi.
653 1419 715 1454 In-

56 1474 210 1514 tei-dum
229 1473 419 1512 corradere
434 1470 622 1525 fignificat
642 1469 716 1509 dif-

57 1529 209 1570 ficulter
247 1541 478 1580 comparare.
552 1531 713 1568 Terent.

58 1588 101 1626 in
131 1583 298 1635 Adelph.
339 1586 470 1625 Minas
493 1583 609 1623 decem
638 1597 715 1623 cor-

57 1645 180 1683 radet.
240 1641 286 1683 C.

114 1695 269 1746 Conrasz'
281 1696 420 1750 omnia]
449 1697 535 1735 Hoc
553 1693 618 1742 est,
640 1694 713 1732 col-

60 1756 142 1808 legi
193 1751 368 1793 vniuersa
426 1764 525 1803 quae
571 1750 715 1789 vende-

59 1825 153 1851 rem.
209 1812 251 1849 E.

114 1867 194 1906 Nec
239 1864 304 1903 vas
345 1876 409 1902 nec
444 1862 717 1916 vestimentum]

57 1921 206 1965 Probus
224 1921 266 1959 in
288 1918 507 1958 Catholicis.
567 1921 608 1959 L.

113 1991 170 2032 90
215 1977 331 2030 Opere
369 1974 552 2029 faciundo
590 1974 713 2027 facile

49 2034 238 2087 ficmtum]
269 2034 407 2073 Seruos
417 2026 614 2069 vniuersos
626 2043 712 2082 pro-

62 2090 171 2130 duxit
189 2101 229 2129 et
252 2087 440 2136 vendidit,
463 2087 635 2138 exceptis
652 2086 712 2125 his

63 2148 131 2198 qui
148 2144 212 2185 suo
232 2156 351 2196 opere
368 2141 452 2182 suos
469 2141 610 2182 sumtus
620 2144 713 2182 tole-

61 2215 144 2242 rare
168 2199 332 2254 possent.
386 2204 432 2242 E.

117 2269 168 2310 91
212 2257 375 2297 Sumtum
407 2255 590 2309 exercent]
629 2255 715 2294 Vir-

66 2313 132 2366 gil.
160 2315 259 2353 Aen.
294 2325 402 2359 vm,
437 2323 531 2365 424.
564 2311 714 2363 ferrum

66 2367 292 2408 exercebant.
349 2373 389 2409 L.

119 2424 346 2477 Legendum
364 2420 452 2471 effe,
462 2420 632 2472 ficmtum
653 2437 715 2461 ex-

53 2479 260 2532 finirent,
287 2477 327 2518 h.
359 2491 392 2518 e.
413 2479 479 2530 qui
499 2478 639 2518 laboris
658 2476 715 2517 sui

61 2535 185 2575 frusta
204 2535 383 2574 alimenta
410 2531 473 2574 sua
497 2533 719 2588 compensa-

65 2602 174 2639 rent,
202 2591 267 2642 qui
293 2603 411 2641 opere
437 2588 502 2630 suo
528 2588 718 2643 impensas

65 2647 219 2688 domini
253 2644 464 2699 pensarent
497 2658 538 2688 et
571 2647 720 2689 resarci-

1301 656 1418 702 Coe-

760 810 857 848 rent,
875 799 978 841 reite
999 799 1144 853 primus
1162 799 1259 839 vidit
1274 799 1418 838 Palme-

761 860 851 898 rius.
920 860 1018 897 Nam
1043 855 1209 906 fhmtum
1249 868 1418 894 exercere

760 915 928 967 intelligi
968 914 1115 964 nequit.
1185 908 1346 952 Deinde
1374 911 1418 949 in

762 971 848 1012 cod.
880 971 1021 1012 Colon.
1049 967 1154 1020 apud
1185 968 1419 1008 Palmerium

762 1027 817 1067 est
837 1042 858 1065 a
877 1040 994 1066 manu
1024 1025 1169 1076 prima,
1203 1026 1417 1071 exercirent,

761 1084 853 1123 etin
874 1084 1005 1129 altero,
1026 1083 1237 1120 exerciunt:
1268 1080 1309 1118 in
1321 1092 1420 1118 mat·-

762 1141 855 1193 gine
865 1138 945 1178 cod.
958 1138 1092 1177 Bemb.
1105 1136 1169 1183 est,
1191 1147 1419 1182 exercerent,

761 1194 981 1246 rqfizrcirent
990 1210 1005 1232 .·
1041 1204 1080 1231 et
1090 1192 1224 1232 Paulus
1234 1193 1275 1231 in
1287 1191 1421 1242 Epito-

760 1264 824 1292 ma
864 1249 985 1291 Festi:
1023 1247 1266 1296 Exercirent‚
1293 1249 1420 1297 Jc'trci-

761 1321 856 1356 rent,
878 1306 918 1346 id
937 1304 1040 1358 quod
1059 1317 1108 1344 ex
1124 1304 1304 1344 Terentii
1331 1303 1420 1342 loco

761 1361 928 1403 sumtum
947 1359 1023 1402 effe
1044 1360 1207 1400 videtur.
1264 1362 1306 1399 Β.

815 1431 870 1471 92
901 1418 1075 1456 Produxi
1091 1430 1135 1455 ac
1151 1415 1319 1468 vendidz]
1350 1417 1419 1455 Be-

763 1488 817 1514 ne
848 1474 1039 1526 produxi:
1085 1485 1176 1510 nam
1202 1473 1416 1522 producere,

761 1529 865 1570 foras
885 1530 1026 1568 ducere
1047 1526 1244 1581 fignificat.
1299 1531 1359 1568 M.
1370 1530 1419 1567 T.

763 1588 805 1625 in
825 1585 1102 1630 Frumemaria,
1136 1583 1254 1621 Nemo
1265 1595 1420 1622 tuorum

763 1645 965 1682 amicorum
986 1639 1049 1680 abs
1069 1653 1103 1678 te
1120 1639 1334 1691 produfi‘us,
1361 1651 1422 1677 ne·

761 1713 820 1738 mo
841 1702 1104 1751 interrogatus.
1161 1695 1266 1733 Hinc
1281 1695 1421 1746 produ-

763 1755 877 1794 c'tores
904 1754 1104 1799 dicuntur,
1152 1752 1216 1801 qui
1242 1750 1418 1803 virgines

761 1811 973 1857 abducunt,
1006 1821 1044 1849 et
1061 1819 1124 1846 eas
1148 1805 1197 1845 ad
1218 1805 1420 1857 quaestum

762 1875 977 1918 exponunt.
1035 1866 1081 1905 C.

816 1919 994 1974 lnfiripst
1007 1919 1102 1959 illico
1117 1917 1237 1972 aedes]
1257 1920 1343 1959 Hoc
1354 1917 1422 1967 est,

760 1979 877 2020 aedes
897 1990 1000 2017 meas
1020 1976 1157 2016 locaui.
1209 1978 1255 2016 E.

814 2048 866 2089 93
912 2031 1068 2073 Talenta
1117 2031 1167 2071 ad
1213 2030 1419 2084 quindecim

762 2091 880 2147 coegi]
926 2086 1109 2141 Congeffi
1127 2117 1136 2135 ‚
1186 2086 1418 2127 coadunaui.

761 2150 867 2190 Hine
899 2145 1078 2185 coaetores
1111 2143 1420 2195 argentariorum

763 2205 953 2247 dicuntur,
974 2200 1040 2255 qui
1061 2199 1245 2250 pecunias
1257 2209 1417 2251 cogunt.

761 2260 975 2300 Talentum
998 2253 1242 2295 Atheniense
1256 2268 1419 2307 paruum

765 2314 908 2355 constat
926 2326 973 2351 ex
993 2325 1054 2351 Lx.
1075 2311 1194 2349 minis
1216 2308 1280 2350 seu
1298 2310 1419 2349 libris.

765 2372 978 2411 Talentum
1003 2379 1093 2406 vero
1120 2379 1309 2419 magnum
1331 2379 1421 2405 con-

763 2428 831 2468 stat
849 2439 897 2465 ex
914 2424 1110 2476 octoginta
1126 2423 1254 2472 tribus,
1277 2433 1316 2462 et
1330 2436 1421 2475 qua-

767 2495 852 2524 tuor
876 2482 1008 2520 vnciis.
1065 2480 1110 2520 C.

822 2536 951 2579 Verba
987 2532 1154 2588 instripfi
1190 2534 1275 2574 ilico
1318 2535 1422 2574 aedes

767 2594 924 2635 mercede
945 2592 1144 2631 Bentleius
1172 2603 1259 2630 cum
1279 2594 1423 2644 Eugra-

768 2650 860 2703 phio
890 2649 993 2689 reste
1018 2648 1157 2701 accipit
1179 2646 1231 2688 de
1247 2647 1420 2688 locandis

878 2709 924 2750 M
937 2717 976 2745 m
1006 2715 1031 2759 5
1292 2751 1295 2754 ⁴
1310 2702 1422 2747 taedi-
