1815 3168
705 132 1003 180 ANDRIA.
1441 155 1529 205 241

297 265 418 310 Nam
433 262 552 308 hunc
571 260 655 308 scio
678 277 774 307 mea
794 259 927 306 solide
945 260 1082 307 solum
1098 262 1345 321 gauisurum
1359 268 1530 325 gaudia.

234 407 539 459 ACTVS
607 406 951 467 QleTl
1006 406 1310 460 SCENA
1356 410 1450 463 V1.

340 496 960 540 DAVVS.PAMPH1LVS.
995 497 1335 539 CHARINVS.

158 628 238 738 P
256 651 280 679 A
304 651 340 680 M
361 651 385 680 P
402 653 432 680 H
452 653 470 679 1
493 651 519 679 L
541 652 571 681 v
591 652 608 679 s
651 632 827 681 vbinam
848 635 920 680 hic
943 629 1036 684 est?
1057 631 1188 680 PAM.
1211 638 1354 682 Daue.
1377 633 1518 684 DAV.

470 711 566 772 quis
601 704 818 756 homo'st?
856 706 891 756 P
905 721 939 753 A
953 721 1008 755 M.
1045 725 1129 770 ego
1149 709 1259 757 sum.
1299 709 1450 758 DAv.
1489 731 1518 760 ο

457 785 698 849 Pamphile.

291 856 440 908 PAM.
478 858 628 906 Nescis
657 860 766 923 quid
786 859 896 907 mihi
918 860 1137 920 obtigerit.
1180 858 1273 907 DA
1288 874 1337 908 V.
1373 874 1517 911 certe:

385 933 458 981 sed
479 934 585 998 quid
606 935 717 981 mihi
742 935 961 996 obtigerit,
987 936 1084 983 scio.

290 1006 370 1060 PA
384 1023 440 1055 Μ.
473 1013 531 1056 Et
562 1010 739 1073 quidem
772 1028 870 1071 ego.
915 1009 963 1057 D
979 1025 1010 1056 A
1026 1023 1071 1056 V.
1113 1028 1239 1060 more
1278 1012 1517 1063 hominum

385 1086 548 1139 euenit,
567 1096 626 1140 vt,
651 1085 772 1151 quod
793 1085 869 1134 fim
889 1083 1043 1134 naElus
1066 1086 1183 1141 mali,

210 1292 233 1335 8
267 1284 371 1323 Nam
389 1284 484 1324 hunc
497 1284 581 1337 scio
599 1300 677 1326 mea
685 1284 808 1336 fivlide

1384 1168 1513 1213 Prius

909 1297 935 1327 2
974 1285 1046 1325 Sed
1073 1287 1164 1340 quid
1193 1288 1288 1327 mihi
1320 1286 1511 1343 obtigerit,

142 1339 270 1393 solum
298 1342 517 1395 gauisurum
543 1342 703 1395 gaudia]
744 1344 807 1389 Α’ς-
842 1340 949 1394 fi-io]
980 1341 1071 1391 Scio,
1093 1342 1132 1382 id
1146 1342 1209 1389 est,
1224 1341 1483 1395 persensi.‚D.

152 1394 313 1443 χαϊσμδς.
365 1396 637 1452 solidesblum]
667 1398 808 1451 Figura

154 1451 338 1500 πκξᾶμοιον.
394 1455 446 1495 D.

213 1519 232 1549 1
265 1508 478 1560 Pamphilus
489 1506 636 1548 vbinam
647 1508 706 1548 hic
717 1509 808 1563 estf]

152 1567 200 1604 In
219 1562 294 1602 hoc
311 1565 410 1604 Aeu
428 1565 524 1603 mira
541 1576 622 1604 ane
643 1579 688 1605 ea
708 1578 807 1616 quae

152 1618 295 1661 restant
323 1620 374 1658 de
397 1621 612 1660 Comoedia
636 1620 808 1660 breuiter

152 1675 403 1726 explicantur,
425 1686 465 1714 et
484 1675 729 1728 designantur
741 1676 806 1714 du-

152 1744 262 1770 arum
287 1729 455 1771 sot-orum
487 1733 620 1784 (vulgo
649 1733 806 1771 duorum

141 1786 348 1838 sociorum.
423 1788 603 1839 Legerim
650 1788 806 1828 duorum

146 1843 368 1896 procorum)
378 1841 497 1882 binae
507 1843 676 1894 nuptiae.
699 1845 806 1882 Pam-

147 1896 270 1951 philus
295 1897 447 1937 vbinam
463 1899 522 1937 hic
538 1897 616 1950 est?
649 1901 694 1939 P.
721 1900 805 1939 Da-

151 1966 206 1993 ue.
234 1954 287 1993 D.
316 1956 499 2010 Qisnam
518 1956 624 1994 homo
642 1955 727 2008 ςβῗ]
758 1960 805 1996 111

151 2007 292 2048 affe&u
309 2009 514 2063 gaudentis
535 2012 736 2063 Pamphili,
765 2023 807 2051 et

148 2066 253 2107 Daui
273 2066 530 2118 gratulatione
540 2069 806 2120 cognitionem

149 2134 278 2160 rerum
305 2121 479 2163 Charino
506 2124 703 2174 praebuit:
743 2138 805 2163 cu·

151 2177 210 2216 ius
240 2175 400 2229 persona
436 2192 553 2230 parce
580 2181 694 2219 vritur
721 2179 806 2232 post

151 2234 320 2286 (propter
337 2236 395 2286 Z.)
424 2235 712 2285 compendium.
749 2238 800 2276 D.

208 2288 383 2330 Eandem
406 2290 614 2330 leffionem
641 2290 720 2343 ipse
739 2294 805 2331 Fa-

153 2357 268 2383 ernus
282 2346 471 2397 expreffit.
505 2347 583 2388 Sed
603 2348 681 2386 duo
693 2347 803 2387 codd.

151 2397 300 2439 vhinam
325 2400 395 2452 est:
423 2413 462 2441 et
486 2403 570 2442 cod.
588 2404 708 2444 Acad.
739 2418 802 2458 ego

140 2454 232 2505 sum
254 2457 472 2509 Pamphilus.
521 2461 646 2500 ReE‘te.
704 2464 806 2501 Nam

151 2511 218 2550 illa
242 2512 482 2562 exclamatio,
515 2528 602 2554 cum
626 2516 682 2554 nil
703 2516 806 2555 aliud

154 2566 331 2615 addatur,
375 2568 524 2620 prorsus
564 2572 697 2624 inepta
736 2586 804 2624 pu·

152 2623 267 2662 tanda
293 2624 357 2664 est.
412 2627 454 2665 B.

910 1397 1038 1448 Nestis
1077 1399 1169 1450 quid
1201 1400 1292 1437 mihi
1318 1399 1512 1455 obtigerit]

857 1453 948 1502 Quo
970 1452 1155 1505 gaudium
1178 1455 1315 1494 melius
1336 1456 1510 1505 nunciet,

855 1509 980 1559 primo
997 1510 1232 1561 generaliter
1247 1511 1514 1563 interrogatio·

854 1577 946 1602 nem
967 1565 1163 1616 proponit.
1211 1566 1352 1616 Nestis,
1372 1567 1511 1617 inquit,

853 1620 948 1672 quid
990 1618 1178 1670 obtigerit.
1241 1621 1321 1661 Sed
1364 1626 1511 1670 Dauus,

855 1675 921 1725 qui
938 1675 1084 1713 vin'chis
1104 1675 1249 1722 fuerat,
1279 1677 1426 1727 aliquid
1454 1692 1512 1716 ac-

856 1731 972 1782 cepit,
991 1744 1034 1769 ac
1052 1729 1281 1783 respondet:
1315 1733 1421 1772 Certe
1433 1734 1511 1784 nef

856 1788 910 1825 cio
939 1788 1083 1840 quidem
1103 1788 1195 1839 quid
1219 1787 1419 1843 obtigerit,
1437 1790 1512 1839 fid

853 1843 945 1895 quid
967 1842 1059 1882 mihi
1077 1843 1254 1896 obtigerit
1270 1846 1373 1895 fiio:
1404 1844 1510 1895 quod

851 1900 891 1938 in
912 1898 1112 1951 pistrinum
1132 1896 1272 1949 miffus,
1306 1911 1346 1939 et
1364 1901 1510 1941 vinflus

854 1954 918 1996 est.
976 1957 1020 1995 E.

908 2025 931 2064 3
951 2011 1065 2051 More
1076 2010 1278 2065 hominum]
1306 2011 1513 2050 Hominum

851 2066 1033 2106 abundat.
1085 2066 1203 2107 More
1227 2067 1414 2106 hominum
1440 2080 1516 2105 eue-

852 2126 930 2174 nit,
964 2137 1007 2162 vt
1026 2123 1065 2161 id
1081 2122 1263 2174 quodstm
1284 2124 1413 2161 nactus
1434 2138 1512 2161 ma-

854 2180 902 2234 li]
946 2179 1052 2230 Quia
1087 2178 1189 2216 sama
1218 2178 1310 2217 mali
1338 2179 1511 2228 celerior,

855 2248 969 2287 quam
988 2234 1102 2272 boni:
1132 2233 1171 2272 id
1195 2233 1265 2282 est,
1295 2244 1334 2272 vt
1361 2232 1511 2274 facilius

854 2292 974 2337 mala,
1005 2302 1120 2340 quam
1141 2289 1244 2327 bona
1263 2290 1511 2330 nuncientur.

852 2346 917 2388 Ad
945 2345 1019 2383 hoc
1048 2358 1142 2397 ergo
1171 2344 1286 2392 dixit,
1317 2345 1423 2396 quod
1444 2346 1512 2385 ille

853 2404 960 2455 prior
982 2400 1103 2440 scierit
1122 2400 1227 2452 quod
1245 2398 1339 2439 ess'et
1349 2402 1509 2449 vinetus,

855 2472 970 2510 quarn
982 2454 1061 2508 ipse
1073 2457 1272 2509 cognitam
1285 2457 1512 2510 Glycerium

854 2512 1116 2567 cognosceret.
1177 2517 1228 2553 D.

910 2571 959 2608 Et
992 2570 1138 2622 quidem
1171 2567 1263 2622 ego]
1315 2567 1434 2618 Quod
1470 2577 1513 2606 tu

853 2625 978 2679 passus
1009 2623 1064 2673 iis,
1091 2627 1218 2675 Daue,
1247 2621 1337 2663 scio.
1400 2626 1514 2663 More

967 2682 1007 2732 Q
1397 2679 1513 2719 homi.
