1815 3168
368 160 463 210 350

746 141 903 194 ACT.
934 139 985 184 11.
1030 133 1227 185 SCEN.
1257 132 1331 182 ΙΙΙ.

501 267 745 335 Responde.
795 263 937 313 PAR.
984 266 1123 328 capias
1165 271 1214 309 tu
1245 262 1359 308 illius
1392 258 1566 310 vestem.
1617 256 1727 307 CH.

599 341 791 391 vestem?
831 340 937 403 quid
956 350 1050 386 tum
1074 336 1249 403 postea?

501 420 652 470 PAR.
688 423 773 465 Pro
803 417 878 462 illo
912 425 956 460 te
980 414 1150 462 ducam.
1187 409 1295 459 CH.
1335 410 1479 458 audio.
1510 407 1654 457 PAR.
1690 418 1734 455 te

606 491 688 541 esse
710 494 834 539 illum
855 489 1008 536 dicam.
1046 486 1153 536 CH.
1190 486 1403 548 intelligo.

405 582 469 631 80
504 570 583 619 ΡΑ
603 585 650 615 R.
691 574 769 615 Tu
789 567 871 612 illis
893 566 1038 612 fruare
1059 562 1325 615 commodis,
1359 559 1519 626 quibus
1543 571 1592 607 tu
1613 559 1738 606 illum

603 645 772 691 dicebas
806 641 941 688 modo
958 659 968 687 :

507 722 669 771 Cibum
692 737 775 767 vna
802 718 969 781 capias,
1000 713 1130 768 adfis,
1170 723 1334 774 tangas,
1365 710 1515 765 ludas,
1551 721 1738 777 propter

607 796 794 842 dormias
809 813 818 838 ι

507 869 881 932 Quandoquidem
907 867 1080 914 illarum
1100 881 1244 930 neque
1263 874 1306 911 te
1340 862 1566 929 quisquam
1594 862 1738 914 nouit,

605 961 750 1009 neque
771 943 846 990 scit
869 945 945 1007 qui
966 941 1058 993 fies.

372 1168 448 1211 Hic
474 1166 545 1209 ille
565 1161 798 1218 respondet:
826 1159 1033 1203 adulterum

372 1230 414 1265 in
432 1227 541 1265 domo
560 1224 764 1262 meretricis
781 1217 843 1275 eff&
863 1234 937 1259 non
947 1219 1034 1271 pos?

360 1284 428 1336 se,
456 1293 526 1334 per
542 1279 681 1319 statum
701 1277 907 1317 finitiuum.
934 1278 977 1315 E.

429 1344 482 1391 78
527 1337 660 1389 Capias
691 1347 731 1373 tu
759 1332 854 1372 illius
885 1330 1031 1384 vestem]

370 1399 466 1437 Non
505 1391 623 1432 semel
658 1389 889 1436 ostenditur,
928 1385 1034 1439 quod

373 1451 544 1492 futurum
571 1445 613 1486 fit
635 1448 780 1499 (Legex
811 1444 904 1485 Non
921 1438 1038 1495 simul

372 1507 588 1559 ostenditur,
609 1502 742 1557 quitis.
755 1501 795 1552 s
846 1501 907 1541 Sic
927 1501 1033 1539 enim

355 1564 422 1604 ›ad
448 1559 539 1602 vers.
567 1569 636 1613 75.
692 1558 786 1597 Non
811 1556 920 1595 fimul
944 1555 1034 1606 effu-

372 1621 432 1660 dit
460 1617 528 1657 hoc
558 1615 731 1666 bonum):
763 1614 852 1666 quia
871 1614 1033 1665 particu⁴

372 1672 483 1715 latim
511 1670 636 1726 potest
665 1672 782 1710 etiam
800 1669 904 1721 quod
922 1680 1035 1720 turpe

373 1731 449 1780 est,
486 1738 617 1770 tamen
639 1727 739 1767 mitti
764 1726 813 1766 ad
835 1723 1038 1777 persuafim

374 1797 482 1828 nem.
539 1785 666 1827 Simul
689 1783 732 1821 in
753 1782 900 1836 gestum
920 1779 1037 1832 respi-

377 1845 486 1882 citur.
544 1844 649 1893 Ergo
692 1849 775 1878 non
805 1838 921 1886 dixit,
960 1837 1035 1875 ibis

376 1911 447 1953 pro
469 1896 682 1940 Eunucho:
714 1892 778 1933 sed
798 1892 936 1945 prime,
969 1894 1037 1932 Ca=

372 1957 458 2009 pias
480 1953 576 1993 illius
594 1951 747 2001 vestem:
773 1960 854 1988 tum
873 1947 1033 1995 deinde,

377 2012 454 2050 hoc
472 2004 596 2060 ipsum
615 2021 695 2046 non
715 2001 942 2057 aspernante
970 2003 1036 2042 do·

376 2068 499 2114 mino,
520 2064 647 2117 pergit
663 2059 791 2101 seruus
810 2060 858 2100 ad
869 2071 1031 2106 caetera,

377 2135 481 2176 quae·
499 2120 701 2160 audaciora
719 2115 814 2157 sunt.
861 2115 990 2167 Vestem
1000 2112 1034 2169 ?]

375 2180 507 2231 Quam
535 2175 703 2215 libenter
730 2173 869 2220 audiat,
896 2172 1036 2222 repeti·

372 2237 430 2275 tio
458 2235 648 2273 &filorum
673 2243 745 2283 per
767 2229 1037 2281 interrogatio-

378 2305 471 2331 nem
499 2287 677 2328 ostendit.
733 2288 783 2326 D.

434 2358 488 2400 79
518 2343 661 2396 Audzo]
691 2342 735 2382 Id
763 2339 836 2389 est,
865 2339 1037 2380 libenter

375 2400 452 2443 hoc
470 2401 645 2446 admitto,
663 2410 701 2437 et
719 2395 931 2436 consentio.
980 2400 1035 2437 Vt

376 2459 419 2499 in
438 2458 682 2501 Phormione,
702 2455 827 2493 Audio
839 2465 874 2493 et
882 2454 1032 2504 fateor.

375 2525 415 2556 et
446 2524 597 2552 contra.
628 2512 720 2550 Non
745 2512 865 2550 audio.
922 2509 1033 2549 Intel-

375 2568 471 2626 ligo]
499 2570 623 2609 Audio
637 2575 674 2608 et
690 2566 851 2621 intelligo
864 2563 940 2605 vim
951 2578 1032 2604 mo-

376 2628 429 2669 do
465 2638 550 2668 non
580 2623 750 2666 vfitatam
791 2624 1029 2678 exprimunt,

1615 1016 1742 1060 Prae·

1081 1155 1225 1200 scilicet
1252 1155 1528 1200 consentientis
1555 1156 1741 1198 immodi-

1083 1231 1171 1256 cum
1193 1214 1383 1256 affeffirm.
1437 1219 1487 1258 D.

1134 1275 1283 1312 Omnes
1303 1271 1413 1312 codd.
1434 1269 1562 1318 nostri,
1590 1279 1742 1321 praeter

1083 1329 1172 1374 duo,
1187 1327 1331 1367 habent
1342 1327 1526 1375 deducam,
1543 1326 1650 1376 quod
1659 1323 1741 1377 ipse

1082 1380 1209 1425 versus
1230 1382 1466 1434 comprobat.
1522 1385 1565 1422 B.

1140 1447 1192 1489 80
1221 1444 1267 1480 In
1289 1439 1437 1485 verbis,
1476 1437 1608 1491 quibus
1635 1449 1678 1476 tu
1698 1435 1744 1476 il-

1082 1496 1167 1544 lum,
1195 1497 1254 1536 Tu
1271 1496 1374 1536 reete
1395 1494 1499 1535 abest
1517 1494 1560 1533 in
1577 1492 1660 1533 cod.
1675 1496 1743 1533 Pa·

1083 1551 1208 1593 trenfi.
1265 1556 1307 1593 B.

1138 1616 1186 1659 81
1222 1608 1355 1649 Cibum
1371 1618 1447 1648 vna
1467 1605 1607 1659 capias]
1635 1608 1744 1645 Bene

1085 1659 1212 1704 seruus
1247 1663 1521 1704 inter-turbauit
1552 1660 1664 1713 supra
1689 1660 1745 1698 di-

1085 1721 1160 1761 &as
1183 1716 1340 1761 amandi
1354 1721 1488 1767 lineas,
1513 1728 1552 1758 et
1563 1717 1744 1757 ordinem

1085 1779 1347 1830 voluptatum:
1381 1776 1528 1828 quippe
1550 1774 1615 1825 qui
1641 1786 1744 1812 ama-

1084 1844 1128 1873 re
1160 1846 1244 1873 non
1278 1833 1444 1872 nouerit.
1512 1830 1642 1871 Cibum
1667 1840 1743 1867 vna

1085 1894 1220 1942 capias,
1247 1887 1351 1939 adfi's,
1369 1902 1434 1928 tan
1435 1900 1514 1940 gas,
1527 1887 1641 1932 ludas,
1649 1896 1744 1936 pro-

1080 1958 1168 1999 pter
1191 1944 1374 1997 dormias]
1404 1942 1479 1982 Etsi
1496 1940 1579 1980 satis
1600 1951 1679 1980 erat
1689 1937 1743 1979 su·

1085 2002 1216 2054 perior
1236 1998 1371 2048 versus,
1397 2008 1527 2036 tamen
1546 1997 1745 2036 incentiua

1084 2056 1172 2110 sunt
1207 2057 1368 2104 amoris,
1404 2052 1522 2093 etiarn
1550 2052 1742 2105 sigillatim

1084 2113 1182 2153 haec.
1201 2121 1436 2158 enumerata,
1459 2121 1561 2161 quae
1570 2122 1646 2147 vna
1658 2106 1743 2146 sen-

1084 2170 1205 2210 tentia
1224 2167 1395 2220 superior
1417 2163 1542 2206 versus
1564 2163 1742 2204 ostende-

1084 2238 1151 2266 rat.
1208 2227 1258 2266 D.

1142 2289 1192 2331 82
1238 2275 1546 2336 Qandoquidem
1593 2275 1741 2315 illarum

1082 2338 1293 2393 qnisquam]
1324 2339 1408 2379 Pro,
1429 2349 1474 2373 ex
1492 2333 1575 2372 illis.
1631 2332 1742 2386 ΩΨ]-

1083 2395 1210 2449 quam]
1241 2393 1344 2443 Quia
1371 2403 1573 2444 quaequam
1601 2388 1738 2437 dicere,

1086 2445 1288 2490 absurdum
1322 2447 1385 2486 est,
1454 2444 1609 2485 marum
1639 2441 1741 2497 quis:

1083 2506 1207 2561 quam]
1237 2504 1455 2561 Qisqaam,
1471 2503 1599 2541 multis
1610 2514 1741 2540 exem-

1083 2565 1155 2616 plis
1182 2563 1366 2616 probatur
1403 2560 1519 2598 etiarn
1546 2557 1739 2597 feminino

1080 2631 1233 2677 genere
1259 2627 1409 2664 veteres
1432 2611 1652 2670 protuliffea
1684 2614 1739 2652 ita

1698 2677 1740 2708 Vt
