1815 3168
304 115 403 172 654

681 108 843 154 ACT.
876 107 950 151 IV.
995 105 1190 151 SCEN.
1222 105 1297 154 111.
1393 124 1401 148 n

339 251 408 300 40
443 232 547 285 CL.
584 238 784 282 Tantum
809 233 865 279 sat
884 233 1050 281 habes?
1084 231 1190 295 quid
1211 242 1307 278 tum
1330 231 1499 296 quaeso,
1534 227 1565 278 fi
1584 231 1671 279 hoc

543 320 665 377 pater
687 310 905 357 resciucrit
916 310 938 353 ἶ)

441 386 473 435 S
492 403 540 432 Y.
580 384 701 441 Quid
722 383 750 431 fi
777 383 908 430 redeo
922 382 974 429 ad
994 382 1106 436 illos,
1129 384 1204 445 qui
1217 385 1352 435 aiunt,
1377 381 1673 436 Quidfinunc

544 462 717 507 coelum
745 459 872 506 ruat?

443 533 490 585 C
504 549 548 583 L.
584 540 756 587 Metuo,
778 533 884 597 quid
907 550 1044 594 agam.
1089 531 1185 581 ΞΥ.
1221 535 1414 581 metuis?
1455 531 1570 597 quasi
1581 551 1677 582 non

542 629 590 658 ea
617 608 801 676 potestas
821 608 871 656 fit
893 622 979 662 tua,

1272 620 1296 643 N

446 694 551 743 Quo
563 688 668 735 velis
682 689 726 732 in
739 697 939 749 tempore
950 694 994 732 vt
1006 695 1047 730 te
1059 685 1260 738 exsoluas,
1272 702 1366 731 rem
1379 683 1504 731 facias
1516 684 1676 750 palam.

343 779 416 829 44
445 763 491 813 C
507 776 546 812 L.
581 767 692 823 Age,
720 777 812 821 age,
836 761 1084 808 traducatur
1105 760 1299 807 Bacchis,
1336 758 1365 807 S
1383 778 1431 807 Y.
1464 772 1647 826 optume
1661 777 1674 820 ;

538 840 625 904 ipsa
650 839 734 884 exit
755 837 885 882 foras.

353 983 660 1042 ACTVS
733 981 1097 1041 QVARTI
1162 982 1461 1035 SCENA
1519 983 1629 1037 IV.

418 1071 655 1115 ssAccffls.
686 1071 873 1112 CLINIA.
906 1071 1075 1112 srssvs.
1102 1072 1565 1121 DROMO.PHRYG1A.

307 1209 373 1324 S
585 1295 769 1335 xerunt:

312 1448 375 1479 12.
400 1435 551 1475 'Totum
576 1444 664 1487 opus
691 1431 759 1472 hoc
779 1430 965 1487 sparsum,

310 1494 425 1533 crinis
449 1491 548 1531 velut
581 1488 826 1542 Antiphilae:
865 1491 965 1543 pax!

308 1546 485 1590 Priscian.
513 1548 596 1587 libr.
615 1559 702 1587 Χιν.
744 1546 827 1586 Pax
851 1563 969 1584 oram-s-

308 1608 386 1649 λῶς,
408 1604 620 1648 aduerbium
631 1603 814 1652 comicum,
836 1616 908 1656 quo
928 1617 964 1641 v-

309 1665 407 1702 titur
426 1661 640 1708 Terentius,
676 1660 780 1712 quod
796 1659 969 1712 similiter

311 1720 495 1758 Graecum
531 1715 588 1768 est.
649 1716 731 1755 Erit
759 1729 856 1769 ergo
884 1721 965 1763 πάξ.

310 1773 389 1815 Sed
421 1784 556 1821 antea,
583 1783 622 1811 vt
634 1771 819 1824 “Hesyclr
845 1781 966 1821 notat,

309 1835 379 1876 πάξ
410 1828 584 1875 ὑπόδημα,
619 1826 831 1876 ἓνυποόἧτον,
869 1827 966 1867 defi-

310 1886 455 1940 gnaba‘t
468 1900 476 1922 ε
497 1885 621 1925 Larini
633 1882 765 1923 baxeas
777 1884 967 1931 dixerunt.

306 1943 429 1983 Plaut.
458 1938 705 1981 Menaechm.
734 1953 793 1988 11,
828 1953 873 1993 3,
900 1952 966 1992 40.

307 2000 408 2055 Qis
427 1997 487 2049 iste
507 1996 553 2048 est
567 1996 786 2048 peniculus?
819 1999 883 2049 qui
903 2010 966 2035 ex-

307 2067 504 2109 tergentur
531 2051 679 2091 baxeae.
721 2054 839 2103 Apul.
861 2053 961 2092 Flor.

287 2106 344 2154 ⁴2.
376 2111 521 2150 Baxeas
537 2107 619 2160 zstas
639 2109 682 2148 de
688 2107 844 2159 fictrina
861 2121 966 2162 prae-

297 2167 457 2223 stinare.
514 2170 556 2207 L.

400 1233 424 1259 A
454 1232 487 1259 T
520 1232 538 1259 1
571 1230 590 1259 s
640 1210 720 1277 pol
751 1186 962 1275 proeerue
991 1226 1064 1258 me
1086 1212 1184 1275 Syri
1211 1206 1418 1276 promissa
1441 1211 1529 1260 huc
1550 1212 1678 1262 indu-

1588 1293 1678 1337 De·

1018 1433 1199 1483 ridicula,
1241 1446 1312 1486 per
1336 1432 1410 1474 hoc
1437 1433 1544 1487 quod
1569 1433 1675 1487 dicit,

1015 1489 1310 1545 Qidfiridea-
1361 1492 1407 1532 C.

1074 1546 1179 1600 ,Quid
1189 1545 1231 1598 fi
1250 1560 1345 1587 nunc
1363 1546 1500 1588 coelum
1525 1545 1676 1603 ruat?]

1017 1604 1161 1644 Stultus
1193 1615 1318 1642 metus
1340 1603 1402 1643 >est
1427 1604 1478 1643 de
1509 1604 1680 1644 coelesti—

1018 1660 1087 1698 bus
1119 1671 1306 1699 metuere.
1364 1664 1470 1713 Ergo
1498 1660 1608 1700 stulte
1627 1674 1679 1701 ,ες

1016 1717 1058 1755 in
1072 1726 1189 1765 metu,
1210 1727 1249 1754 et
1267 1716 1316 1754 fic
1333 1718 1461 1769 ponis,
1486 1717 1599 1769 quod>
1613 1716 1679 1758 fie-

1016 1773 1048 1812 ri
1072 1773 1247 1823 omni-nor
1264 1786 1346 1811 non
1372 1773 1506 1825 potest.
1565 1776 1616 1812 Vt
1633 1772 1677 1813 sit

1017 1839 1289 1882 argumentum
1306 1828 1352 1867 ab
1373 1829 1604 1879 impoffibili.
1630 1832 1675 1869 E.

1070 1897 1125 1937 42
1156 1884 1272 1939 Quasi
1287 1898 1326 1924 ea
1343 1885 1501 1938 potestas
1522 1883 1676 1940 nonfi't]

1016 1940 1181 1981 Pulchre
1191 1939 1406 1993 persuadet,
1426 1952 1464 1979 vt
1474 1941 1588 1980 faciat
1600 1942 1676 1981 hoc

1016 1997 1120 2048 quod
1141 2008 1333 2044 monetur,
1352 2011 1438 2036 cum
1450 1996 1542 2037 dicit
1553 1999 1593 2036 in
1607 2012 1676 2049 po-

1014 2053 1150 2092 testate
1168 2055 1251 2092 eius
1273 2052 1459 2100 futurum,
1484 2067 1561 2104 quo
1579 2055 1678 2094 velit

1014 2119 1202 2159 tempore,
1223 2121 1259 2148 vt
1279 2107 1317 2149 se
1335 2108 1516 2149 exsoluat.
1572 2114 1616 2152 E.

1066 2177 1117 2218 43
1149 2167 1239 2206 Rem
1251 2165 1394 2219 simias]
1422 2169 1474 2208 .V.
1489 2167 1533 2208 C.
1544 2180 1579 2205 et
1596 2179 1673 2207 rem

363 2237 419 2277 40
448 2223 563 2262 Pater
578 2220 825 2276 restiuerit¹3]
854 2221 959 2263 V-C.
1003 2222 1142 2274 ficias.
1200 2226 1240 2263 L.

212 2278 215 2282 ’
295 2279 414 2333 finex
432 2279 517 2329 refi.
577 2281 618 2320 L.

363 2348 413 2390 41
457 2336 498 2374 Si
534 2348 627 2375 nunc
658 2334 793 2374 coelum
821 2333 962 2388 ruat?]

305 2392 480 2431 Verbum
518 2391 688 2431 vfitatum
712 2392 767 2430 =in
798 2404 864 2430 eos
884 2391 978 2441 *qui'

304 2445 502 2487 subtimidi
521 2449 563 2487 in
574 2461 616 2487 re
628 2447 861 2501 peragenda,
872 2444 962 2485 sem-

305 2518 378 2557 per
404 2505 536 2544 dicere
560 2502 704 2553 solent,
741 2501 963 2557 quidst'hoc

304 2561 367 2599 vel
392 2560 483 2600 illm!
509 2561 713 2603 accideret?
765 2563 812 2600 Et
842 2559 965 2598 osten-

302 2616 361 2656 dit
379 2615 446 2657 suo
460 2615 656 2670 response,
680 2617 767 2658 talia
777 2616 875 2663 diffie
887 2611 964 2657 effe

1066 2291 1122 2331 44
1151 2280 1250 2334 Age,
1280 2277 1362 2333 age]
1392 2281 1479 2319 Vox
1511 2276 1672 2318 consen-

1013 2334 1164 2383 tientis,
1195 2346 1234 2375 et
1263 2336 1330 2385 qui
1351 2336 1470 2375 vi'Cms
1488 2334 1542 2374 est
1559 2337 1670 2374 ratio-

1013 2388 1126 2430 nibus
1167 2391 1292 2430 callidi
1330 2388 1438 2431 serui.
1511 2392 1670 2442 Optume

1013 2449 1118 2491 exit]
1166 2445 1366 2494 Πκξασκευῆ
1411 2447 1465 2487 est
1509 2450 1668 2488 alterius

1014 2505 1173 2543 Scenae.
1230 2505 1277 2545 C.

1073 2571 1090 2600 1
1123 2560 1238 2608 Satis,
1265 2561 1350 2612 pol,
1375 2561 1565 2617 prOterue]
1597 2564 1669 2609 Re-

1012 2613 1083 2658 stat
1106 2616 1156 2657 ad
1182 2615 1374 2659 fallaciam
1400 2631 1438 2659 et
1464 2619 1514 2660 ad
1542 2629 1670 2658 extora

1328 2674 1343 2680 ‘
1550 2688 1672 2729 quen·
