1815 3168
292 81 390 133 630

704 79 860 126 ACT.
896 83 952 126 V.
991 81 1184 129 SCEN.
1216 83 1250 128 1.

432 210 583 254 Tuam
601 203 684 262 esse
707 209 931 255 inuentam
956 218 1153 270 gnatam:
1186 208 1266 258 nifi
1297 211 1394 258 illos
1427 229 1478 259 ex
1499 224 1576 262 tuo
1599 218 1662 262 in·

529 285 661 343 genio
682 284 859 337 iudicas,

431 362 496 407 Vt
526 359 636 406 nihil
671 360 818 407 credas
850 359 1119 422 intelligere,
1158 359 1236 409 nisi
1257 362 1375 410 idem
1407 361 1583 412 distum
1604 365 1664 414 est

529 449 708 483 centles.

432 510 519 560 Sed
546 513 723 558 interim
754 511 862 578 quid
892 480 979 560 illic
1014 514 1100 561 iam
1132 511 1303 561 dudum
1346 525 1504 576 gnatus
1535 513 1666 565 ceffat

531 603 633 634 cum
659 592 793 651 Sym.
784 589 804 619 ³

332 679 394 713 10
429 666 542 711 ΜΕ.
584 667 710 719 Quos
733 667 792 711 ais
823 665 1041 718 homines,
1066 665 1303 732 Chren⁴1eS,'¹
1315 662 1504 720 cessare?
1549 664 1664 715 CH.

533 740 675 794 ehem,
697 741 981 795 Menedeme,
1008 741 1225 789 aduenis?

433 817 520 864 Dic
541 817 665 870 mihi,
700 816 879 872 Cliniae,
902 833 1013 882 quae
1035 817 1136 871 dixi,
1168 815 1471 868 nunciastine3
1504 817 1664 868 ΜΕΝ.

535 894 700 939 omnia.

433 962 543 1014 CH.
585 967 706 1022 Quid
729 964 820 1019 ait?
859 966 972 1016 ΜΕ.
1007 969 1197 1035 gaudere
1219 969 1327 1016 adeo
1351 973 1518 1035 coepit,
1551 968 1668 1034 quafi

533 1046 607 1106 qui
633 1046 819 1108 cupiunt
839 1046 1027 1108 nuptias·

436 1112 546 1164 CH.
586 1122 684 1172 Ha,
719 1119 799 1172 ha,
832 1119 903 1166 he.
947 1116 1058 1167 ME.
1096 1119 1204 1184 quid
1229 1117 1382 1167 risisti?
1415 1115 1524 1170 CH.
1562 1121 1674 1172 serui

531 1211 693 1241 veneie
715 1196 762 1242 in
786 1205 980 1242 mentem
1003 1197 1105 1258 Syri

434 1265 714 1318 ealliditates.
756 1267 864 1317 ΜΕ.
894 1263 1046 1318 itane'?
1083 1268 1188 1322 CH.
1222 1272 1369 1321 voltus
1394 1289 1571 1338 quoque
1592 1273 1672 1322 ho-

531 1349 705 1395 minum
725 1344 854 1408 fingit
880 1347 1031 1395 scelus.

300 1525 397 1579 quid
444 1525 550 1566 dicit.
621 1525 851 1575 obtundere]
900 1528 964 1568 Est

299 1580 504 1624 translatio
527 1597 549 1622 a
568 1582 706 1632 fabris,
752 1585 818 1636 qui
848 1583 962 1637 saepe

302 1649 486 1691 repetunt
496 1639 701 1679 tundendo
714 1640 858 1692 aliquid
872 1642 964 1680 mal-

298 1698 365 1744 1ἰο,
390 1706 428 1734 et
447 1695 554 1735 idem
573 1696 784 1737 obtundunt
794 1708 832 1737 et
849 1696 964 1738 hebe-

301 1762 395 1793 tant.
450 1754 500 1793 C.

356 1820 384 1861 9
415 1807 530 1860 Ceffizt
556 1821 638 1847 cum
663 1807 760 1860 Syro
772 1806 823 1863 ⁸3]
854 1812 963 1850 Bene

301 1864 408 1916 ccffizt
429 1895 438 1913 ‚
500 1875 688 1915 tanquam
741 1864 960 1906 desidiosus

300 1925 405 1962 Nam
439 1919 581 1973 Ceffmt
601 1920 798 1972 defidiofi,
830 1921 964 1976 Requi-

302 1977 430 2028 escunt
454 1976 603 2015 defeffi.
659 1979 705 2018 C.

359 2045 411 2076 10
439 2032 547 2087 Qcos
576 2036 634 2073 ais
666 2033 851 2090 homines]
889 2035 965 2074 Hic

301 2090 568 2141 Menedemus
627 2090 765 2142 incipit
808 2091 964 2143 'alloqui

303 2145 578 2194 Chremetem,
613 2157 651 2184 vt
684 2144 825 2187 faciem
856 2146 964 2187 dete-

305 2213 381 2256 gat.
438 2202 570 2242 Ehem!
609 2202 835 2252 Meneclem,
857 2203 965 2243 adue

303 2262 378 2299 nis
372 2258 406 2313 ]
436 2260 498 2299 Sic
512 2269 695 2310 tanquam
707 2235 963 2311 exspe'fi’tatus·

304 2326 345 2354 et
363 2314 569 2357 Aduentus
595 2317 757 2368 proprie
774 2313 965 2369 exspeffia-

303 2382 428 2410 torum
456 2368 839 2423 neceffmiorumque
870 2371 973 2412 dici-

303 2438 376 2466 tur,
436 2429 484 2467 Et
508 2426 587 2466 hem
614 2428 670 2466 est
706 2429 891 2480 panicula
923 2443 963 2468 o-

304 2483 490 2523 stendens
516 2483 700 2539 gaudium
737 2485 786 2524 de
814 2485 963 2525 aduen-

304 2550 359 2580 tu.
423 2539 471 2580 C.

358 2598 413 2636 Ex
432 2608 508 2637 vno
520 2594 636 2638 Aead
659 2597 760 2638 abest
775 2596 966 2639 Chremes:

1611 1437 1672 1489 ἶς’

1013 1528 1055 1568 in
1074 1528 1196 1590 altem
1213 1530 1340 1583 Regio
1359 1528 1534 1569 additum
1545 1527 1598 1568 est
1605 1542 1675 1582 per

1012 1597 1162 1638 tempus.
1219 1589 1416 1643 Repone,
1459 1587 1572 1642 ,ἓως
1615 1588 1674 1627 ais

1014 1642 1218 1682 homines
1202 1634 1351 1695 cessare?
1383 1645 1430 1686 C
1461 1645 1578 1691 ehem,
1605 1654 1674 1696 per

1014 1710 1178 1752 tempus,
1223 1700 1458 1748 Menedeme,
1504 1700 1672 1739 aiuenis.

1011 1755 1118 1794 And.
1140 1769 1198 1804 lv,
1216 1768 1255 1808 4,
1275 1768 1340 1810 44.
1365 1768 1437 1809 per
1457 1767 1596 1808 tempus
1611 1756 1674 1795 ad

1013 1813 1127 1851 uenis.
1184 1815 1225 1852 Β.

1072 1880 1120 1909 12
1157 1864 1279 1921 Quast
1312 1870 1378 1921 qui
1413 1868 1587 1922 cupiunt]
1629 1871 1682 1908 In

1011 1923 1173 1972 Andiia,
1204 1924 1264 1963 Ita
1283 1937 1363 1964 tum
1382 1923 1526 1974 Δι’]ὲεάο
1546 1924 1591 1963 ab
1614 1938 1670 1974 eo,

1012 1992 1057 2019 vt
1085 1982 1154 2033 qui
1181 1979 1228 2031 fi
1265 1993 1369 2037 neget
1397 1981 1522 2034 filiam
1566 1981 1676 2020 datu-

1012 2049 1109 2076 rum.
1168 2038 1204 2078 C

1067 2092 1278 2132 Veterrimi
1316 2105 1366 2132 ex
1402 2091 1539 2133 nostris
1569 2092 1674 2132 Adeo

1012 2152 1143 2201 occepi.
1199 2151 1242 2189 B.

1072 2217 1118 2257 13
1151 2204 1226 2254 Ha,
1245 2204 1305 2254 ba,
1333 2205 1426 2260 he!]
1459 2206 1546 2245 Vox
1559 2205 1674 2245 nimii

1014 2260 1226 2310 cachinni,
1290 2271 1330 2300 et
1382 2261 1675 2302 accommodata

1014 2316 1229 2364 Chremeti,
1255 2318 1320 2370 qui
1339 2317 1674 2358 credebatMene-

1014 2373 1173 2413 demum
1204 2372 1329 2426 decipi
1353 2375 1394 2414 in
1413 2372 1505 2422 filio,
1534 2386 1573 2413 et
1595 2375 1675 2414 assi—

1012 2429 1273 2471 mulateillum
1286 2441 1421 2482 petere
1433 2444 1603 2472 vxorem.
1626 2431 1675 2472 C·

1071 2499 1122 2538 14
1158 2485 1327 2541 Ituna]
1382 2489 1445 2528 Sic
1480 2488 1591 2540 lege,
1633 2497 1675 2526 vt

1017 2542 1118 2594 quasi
1145 2542 1277 2582 eludat
1303 2542 1574 2585 Cluemetem:
1607 2545 1672 2595 qui

1016 2596 1137 2651 passus
1166 2599 1238 2649 est,
1275 2597 1313 2641 se
1337 2615 1356 2639 a
1384 2598 1496 2641 [eruo
1529 2599 1672 2651 decipi.

1522 2704 1525 2706 ,
1586 2657 1668 2696 fin
