1815 3168
492 110 1024 158 HEAVTONTIM.

200 230 308 291 Cn.
349 236 665 300 Quapropter?
707 231 809 282 CL.
858 239 957 299 quia
1000 239 1118 283 enim
1164 240 1430 289 incertum'st
1485 292 1488 293 ⁷
1522 274 1539 284 ν,

1339 118 1428 174 561

301 313 442 362 etiam,
467 313 569 374 quid
592 311 630 357 se
653 311 801 358 faciat:
838 311 973 357 modo
995 316 1128 359 venit.

105 402 122 436 ι
137 403 160 450 ς
199 388 352 433 Timet
373 387 533 438 omnia,
557 389 690 450 patris
712 388 834 440 iram,
855 398 898 433 et
918 389 1112 433 animum
1134 390 1292 436 amicae
1312 392 1350 439 se
1362 408 1427 439 er-

297 479 349 522 ga
370 473 414 508 vt
442 459 517 508 fiet
539 461 658 518 suae3

196 539 306 584 Eam
331 536 481 582 misere
502 548 641 584 amat:
675 548 861 602 propter
881 553 976 584 eam
1005 536 1110 585 haec
1142 538 1269 586 turba
1296 552 1426 605 atque

295 612 425 658 abitio
451 615 611 660 euenit.
651 611 755 660 CH.
792 613 890 660 scio.

195 683 293 735 CL.
324 692 461 734 Nunc
489 688 707 735 seruolum
740 687 922 734 adeam
953 689 999 734 in
1030 686 1340 745 vrbemmisst,
1382 703 1424 739 et

295 778 378 823 ego
400 761 596 809 nostrum
619 780 702 810 vna
721 767 904 826 Syrum‘s

196 834 292 885 CH.
316 837 436 891 Quid
460 840 635 884 narrat?
659 835 752 885 CL.
776 837 881 901 quid
903 837 1004 884 ille?
1038 836 1303 887 semiferum
1327 838 1424 896 effe,

294 909 388 959 Cu.
411 914 648 964 miserum?
681 930 813 978 quem
838 917 984 961 minus
1002 916 1178 962 credere
1198 917 1287 963 est?

114 1130 213 1185 Leg.
234 1128 338 1172 Satis
357 1133 517 1186 tempori
535 1130 591 1184 est,
619 1130 656 1173 h.
677 1145 712 1174 e.

60 1185 114 1234 sat
153 1188 382 1239 tempestiue
403 1216 413 1236 ,
458 1200 637 1233 mature:
677 1200 714 1228 vt

59 1247 182 1287 Plaut.
231 1245 382 1296 Captiu.
421 1256 460 1294 1,
499 1256 548 1294 2,
599 1252 650 1294 80
675 1256 714 1285 et

62 1307 126 1350 88.
183 1302 293 1348 Nam,
312 1297 413 1352 finis
430 1313 568 1353 tempus
596 1301 651 1353 est,
673 1302 714 1340 si-

60 1354 217 1410 gnificat
227 1355 327 1406 finis
337 1355 446 1406 stro,
476 1367 515 1395 vt
533 1358 629 1395 Hec.
649 1369 708 1405 JV,

61 1424 100 1458 2,
121 1423 186 1452 21.
244 1412 374 1450 Horat.
394 1413 462 1460 Ep.
485 1423 534 1462 11,
556 1424 592 1461 2,
615 1424 708 1465 215.

59 1464 200 1509 Sensus
227 1478 354 1506 autem
384 1467 446 1506 hic
475 1464 596 1519 poscit
615 1466 715 1522 fiztis

59 1527 146 1564 cito.
206 1523 234 1561 Β

117 1589 164 1632 15
195 1578 369 1616 Animum
395 1577 549 1632 amicae]
580 1577 623 1618 Id
651 1578 717 1626 est,

61 1633 182 1680 timet,
207 1646 259 1672 ne
278 1633 398 1672 amica
417 1647 508 1673 eum
528 1634 719 1687 posterga-

60 1690 178 1739 uerit,
215 1703 256 1728 ac
274 1702 327 1728 ne
347 1703 395 1730 ex
415 1690 497 1729 eius
515 1691 645 1730 animo
665 1689 716 1729 cf-

60 1745 228 1785 fluxerit.
290 1747 335 1787 C.

118 1805 168 1843 16
198 1800 303 1854 Scio]
344 1800 517 1849 Scilicet,
557 1811 714 1854 propter

57 1868 144 1897 eam
165 1853 362 1896 discessisse
391 1866 431 1895 et
456 1857 497 1896 id
514 1860 612 1909 patri
630 1871 712 1897 mo-

55 1912 190 1953 lestum
211 1909 298 1952 effe.
357 1913 406 1953 C.

108 1972 226 2022 Atque
258 1966 396 2022 abitio]
428 1969 514 2009 Hoc
542 1966 613 2018 est,
644 1964 712 2008 dis-

57 2026 180 2065 ceffio.
235 2026 278 2064 E.

116 2088 163 2128 18
203 2077 408 2130 Mifirum!
447 2092 553 2134 quem
587 2082 710 2121 minus

55 2134 292 2190 credc:·e'fi?]
334 2137 487 2184 Minus,
524 2136 708 2176 hocloco

56 2205 126 2245 pro
144 2204 228 2242 non,
248 2192 414 2243 ponitur.
469 2194 557 2232 Non
571 2193 633 2242 est,
653 2194 711 2231 in·

58 2249 157 2299 quit,
186 2248 425 2288 credendum
445 2248 612 2288 Cliniam
633 2246 709 2288 esse

56 2300 247 2343 miserum.
304 2306 390 2344 Hoc
425 2303 473 2344 ad
508 2301 708 2356 sequentia

59 2355 230 2410 respicit,
259 2356 420 2409 scilicet,
449 2359 557 2416 Qeid
574 2362 720 2414 reliqui·

58 2416 116 2464 est,
136 2418 223 2466 quin
243 2414 383 2464 habeat,
395 2429 485 2470 quae
503 2417 647 2470 quidem
668 2420 707 2456 in

59 2471 199 2510 homine
219 2471 279 2522 ‘'ffi’
297 2473 471 2512 dicuntur
487 2471 606 2512 bona?
635 2475 708 2513 Mi-

54 2540 128 2565 mas
147 2527 379 2583 crea'ere’st3]
411 2531 502 2578 Pro,
530 2542 611 2569 non
633 2542 709 2568 cre.

57 2581 232 2622 dendum
253 2582 317 2622 est.
371 2584 478 2639 Virg.
503 2586 652 2640 (Eclog.
673 2598 708 2635 Χ,

1302 992 1424 1058 Quid

763 1133 852 1188 46.)
881 1133 961 1174 Nec
971 1130 1025 1185 fit
1050 1132 1141 1173 mihi
1169 1133 1313 1174 credere
1336 1147 1419 1176 tan—

763 1204 849 1229 tum.
910 1187 1141 1230 Huiusmodi
1181 1192 1321 1230 locutio
1358 1205 1421 1244 pa·

764 1258 848 1284 rum
868 1246 1010 1284 Latinis
1035 1245 1112 1285 vsui
1135 1245 1201 1286 est.
1261 1249 1307 1288 C.

819 1303 1028 1352 Miserum!
1071 1315 1174 1355 quem
1207 1302 1417 1358 minim-mn]

766 1358 967 1407 Quoniam
996 1358 1062 1396 ille
1091 1359 1205 1408 digit,
1250 1363 1421 1410 mycrum

763 1413 824 1464 ‘ff'
855 1410 1168 1459 adolescentem;
1217 1416 1278 1452 vei
1315 1414 1421 1466 quod

763 1466 843 1520 ipse
863 1465 900 1506 se
921 1465 1139 1507 adolescens
1159 1466 1336 1509 miser-om
1350 1485 1421 1522 pu-

764 1535 839 1569 tet3
875 1535 995 1577 negat
1023 1523 1100 1563 efl'e
1125 1524 1185 1562 hic
1219 1523 1417 1574 miserum,

767 1580 967 1631 siquidem
1000 1582 1131 1619 omnia
1152 1580 1286 1630 habet,
1319 1593 1421 1633 quae

768 1637 927 1687 quidem
966 1636 1007 1675 in
1040 1636 1202 1675 homine
1240 1637 1421 1676 dicuutur

769 1691 880 1730 bona.
937 1696 986 1733 Et
1023 1689 1247 1745 subiungit:
1296 1698 1420 1746 Atque

766 1748 852 1788 haec
865 1749 1014 1798 perinde
1030 1747 1141 1799 fiant,
1172 1759 1216 1786 vt
1233 1750 1328 1788 iHius
1340 1753 1422 1788 ani-

761 1817 841 1843 mus
859 1803 922 1855 est,
951 1808 1012 1856 qui
1032 1819 1072 1842 ea
1087 1802 1252 1857 poffidet]
1290 1812 1419 1856 fitque

762 1858 857 1899 haec
878 1861 965 1898 talia
982 1857 1085 1908 sunt,
1115 1860 1237 1911 qualis
1266 1862 1419 1900 animus

761 1915 860 1954 illius
881 1915 944 1964 est,
966 1917 1030 1966 qui
1053 1914 1146 1954 haec
1169 1927 1285 1954 tenet.
1320 1921 1419 1958 Nam

762 1972 829 2023 qui
846 1968 913 2010 scit
932 1975 979 2010 vti
1001 1971 1058 2011 his
1080 1971 1272 2019 omnibus,
1311 1969 1417 2011 bona

760 2025 866 2074 sunt3
895 2027 951 2066 ilii
980 2040 1071 2066 vero
1102 2027 1168 2078 qui
1197 2040 1281 2065 non
1303 2031 1416 2075 vtitui·

758 2085 883 2132 refie,
924 2085 1054 2134 vtique
1080 2083 1179 2122 mala
1207 2080 1302 2121 sunt.
1355 2084 1418 2123 Si-

757 2139 837 2178 mul
866 2149 904 2178 et
935 2139 1192 2178 diiieffiunem
1212 2139 1418 2178 collocaui-

758 2208 852 2243 mus,
884 2205 923 2233 et
940 2195 1177 2233 imellecium
1197 2193 1413 2245 didicimus,

757 2251 818 2291 Ne
844 2251 935 2303 quid
952 2254 990 2289 in
1011 2251 1112 2288 illum
1130 2250 1212 2301 plus
1229 2250 1329 2301 fitis
1345 2251 1417 2302 fiz-

755 2310 818 2346 xit
831 2306 957 2361 pater]
987 2309 1071 2347 Hoc
1091 2306 1252 2356 amplius
1265 2318 1414 2355 vereor,

757 2376 810 2402 ne
858 2361 1002 2414 aliquid
1050 2363 1211 2411 amplius
1237 2362 1412 2408 ¹habeat.

757 2418 956 2470 Quicquid
982 2414 1065 2457 satis
1092 2417 1145 2457 est
1171 2415 1284 2457 faciat
1304 2429 1413 2470 pater

757 2479 929 2526 (vereor,
967 2486 1009 2513 ne
1036 2474 1126 2527 quzd
1147 2477 1305 2525 amplius
1318 2486 1412 2526 prae

758 2534 828 2580 ira,
847 2545 953 2584 quam
974 2529 1245 2583 ququ2'1tis,est
1257 2559 1266 2579 ,
1283 2531 1411 2581 fitciat

751 2598 789 2644 p.
819 2590 900 2636 Ζ),
931 2586 1022 2626 ideo
1041 2585 1223 2629 numium
1242 2587 1295 2625 est
1312 2585 1413 2638 patei

870 2644 952 2685 Nn.
1285 2643 1412 2684 esten-
