1815 3168
319 142 410 174 202

697 129 848 174 ACT.
884 130 961 179 IV.
1005 131 1205 179 SCEN.
1240 136 1316 181 IV.

453 253 505 301 Μ
524 271 572 302 Y.
602 257 681 301 Mc
703 253 923 307 miseram!
954 259 1065 304 nihil
1086 260 1164 323 pol
1185 259 1273 306 falsi
1297 262 1395 313 dixi,
1422 265 1479 308 mi
1502 263 1639 311 senex.

363 345 423 392 50
456 328 500 377 C
517 344 563 376 Η.
586 334 709 377 Noui
734 349 825 378 rem
854 349 1046 379 omnem.
1073 332 1263 382 estSimo
1284 339 1400 383 intus
1415 340 1436 381 ἶ)
1459 335 1589 384 DAV.
1615 338 1687 387 est.

449 402 503 451 M
518 424 565 451 Y.
600 411 675 453 Nc
697 425 766 452 mc
791 409 991 468 attingaS,
1017 408 1205 456 sceleste:
1240 409 1578 476 fipolGlycerio
1594 432 1687 462 non

547 484 692 529 omnia
716 482 834 528 haec.

447 552 493 602 D
519 571 550 602 A
567 571 613 603 v.
646 557 758 610 Eho,
790 558 952 624 inepta,
978 560 1112 607 nescis
1134 561 1240 625 quid
1265 559 1314 608 sit
1334 560 1514 614 aetum?
1565 561 1616 611 M
1634 584 1682 610 Y.

543 632 648 696 quid
674 632 829 679 sciam?

443 706 492 755 D
508 723 537 753 A
554 722 593 754 v.
627 709 714 754 Hic
735 708 852 770 socer
871 708 945 757 est.
978 712 1062 759 alio
1087 709 1218 777 pasto
1239 712 1346 759 haut
1365 724 1538 778 poterat
1569 714 1677 768 fieri,

442 788 503 830 Vt
534 784 656 830 sciret
688 784 816 838 haec,
847 803 957 849 quae
979 788 1199 834 volumus.
1244 786 1360 838 ΜΥ.
1389 790 1677 854 praediceres.

352 873 414 924 55
441 858 586 906 DAV.
620 854 804 907 Paulum
837 860 1037 911 interesse
1069 864 1237 925 censest,
1270 881 1321 911 ex
1345 867 1491 912 animo
1514 869 1674 922 omnia,

302 1114 561 1157 Chremetem
602 1116 832 1171 ostendens,
869 1118 964 1159 dicit

301 1184 388 1210 cum
423 1179 574 1222 εἰρωνείᾳ.
633 1175 729 1214 Non
767 1189 803 1216 te
837 1177 963 1218 credas

298 1228 454 1267 Dauum
473 1229 612 1284 ludere]
644 1232 752 1284 Virg.
773 1234 896 1279 (Aen.
918 1248 955 1282 x,

298 1289 423 1338 581.)
478 1287 573 1325 Non
606 1286 803 1326 Diomedis
838 1302 957 1342 equos,

296 1354 374 1380 non
392 1355 521 1380 currus
544 1343 661 1380 cernis
680 1342 845 1382 Achillis.
877 1348 930 1386 D.

352 1397 532 1450 Plerique
552 1396 670 1436 nostri
686 1396 851 1449 habent,
881 1401 959 1440 Hic

296 1451 343 1504 est
373 1452 442 1493 ille.
499 1456 540 1493 Β.

349 1522 404 1563 49
447 1510 514 1549 Mi
528 1508 663 1564 fi’nex]
702 1514 812 1551 Bene
825 1511 955 1562 senex,

293 1567 386 1616 quia
405 1565 507 1617 quafi
520 1567 684 1605 alienior
697 1565 759 1615 est,
787 1577 826 1606 et
842 1568 957 1621 igno-

292 1632 351 1659 tus
365 1621 517 1674 Myndi.
531 1623 610 1672 Mi,
624 1619 862 1675 suppalpatio
871 1637 956 1663 rnu-

295 1677 441 1717 liebris.
500 1679 552 1718 D.

349 1745 403 1785 50
431 1736 493 1773 Ne
519 1735 623 1774 inter
639 1735 821 1775 Senarios
850 1737 954 1776 male

289 1790 467 1830 Dimeter
489 1800 530 1830 et
550 1795 795 1831 Tetrameter
822 1793 954 1833 locum

291 1856 505 1898 occupent,
533 1846 680 1885 dudum
708 1850 883 1900 Guyetus
911 1860 952 1887 et

289 1902 355 1940 alii
381 1899 530 1941 versum
561 1901 781 1941 effecerunt
810 1918 950 1943 vnum:

288 1958 401 1996 Noui
418 1972 561 1998 omnem
579 1972 667 1996 rem.
697 1958 743 2010 est
762 1956 859 1999 Simo
889 1961 950 1998 in-

288 2015 379 2058 tus?
403 2014 457 2054 D.
483 2014 540 2066 est.
570 2014 631 2054 Μ.
652 2027 695 2053 ne
720 2030 774 2054 me
794 2018 949 2071 attigas.

286 2070 508 2110 Plautinum
519 2069 574 2110 est
592 2073 742 2126 attigas.
772 2072 885 2123 Epid.
906 2085 948 2122 v,

286 2137 316 2167 2
340 2153 350 2171 ‚
411 2133 478 2181 58.
548 2128 654 2167 Hinc
699 2127 949 2181 intelligitur,

284 2184 441 2223 Dauum
468 2182 609 2237 Myfidi
641 2180 808 2222 osculum
838 2184 949 2224 obtu-

285 2236 382 2277 liffe.
439 2243 482 2280 B.

288 2346 291 2350 Ι
341 2307 390 2348 51
427 2297 490 2335 Ne
517 2310 572 2336 me
594 2296 783 2351 attingas]
815 2297 948 2348 Quae-

283 2349 374 2390 dam
397 2352 656 2391 ostenduntur
674 2365 808 2403 aperte
823 2355 863 2392 in
883 2368 944 2392 co-

281 2407 468 2448 moediis:
502 2409 691 2461 quaedam
703 2424 751 2449 ex
763 2409 844 2448 aliis
857 2424 943 2462 per-

280 2461 383 2503 sonis
403 2465 686 2519 intelliguntur.
726 2466 769 2504 Si
779 2465 847 2519 pol
860 2466 946 2517 Gly-

1614 983 1676 1025 Vt

1010 1121 1125 1160 Fiunt
1134 1130 1263 1160 autem
1283 1117 1538 1171 ἂποσιωπιῖσεις,
1554 1120 1593 1161 id
1606 1121 1670 1170 est,

1012 1178 1249 1225 reticentiae,
1272 1177 1393 1215 tribus
1413 1177 1552 1216 modis.
1590 1181 1671 1218 Aut

1010 1235 1118 1272 enim
1146 1243 1246 1271 tacet
1266 1245 1334 1282 per
1353 1231 1391 1271 se
1408 1231 1541 1283 ipsum,
1563 1244 1603 1273 et
1621 1233 1670 1273 ad

1009 1289 1128 1326 aliurn
1147 1286 1297 1326 transit:
1326 1299 1364 1327 et
1382 1287 1435 1327 est
1452 1290 1586 1340 prima.
1605 1300 1670 1329 aut

1010 1354 1131 1391 tacet,
1161 1355 1236 1382 nec
1264 1343 1359 1382 vltra
1377 1343 1520 1395 aliquid
1542 1345 1680 1384 dicet:

1009 1411 1051 1438 et
1069 1398 1124 1438 est
1142 1398 1322 1439 secunda.
1354 1410 1419 1438 aut
1435 1401 1589 1439 alterius
1608 1402 1666 1440 in-

1007 1465 1190 1495 teruentu
1215 1453 1405 1507 personae
1423 1455 1526 1499 filet:
1556 1468 1596 1496 et
1612 1455 1667 1498 est

1007 1513 1130 1551 tertia.
1188 1514 1239 1552 D.

1058 1568 1120 1608 Ne
1149 1581 1204 1607 me
1227 1566 1418 1622 attingas]
1466 1569 1665 1620 Turpilius

1006 1624 1109 1677 apud
1121 1624 1306 1672 Nonium,
1317 1625 1359 1662 in
1370 1624 1560 1676 Attingas.
1593 1628 1634 1665 L.

1060 1693 1114 1734 52
1159 1679 1289 1731 Nestis
1322 1679 1415 1732 quid
1433 1679 1489 1728 Jt't
1524 1680 1662 1735 aetum]

1003 1737 1156 1787 Nescis,
1186 1737 1417 1788 plerumque
1445 1735 1584 1775 dicitur
1611 1738 1660 1786 ei,

1003 1806 1086 1832 non
1107 1805 1226 1844 quem
1246 1791 1662 1845 volumusredarguere

999 1849 1219 1901 imperitiae
1236 1859 1300 1887 aut
1316 1848 1574 1900 ignorantiae,
1593 1847 1662 1888 sed

1000 1918 1117 1956 quem
1146 1903 1274 1943 facere
1304 1904 1476 1942 volumus
1507 1914 1546 1943 vt
1569 1906 1660 1944 veiit

998 1959 1171 1999 libenter
1191 1959 1339 1998 audire.
1398 1961 1448 1999 D.

1050 2017 1168 2056 Pauci
1192 2014 1302 2054 codd.
1317 2012 1464 2053 habent
1482 2015 1576 2067 quid
1585 2014 1661 2064 fii-

998 2075 1082 2112 am?
1110 2072 1269 2113 Caeteri
1295 2069 1431 2118 nostri,
1463 2082 1501 2108 et
1518 2072 1657 2112 Faerni

1000 2140 1146 2177 omnes,
1165 2130 1228 2183 qui
1235 2126 1384 2177 fiiam?
1441 2129 1484 2166 Β.

1055 2196 1110 2237 54
1140 2185 1309 2223 Faernus
1331 2194 1354 2220 e
1376 2181 1485 2221 codd.
1516 2179 1587 2221 suis
1605 2182 1657 2223 le-

997 2239 1056 2294 git
1072 2241 1344 2280 volumus:nos
1367 2238 1558 2286 voluimus,
1578 2237 1656 2278 fide

997 2295 1138 2336 codicis
1161 2308 1243 2348 900
1262 2307 1470 2333 annorum.
1529 2297 1570 2334 Β.

1050 2364 1102 2406 55
1138 2353 1297 2392 Paulum
1317 2349 1496 2404 interesse]
1525 2353 1653 2399 Noue,

994 2422 1064 2460 pro
1081 2408 1254 2447 multum.
1312 2408 1361 2448 Et
1385 2406 1440 2445 est
1461 2415 1654 2451 ταπείνωσις

993 2468 1122 2511 σχῆμα.
1179 2463 1243 2502 Ex
1282 2465 1402 2502 animo
1432 2467 1573 2511 omnia,
1609 2475 1653 2502 vt

281 2525 380 2559 cerlo
405 2535 480 2561 non
505 2524 630 2562 omnia
657 2520 765 2576 haec]
801 2521 943 2561 ἀποσιῶ-
984 2522 1072 2573 fert
1087 2518 1389 2572 natura,fi1cias]
1419 2520 1556 2571 Figura
1576 2518 1653 2556 ἐπε·

279 2593 373 2621 ’κτῆσις
392 2579 524 2626 tertia,
562 2578 668 2630 quod
690 2579 843 2618 alienae
860 2593 944 2631 per·
992 2576 1143 2625 ξῆγησις.
1196 2581 1297 2618 Nam
1318 2574 1411 2625 quid
1433 2574 1487 2614 est
1512 2589 1559 2613 ex
1575 2578 1653 2613 ani-

280 2630 397 2674 sonae
443 2636 668 2676 interuentu
724 2635 940 2676 reticeatur.

991 2648 1073 2681 mo,
1107 2631 1196 2679 nifi,
1228 2642 1269 2671 vt
1297 2629 1372 2670 fert
1408 2632 1564 2673 natura?
1603 2634 1652 2670 Et

1550 2687 1648 2725 haee
