1815 3168
493 138 1017 185 HEAVTONTIM.

1332 155 1427 204 557

202 265 309 313 Tibi
331 280 481 330 parce:
519 264 637 310 idem
659 262 804 310 absens
829 263 966 310 facere
989 275 1030 311 te
1042 266 1127 314 hoc
1147 269 1240 316 volt
1257 267 1386 318 filius.

201 339 297 388 ME
314 354 365 387 N.
404 343 514 386 Non
541 341 761 392 conuenit,
785 341 860 402 qui
889 340 1014 387 illum
1044 342 1097 388 ad
1129 342 1322 391 laborem
1346 349 1428 392 im-

288 415 499 479 >pulerim‚

200 490 337 537 Nunc
359 506 429 535 me
453 488 591 553 ipsum
614 490 780 550 fugere.
810 485 912 537 CH.
947 489 1076 537 sicine
1106 489 1166 537 est
1187 493 1426 542 sententia?

74 578 167 630 115
200 563 349 613 MEN.
384 566 467 611 Sic.
507 561 612 611 CH.
650 565 762 610 bene
795 566 903 612 vale.
938 564 1101 616 ΜΕΝ.
1138 578 1180 614 et
1212 580 1275 615 tu.
1315 567 1425 617 CH.

259 647 263 650 ”
296 640 504 686 lacrumas
527 638 698 687 excuffit
716 640 839 692 mihi,
1291 658 1295 664 ·

197 715 460 778 Miseretque
483 732 553 761 me
578 717 686 764 eius.
721 715 790 761 sed
812 725 858 762 vt
877 715 962 761 diei
983 725 1158 781 tempus
1189 717 1265 776 est,

199 794 388 837 Monere
410 801 584 854 oportet
602 807 671 836 me
694 790 812 838 hunc
835 792 1028 838 vicinum
1048 793 1271 848 Phaniam,

198 866 271 914 Ad
291 882 470 912 coenam
494 876 539 914 vt
559 868 722 914 veniat:
758 866 849 924 ibo,
869 865 998 915 visam
1018 865 1056 913 siv
1075 867 1195 918 domi
1216 868 1288 917 est.

63 1131 140 1162 xat.
194 1122 302 1162 Licet
328 1121 492 1175 quaestu
512 1121 652 1161 leftum
672 1120 717 1161 fit

63 1177 164 1230 apud
186 1178 414 1219 Sallustium.
440 1177 486 1217 cf.
507 1175 716 1218 Priscianus

61 1234 181 1274 Instit.
208 1236 336 1274 Gram.
356 1248 393 1273 x.
426 1234 647 1273 etTullium
669 1233 717 1272 ad

62 1293 164 1331 Fam.
191 1304 253 1338 xi,
289 1303 325 1343 3.
383 1290 563 1343 Tandem]
592 1289 634 1330 Id
653 1291 716 1337 est,

60 1359 138 1385 vno
168 1345 306 1393 verbo,
337 1346 441 1396 quod
469 1357 612 1384 tantam
642 1347 718 1384 vim

64 1401 167 1454 apud
193 1411 232 1440 te
260 1400 403 1440 habere
428 1402 561 1446 velim,
600 1414 720 1451 quan-

64 1469 160 1504 tam,
187 1455 213 1495 fi
240 1456 307 1495 diu
336 1454 648 1509 interrogassem,
679 1466 720 1495 et

62 1512 158 1553 illud
192 1511 293 1552 foret
323 1513 505 1552 vltimum.
545 1511 618 1551 hoc
653 1511 718 1561 est,

65 1568 170 1622 quod
189 1568 351 1621 postulat
369 1569 564 1609 Chremes.
613 1569 659 1609 C.

117 1628 178 1665 Ne
196 1623 319 1663 versus
342 1624 581 1673 claudicaret,
613 1625 719 1664 Faer-

63 1694 138 1721 nus
170 1680 289 1720 edidit
306 1679 525 1733 impellerim.
587 1683 639 1721 At
668 1692 721 1719 ne

64 1748 139 1776 tam
163 1736 379 1776 deformem
389 1736 631 1776 admittamus
643 1749 721 1775 me-

63 1794 244 1840 dicinam,
264 1806 510 1844 reponamus,
540 1795 602 1844 qui
620 1791 720 1832 illum

64 1849 115 1888 ad
132 1847 290 1887 laborem
307 1849 390 1887 hinc
401 1850 615 1901 pepulerim.
650 1851 690 1887 B.

121 1917 198 1956 115
239 1905 430 1943 Lacrimas
469 1902 633 1957 excuffit]
674 1904 718 1943 ld

61 1958 134 2007 est,
161 1961 332 1999 lacrimas
361 1962 403 1999 in
421 1959 575 1999 sumbus
594 1960 721 1999 oculo·

62 2029 326 2056 rummeorum
345 2016 486 2056 oboriri
496 2015 715 2070 fecithuae

61 2084 112 2112 ex
141 2073 260 2115 oculis
284 2083 506 2120 manarunt,
538 2086 580 2111 ac
609 2072 635 2111 fi
659 2071 717 2111 fo·

62 2138 150 2168 rent
177 2127 362 2168 ercuffae.
419 2131 519 2168 Nam
549 2141 719 2168 excutere

60 2184 246 2238 fignificat
264 2184 550 2224 commonendo
571 2185 718 2236 aliquid

64 2243 217 2280 eiicere.
276 2243 337 2289 Vt,
370 2255 498 2281 excute
531 2254 566 2280 te
594 2241 718 2293 pulue-

65 2310 122 2344 re,
149 2297 188 2336 id
216 2296 286 2345 est,
317 2308 356 2336 te
384 2297 583 2337 mouendo
603 2296 718 2336 vehe-

63 2363 218 2391 menter
262 2352 388 2393 deiice
432 2368 454 2393 a
500 2364 540 2392 te
567 2352 716 2406 5pulue-

65 2420 162 2451 rem.
217 2411 261 2450 C.

119 2465 293 2512 Daceria,
317 2477 417 2516 quae
435 2463 519 2505 fere
540 2462 716 2505 soletno-

65 2531 130 2558 uas
167 2519 336 2559 exordiri
364 2524 522 2570 Scenas,
562 2521 626 2561 vbi
653 2522 715 2560 vel

65 2589 172 2614 noua
190 2573 354 2626 persona
380 2578 421 2616 in
440 2578 604 2617 Scenam
632 2591 719 2630 pro-

65 2632 131 2682 dit,
151 2632 211 2673 vel
232 2644 331 2685 quae
358 2631 478 2675 adhuc
493 2632 593 2693 fuit,
621 2633 719 2675 inde.

1293 974 1426 1030 Nihil

766 1120 865 1170 abit,
905 1137 926 1162 a
945 1122 1071 1164 verbis
1093 1122 1175 1172 hic,
1220 1124 1425 1166 Lacrumas

766 1176 924 1232 excuffit,
940 1176 1054 1218 secun
1060 1181 1150 1219 dam
1161 1180 1240 1219 vult
1253 1178 1328 1221 esse
1337 1184 1426 1224 Sce-

767 1248 868 1273 nam.
924 1238 965 1276 Ζ.

826 1301 844 1332 1
855 1294 904 1332 16
934 1291 984 1330 Vt
997 1291 1068 1330 diei
1080 1303 1217 1344 tempus
1227 1292 1292 1348 est]
1322 1294 1425 1333 Tem-

761 1358 830 1397 pus
881 1343 994 1398 supra
1038 1346 1173 1386 horam
1225 1348 1425 1402 fignificat

769 1400 860 1440 Diei
879 1401 1089 1441 archaismo
1108 1403 1289 1447 abundat.
1321 1407 1367 1445 C.

827 1469 906 1510 117
934 1460 1093 1498 Monere
1119 1461 1280 1514 oportet]
1314 1464 1357 1500 ln
1386 1475 1429 1500 o·

767 1512 925 1552 mnibus
949 1525 1037 1554 vett.
1062 1514 1172 1555 codd.
1198 1515 1304 1555 deest
1322 1529 1429 1571 opor-

767 1582 832 1609 tet.
890 1572 930 1609 L.

823 1625 927 1665 Cum
951 1625 1046 1665 illud
1065 1638 1221 1679 oportet,
1240 1628 1286 1667 ab
1297 1629 1429 1668 omni-

770 1680 840 1720 bus
865 1680 998 1720 nostris
1018 1682 1145 1731 libris,
1175 1695 1329 1735 praeter
1347 1685 1428 1726 duo

770 1737 1060 1788 recentissimos,
1093 1749 1131 1779 et
1149 1742 1308 1779 caeteris
1328 1743 1429 1780 anti-

771 1795 866 1845 quis,
899 1793 994 1833 teste
1011 1794 1329 1850 Lindenbrogffi,
1361 1797 1429 1836 ab-

769 1849 812 1888 fit
823 1864 833 1896 3
862 1849 1009 1889 excidit
1019 1849 1112 1890 haut
1122 1850 1241 1890 dubie
1258 1853 1424 1907 tempust,

769 1905 867 1944 adeo
892 1915 930 1944 vt
955 1906 1032 1959 leg.
1066 1908 1247 1961 Tempu'st
1277 1923 1426 1948 monere

767 1975 823 2000 me
841 1961 934 2001 bunc
953 1964 1115 2002 vicinum
1136 1961 1332 2004 Phaniam.
1361 1966 1429 2006 Sic,

767 2029 903 2071 tempus
947 2017 994 2070 est
1033 2020 1223 2060 concedere
1264 2023 1429 2062 occurrit

766 2078 864 2115 Hec.
890 2087 948 2120 lv,
971 2087 1008 2122 2,
1028 2087 1094 2116 21.
1149 2078 1189 2115 B.

825 2137 901 2180 118
932 2131 1097 2172 Daceria
1119 2133 1309 2183 opinatur,
1342 2147 1428 2176 ver·

767 2185 825 2225 bis
858 2185 942 2235 ibo,
981 2186 1100 2236 vzfim
1138 2198 1210 2228 etc.
1246 2189 1424 2238 indicari,

768 2241 1017 2283 Chremetem
1044 2243 1228 2284 accedere
1254 2245 1301 2285 ad
1318 2245 1423 2287 foi-es

766 2297 937 2338 Phaniae
957 2299 1088 2346 vicini,
1120 2297 1184 2338 sed
1203 2299 1337 2350 statim,
1356 2301 1423 2342 vbi

766 2369 787 2393 a
814 2352 924 2393 seruo
946 2354 1113 2406 quodam
1135 2355 1254 2395 obuio
1283 2359 1423 2397 certior

762 2411 878 2450 fuerit
895 2410 1028 2461 faetus,
1047 2410 1233 2452 Phaniam
1252 2413 1328 2452 iam
1355 2414 1423 2452 do-

763 2467 817 2506 mi
845 2464 992 2516 adesse,
1031 2465 1183 2507 rediisse
1208 2479 1250 2508 et
1274 2467 1423 2520 dixiffe,

767 2523 843 2563 Nil
857 2535 947 2576 opus
969 2523 1057 2574 filit
1075 2526 1271 2566 monitore.
1328 2529 1421 2568 Non

765 2581 880 2623 male.
935 2583 1035 2621 Nam
1054 2581 1106 2620 ita
1122 2581 1247 2621 Scena
1260 2595 1343 2623 non
1356 2583 1420 2623 de-

765 2633 861 2677 serta
877 2636 1120 2691 relinquitur.
1177 2637 1215 2678 Z.
