1815 3168
315 162 409 221 333
689 152 852 198 AcT.
888 150 942 195 Π.

993 151 1021 194 S
1032 151 1067 194 C
1079 150 1111 193 E
1126 148 1186 195 N.
1215 148 1287 193 111.

449 281 485 331 P
501 294 531 328 A
546 294 592 328 R.
627 278 777 335 Quid?
821 281 949 339 virgo
972 272 1146 323 cuia'st?
1197 270 1307 321 CH.
1345 275 1486 321 nescio
1524 276 1684 324 hercle.

549 355 587 405 P
601 371 634 402 A
649 371 691 402 R.
735 352 930 402 vnde'st?
967 348 1013 398 C
1025 365 1070 398 Η.
1116 349 1388 397 tantundem.
1432 349 1514 399 PA
1529 363 1575 397 R.
1612 351 1686 399 vbi

553 430 746 478 habitat?

368 528 430 576 30
464 504 574 556 CH.
613 511 687 553 Ne
709 505 753 550 id
776 503 967 568 quidem.
1001 499 1145 549 PAR·
1183 499 1258 548 vbi
1288 499 1460 548 vidisti?
1496 495 1605 547 CH.
1640 502 1691 549 in

557 585 639 630 via.
674 579 818 627 PAR.
856 597 940 642 qua
975 579 1143 623 ratione
1177 572 1351 628 amisti?

459 655 569 706 Cu.
605 657 655 703 Id
689 655 892 719 equidem
921 653 1157 700 adueniens
1187 668 1364 699 mecum
1397 649 1693 702 stomachabar
1721 663 1725 666 ’

559 732 693 780 modo
710 751 718 776 :

462 814 563 859 Nec
598 822 848 870 quenquam
888 802 969 852 css'e
1004 821 1087 866 ego
1114 803 1344 852 homiuem
1376 801 1586 857 arbitror,
1623 805 1695 851 cui

564 885 702 944 magis
720 881 862 929 bonae

391 1089 493 1128 Dum
508 1083 654 1139 p0tiar]
685 1080 896 1134 Quaelibet
906 1096 991 1122 cau·

332 1143 432 1193 salit,
444 1141 655 1182 dummodo
667 1140 712 1179 ad
726 1139 797 1178 hoc
809 1140 991 1192 perueni—

337 1216 411 1250 am,
434 1211 470 1238 vt
489 1198 623 1251 poffim
642 1197 768 1248 potiri.
822 1199 865 1236 E.

391 1269 444 1309 29
465 1256 572 1311 Qid
591 1255 706 1307 virgO,
729 1254 807 1292 cuia
826 1251 916 1305 est?]
940 1252 989 1292 V—

336 1325 439 1362 trum
463 1310 577 1357 serua,
599 1323 647 1347 an
667 1308 769 1348 filia?
826 1312 872 1348 D.

391 1369 495 1422 Qcid
516 1371 631 1420 virga,
660 1363 792 1416 cuia?]
824 1364 898 1403 Hic
919 1363 997 1400 iam

338 1425 538 1477 quaeritur
565 1436 614 1460 an
645 1419 728 1459 fieri
754 1419 865 1471 poffit
895 1433 917 1456 a
941 1416 998 1456 fa·

338 1482 501 1527 cultate,
530 1491 645 1529 quam
672 1490 757 1515 rem
783 1476 998 1527 interroga-

339 1549 399 1577 tus
420 1533 641 1575 adolescens
659 1531 762 1571 redit
772 1531 820 1570 ad
832 1542 1001 1582 conque-

341 1594 520 1637 stionem,
543 1588 649 1641 quod
670 1587 720 1627 fic
741 1601 826 1626 eam
843 1587 894 1626 de
907 1600 1001 1625 con-

343 1648 483 1702 spectu
495 1644 702 1698 impeditus
721 1641 899 1683 amiserit.
928 1647 973 1682 E.

401 1717 455 1758 30
488 1704 550 1742 Ne
578 1702 620 1740 id
648 1700 814 1754 quidem]
841 1698 1004 1739 Pulchra

344 1761 530 1806 varietas,
564 1758 724 1809 Nescio,
755 1755 1003 1801 Tantundem,

342 1831 389 1857 ne
407 1816 448 1854 id
473 1814 627 1868 quidem.
683 1812 770 1866 Qa
798 1814 944 1851 ratione
970 1826 1008 1850 a·

343 1871 483 1925 misti?]
514 1871 655 1922 Figura
674 1868 839 1914 συγκοπῆ,
869 1881 938 1917 pro
969 1881 1006 1905 a·

345 1927 481 1980 mifisti.
537 1927 628 1981 Qu
655 1925 802 1963 ratione
832 1922 1004 1976 amtstt‘2]

346 1986 389 2025 Si
431 1996 514 2022 non
555 1976 784 2019 remanfiffet
817 1977 1006 2025 Chaerea,

347 2039 417 2081 sed
445 2034 667 2078 consecutus
700 2034 916 2087 virginem,
952 2033 1007 2072 vi-

351 2092 474 2141 disset,
492 2106 568 2145 quo
589 2091 749 2130 deducio.
773 2088 867 2129 effet
890 2090 1005 2141 prius,

350 2165 470 2205 quam
507 2153 796 2189 Parmenonem
823 2145 1009 2184 conueni-

351 2219 431 2248 ret:
463 2219 547 2245 non
575 2205 627 2243 ita
645 2201 873 2255 procederet
899 2199 1009 2240 fabu-

350 2266 399 2311 la,
419 2275 459 2303 vt
478 2274 586 2300 nunc
602 2258 787 2312 procedit.
843 2254 1011 2298 Irruiffet

354 2320 462 2360 enim
493 2319 536 2357 in
553 2316 821 2369 coguitionem
837 2315 1011 2352 meretri-

352 2377 407 2417 cis
445 2376 670 2425 importune
693 2371 890 2419 Chaerea,
935 2382 1011 2409 nec

356 2445 424 2483 pro
454 2427 644 2471 Eunucho
669 2426 930 2466 adduceretur
962 2427 1013 2465 vl-

358 2489 487 2528 terius.
548 2488 598 2525 D.
876 2527 879 2539 ἵ

410 2542 519 2584 Ratio
531 2537 668 2588 versuS,
684 2539 737 2577 ait
746 2543 925 2588 Faernus,
946 2539 1014 2590 qui

357 2598 410 2640 est
428 2596 617 2639 lambiens
637 2605 860 2635 tetrameter
879 2596 1014 2634 catale-

356 2657 484 2707 ericus,
502 2653 624 2707 exigit
638 2650 797 2706 amzfisti,
823 2651 880 2694 vti
898 2650 952 2695 est
968 2651 1013 2694 in

1577 953 1698 1002 Feli-

1038 1082 1228 1123 Bembino
1248 1092 1287 1121 et
1305 1081 1385 1121 aliis
1399 1079 1591 1120 omnibus.
1619 1080 1700 1120 No,

1036 1137 1098 1177 bis
1117 1152 1208 1178 vero
1230 1137 1381 1178 videtur
1391 1138 1483 1176 olim
1504 1132 1615 1175 fuiss‘e
1633 1147 1703 1177 IL.

1037 1206 1145 1234 LAM
1174 1192 1306 1244 amisti.
1360 1196 1401 1233 B.

1095 1263 1145 1302 31
1186 1250 1234 1289 Id
1260 1249 1442 1303 equidem]
1479 1246 1599 1289 Deest
1636 1244 1695 1296 ob,

1045 1318 1113 1346 aut
1127 1316 1305 1359 propter:
1334 1314 1375 1344 vt
1395 1304 1458 1353 fit,
1486 1304 1532 1343 ob
1552 1304 1610 1350 id,
1637 1313 1704 1342 aut

1040 1373 1200 1415 propter
1219 1361 1269 1403 id.
1328 1362 1478 1401 Mecum
1494 1358 1709 1411 stomacha-

1049 1418 1135 1472 bar]
1168 1421 1275 1458 Bene
1291 1429 1451 1456 mecum.-
1481 1417 1571 1467 quia
1585 1415 1705 1454 acrio-

1049 1487 1130 1514 rem
1150 1474 1325 1513 dolorem
1343 1471 1512 1521 sustinet,
1531 1472 1598 1522 qui
1624 1468 1705 1523 ipse

1049 1531 1117 1570 fibi
1137 1528 1244 1569 irasci
1264 1530 1421 1583 cogitur.
1479 1530 1624 1569 Mecum
1649 1540 1708 1567 er·

1051 1601 1114 1641 go,
1133 1600 1203 1638 pro
1220 1589 1322 1638 apud
1340 1599 1405 1633 me,
1431 1585 1497 1623 vel
1514 1584 1617 1624 mihi.
1654 1585 1707 1624 D.

1103 1656 1155 1694 32
1191 1643 1389 1681 Hominem
1416 1640 1478 1692 effe
1514 1638 1710 1692 arbitror]

1050 1698 1179 1743 Deest,
1198 1712 1308 1751 quam
1325 1712 1378 1736 me
1399 1699 1519 1750 (lege,
1536 1708 1712 1749 tanquam

1053 1769 1137 1800 me;
1163 1766 1246 1802 aut,
1270 1766 1527 1806 praeterquam
1552 1767 1607 1792 me
1634 1753 1710 1803 Ζ).

1057 1813 1128 1851 Cui
1137 1812 1258 1867 magis
1269 1810 1384 1850 bonae
1395 1808 1617 1862 felicitates]
1635 1807 1714 1846 Bo-

1055 1882 1134 1916 nae,
1152 1879 1334 1920 magnae.
1385 1869 1499 1905 Noue
1515 1875 1644 1902 autem
1656 1863 1712 1901 di·

1055 1925 1122 1971 xit,
1150 1935 1312 1976 magnas
1335 1919 1536 1959 felicitates
1556 1919 1624 1958 fibi
1648 1918 1715 1957 ad-

1059 1976 1214 2027 uersari,
1235 1990 1284 2016 eo
1308 1976 1413 2028 quod
1430 1976 1621 2028 virginem
1632 1985 1716 2013 tan-

1055 2044 1118 2073 tae
1146 2031 1441 2084 pulchritudinis
1468 2045 1515 2070 ex
1542 2031 1660 2069 oculis
1678 2044 1717 2069 a·

1055 2087 1210 2129 miserit.
1267 2092 1364 2128 Nam
1385 2086 1518 2128 vidiffe
1536 2100 1633 2133 eam,
1659 2085 1716 2124 fe'-

1056 2145 1208 2184 licitatis
1246 2144 1405 2183 iudicat:
1446 2141 1510 2183 sed
1544 2139 1716 2191 amififfe,

1058 2198 1241 2240 aduersae
1269 2199 1474 2239 felicitatis.
1528 2202 1578 2240 Et
1609 2198 1717 2251 quod

1058 2257 1170 2296 bonae
1198 2257 1315 2304 dixit,
1343 2257 1406 2295 vel
1434 2267 1625 2307 magnae,
1653 2255 1719 2295 vel

1059 2314 1205 2353 nimiae
1231 2312 1526 2365 intelliguntur,
1556 2311 1619 2349 vel
1647 2315 1718 2348 ἐπί·

1059 2374 1148 2407 Θετον
1175 2368 1228 2407 est
1256 2370 1451 2420 proprium
1477 2378 1516 2405 et
1539 2377 1718 2418 perpetu-

1062 2439 1128 2464 um
1166 2423 1408 2464 felicitatum.
1482 2423 1713 2475 Felicitates]

1061 2481 1233 2522 Felicitas
1259 2478 1414 2519 aduersa
1443 2479 1498 2518 est
1508 2510 1516 2527 ‚
1552 2492 1638 2517 cum
1666 2490 1717 2516 ex

1060 2535 1324 2589 prosperitate,
1345 2536 1449 2588 quod
1470 2534 1606 2583 laedat,
1634 2530 1718 2573 nas-

1061 2595 1169 2632 citur.
1222 2593 1348 2631 Bonae
1355 2591 1579 2645 felicitates]
1607 2588 1719 2635 ’ἐμφαι-

1059 2665 1110 2696 σις
1129 2648 1192 2700 est,
1216 2662 1263 2690 eo
1281 2649 1389 2702 quod
1409 2648 1612 2702 felicitates
1633 2646 1719 2697 plu·

1634 2702 1718 2742 rali-
