1815 3168
331 141 427 189 492

728 131 883 178 ACT.
919 133 969 178 V.
1010 134 1200 180 SCEN.
1235 137 1292 181 V.

461 252 604 302 PAR.
640 260 776 311 Here,
811 262 1007 325 primum
1043 270 1086 308 te
1117 261 1326 317 arbitrari,
1353 263 1577 327 quod'res
1612 261 1688 320 est,

563 332 692 380 velim
708 354 716 379 :

370 423 428 455 ιο
465 409 687 471 Quicquid
712 410 842 456 huius
867 406 1090 464 fastum'st,
1111 413 1236 478 culpa
1247 432 1338 461 non
1351 410 1688 465 faElum'stmea.

463 481 559 529 LA.
594 486 746 538 Quid?
779 484 898 532 PAR.
926 484 1454 550 rectesaneinterrogasti:
1489 493 1687 555 oportuit

457 560 567 606 Rem
588 559 877 625 praenarrasse
901 580 984 610 me,
1024 566 1379 628 Emit-quendam
1402 566 1612 613 Phaedria

325 776 449 817 litera.
503 778 717 827 Sallustius,
755 781 845 822 Inde
872 794 981 824 ortus

315 835 442 886 sermo
462 864 470 881 ,
516 836 813 885 percontantibus
852 843 982 879 verim-

323 901 405 943 que,
420 890 541 940 fim’n’
551 890 657 940 salue
677 891 827 942 (saluae
844 893 889 936 sc.
904 899 981 949 res)

322 959 433 999 quam
449 948 555 1000 grati
572 945 724 986 ducibus
734 953 837 997 suis,
866 965 981 1004 quan-

320 1005 373 1041 τίς
382 1000 645 1053 familiaribus
656 1007 769 1055 copiis
786 1019 981 1059 agerentur

321 1059 613 1111 (augerentur).
670 1061 719 1099 D.

1018 1064 1113 1115 feci.

1536 644 1686 689 Eunu·

1083 780 1264 837 Plerique
1291 784 1401 826 codd.
1432 785 1474 825 id
1507 785 1603 841 quod
1628 799 1686 825 res

1030 841 1097 895 est:
1129 853 1167 881 vt
1183 840 1290 894 supra
1313 856 1375 891 iv,
1396 845 1432 891 6,
1458 853 1518 884 10.
1576 845 1617 881 B.

1091 910 1142 939 10
1176 898 1361 952 ‚Qticquid
1398 898 1505 938 buius
1537 898 1685 950 fac‘tum

1028 951 1094 1006 est]
1126 954 1313 994 Absolute
1332 966 1368 993 vt
1387 952 1569 1006 supra‚Et
1587 955 1687 1006 quic-

1029 1009 1120 1060 quid
1137 1009 1245 1050 huius
1265 1012 1366 1062 feci,
1397 1010 1499 1061 caufic
1518 1011 1684 1064 virginis

1168 1069 1251 1105 Aut
1270 1064 1375 1105 deest
1393 1069 1472 1105 rei:
1500 1077 1538 1106 vt
1557 1065 1685 1115 s1t‚lm-

375 1117 548 1164 Appone
564 1113 660 1153 Hem
686 1112 810 1154 versui
837 1106 979 1168 priori:
1028 1120 1085 1159 ius
1102 1121 1171 1160 rei.
1230 1120 1485 1162 stomachose.
1539 1124 1588 1162 D.

320 1178 360 1208 et
387 1169 428 1206 in
454 1165 631 1220 sequenti
651 1170 762 1224 lege,
793 1173 906 1230 Qid
920 1173 977 1226 est,

317 1225 421 1278 quod
435 1236 476 1262 tu
493 1225 689 1277 trepidas?
722 1231 834 1276 Nam,
850 1243 903 1278 tu,
915 1229 975 1270 ha-

318 1280 417 1319 bent
437 1279 551 1319 nostri
573 1282 758 1334 plerique.
817 1287 857 1324 B.

341 1369 345 1374 s
373 1349 400 1389 9
430 1337 539 1385 Here,
557 1340 974 1391 primumtearbitrari,

315 1393 418 1446 quod
434 1405 493 1430 res
510 1392 569 1442 est,
588 1395 712 1449 velim]
744 1397 862 1446 Quod
883 1409 976 1437 ante

314 1448 577 1488 narrationem
598 1450 841 1492 confirmatio
862 1455 973 1493 indu-

315 1506 423 1553 citur,
443 1516 575 1543 contra
592 1519 740 1546 morem
760 1520 799 1547 et
820 1523 974 1560 praece-

315 1572 381 1613 pta
401 1560 473 1600 est:
501 1557 567 1599 sed
587 1563 727 1602 merito
742 1593 751 1610 ‚
778 1567 868 1616 quia
887 1580 973 1618 per-

313 1616 483 1656 turbatus
512 1616 584 1665 est,
628 1619 719 1658 licet
745 1619 855 1660 fitnul
886 1625 904 1642 ⁸
934 1634 973 1662 vt

313 1685 397 1712 non
416 1673 523 1723 possit
541 1673 672 1713 dicere
690 1679 707 1725 ζ
710 1678 794 1728 quia
806 1689 904 1730 pert.
925 1678 973 1731 est

314 1732 382 1776 ita,
401 1729 484 1767 licet
490 1728 647 1781 simulet,
669 1745 712 1770 vt
733 1736 837 1784 ete),
867 1739 927 1777 D..

268 1827 272 1831 ς
368 1787 535 1824 Primum
561 1799 596 1825 te
616 1786 820 1843 arbitrari]
854 1798 972 1832 Ante-

315 1845 428 1892 qua'm
447 1841 593 1880 crimen
612 1844 670 1881 vel
690 1843 891 1886 admissum
905 1849 971 1886 ali-

313 1897 422 1948 quod
451 1897 605 1935 facinus
638 1912 830 1946 narraret,
864 1904 971 1954 *prius

312 1953 444 1999 voluit,
471 1952 574 2003 quod
594 1952 736 1994 fadum
762 1954 855 2001 esset
881 1973 902 1997 a
935 1957 975 2000 se

313 2021 533 2052 remouere.
595 2009 657 2048 Ne
704 2025 778 2060 me,
828 2014 968 2066 inquit,

301 2063 440 2116 spec‘tes
453 2095 465 2115 ,
491 2062 564 2101 hoe
584 2064 644 2112 est,
672 2080 725 2105 ne
743 2068 793 2107 de
809 2082 874 2108 me
892 2068 970 2109 esse

312 2121 456 2159 credas.
510 2120 588 2159 Sed
609 2119 681 2160 hoc
691 2122 803 2163 stulte
818 2124 968 2176 sladum,

311 2176 381 2216 nifi
403 2176 550 2215 crimen
569 2178 630 2215 vel
648 2176 794 2219 facinus
805 2180 968 2235 dixisset,

310 2244 477 2285 purgare
504 2245 587 2271 non
606 2232 745 2274 debuit
765 2235 970 2288 personam

245 2300 247 2305 ‘
307 2286 424 2327 suam.
481 2287 575 2327 Ideo
604 2286 725 2330 senex
752 2294 971 2348 interrogat

310 2343 557 2397 quidfiu‘Ium
579 2345 640 2396 fit.
695 2351 745 2388 Et
763 2352 968 2398 Parmeno,

308 2401 434 2447 Reae,
475 2400 603 2450 inquit
620 2432 629 2450 ,
680 2409 853 2456 oportuit
891 2422 969 2447 rem

300 2456 554 2509 praenarrasse
573 2471 641 2497 me.
694 2462 781 2500 Hoc
805 2462 869 2512 est,
900 2465 969 2503 cri-

307 2522 413 2559 men,
437 2513 540 2563 quod
564 2512 618 2551 est
638 2515 859 2565 admissum,
891 2521 964 2572 pri-

307 2580 351 2606 us
386 2569 559 2619 oportuit
584 2568 735 2622 dicere,
763 2585 802 2612 et
828 2574 876 2614 fic
903 2575 965 2615 ad>-

306 2622 435 2663 hiberi
470 2624 516 2663 in
550 2626 731 2669 omnibus
771 2633 963 2686 purgatio-

307 2693 412 2719 nem.
465 2682 510 2723 E.

1087 1187 1133 1218 11
1206 1178 1319 1232 uid?]
1357 1179 1480 1232 Qid,
1520 1178 1685 1217 interro—

1026 1242 1104 1285 gat.
1136 1235 1221 1284 quis
1239 1235 1348 1273 enim
1373 1244 1486 1279 ante,
1521 1234 1684 1281 crimen,

1026 1300 1140 1338 quam
1162 1289 1380 1338 obiiciatur,
1407 1299 1473 1328 aut
1492 1302 1684 1341 propona-

1025 1353 1100 1393 tur,
1112 1356 1246 1399 neget.
1302 1345 1527 1399 Redefime]
1557 1346 1684 1386 Dode

1023 1402 1233 1440 Terentius
1272 1399 1354 1453 ipse
1392 1399 1433 1442 se
1469 1399 1683 1454 reprehen-

1025 1454 1093 1496 dit.
1149 1460 1247 1497 Nam
1273 1458 1411 1496 ordine
1434 1456 1580 1497 fanum
1598 1470 1682 1497 nou

1023 1510 1079 1550 est
1116 1526 1209 1565 prae
1244 1514 1383 1553 timore
1414 1523 1455 1555 et
1485 1510 1683 1554 conscien-

1023 1567 1087 1610 tia.
1143 1572 1192 1611 D.

1081 1691 1131 1721 12
1162 1680 1268 1722 Emit
1291 1683 1470 1736 quendam
1492 1682 1681 1724 Phaedria

1021 1737 1257 1792 Eunuchum]
1287 1739 1394 1781 Vide
1414 1741 1680 1793 narrationem

1021 1806 1043 1830 a
1061 1791 1276 1833 necessariis
1295 1806 1335 1834 et
1353 1795 1581 1849 vrgentibus
1592 1808 1681 1835 coe·

1021 1859 1139 1900 ptam,
1162 1851 1297 1889 nonin
1318 1847 1356 1890 se
1373 1852 1588 1899 continere,
1602 1849 1679 1898 ,nifi

1023 1902 1127 1955 quod
1152 1906 1210 1945 rei
1228 1906 1399 1945 conditio
1420 1908 1523 1959 cogit
1550 1905 1675 1946 fateri.

1021 1959 1142 2008 Emit,
1171 1961 1317 2012 inquit,
1343 1963 1519 2014 quendam
1546 1962 1678 2002 Eunu-

1021 2014 1145 2063 chum,
1182 2030 1285 2069 quem
1311 2018 1404 2058 dono
1434 2018 1516 2057 huic
1547 2019 1674 2074 daret]

1018 2072 1109 2110 Non
1127 2071 1233 2119 dixit,
1253 2073 1327 2115 Cui
1347 2074 1453 2113 dono
1482 2074 1610 2122 daret3
1639 2089 1675 2114 a·

1016 2128 1104 2167 liter
1130 2127 1177 2167 ab
1197 2130 1334 2168 amoris
1359 2132 1564 2170 mentione
1585 2139 1676 2170 coe·

1019 2180 1142 2236 pisset.
1199 2184 1358 2226 Deinde
1403 2186 1447 2224 τδ
1486 2189 1674 2240 quendam

1018 2239 1222 2287 ἐξεθενισμδν
1242 2240 1436 2295 fignificat,
1449 2253 1486 2283 et
1504 2244 1672 2284 ἐντέλειαν

1017 2294 1143 2342 ἄνδρές.
1198 2299 1248 2338 D.

1068 2351 1173 2392 Emit
1201 2353 1376 2406 quendam
1394 2353 1579 2394 Phaedria
1600 2353 1672 2394 Eu-

1016 2407 1192 2463 nuchum]
1243 2411 1348 2452 Cum
1387 2407 1672 2463 Aethiopiffam

1016 2465 1144 2515 etiarn,
1166 2474 1299 2504 tamen
1317 2466 1369 2506 de
1381 2465 1567 2507 Eunucho
1590 2477 1671 2506 tan-

1013 2530 1096 2560 tum
1115 2531 1267 2567 narrat,
1298 2524 1387 2573 quia
1405 2520 1484 2573 ipse
1502 2525 1670 2575 pertinet

1015 2576 1062 2616 ad
1093 2575 1259 2627 causam,
1301 2588 1342 2618 et
1378 2593 1431 2618 ne
1468 2578 1668 2620 dominum

1015 2634 1057 2672 in
1089 2634 1312 2674 muneribus
1342 2648 1506 2676 onerare
1538 2635 1670 2677 ,videa-

1017 2699 1086 2729 tur.
1144 2692 1188 2731 E.
