1815 3168
702 153 994 199 ANDRIA.

1436 171 1524 221 ¹13

166 335 170 339 .
289 283 412 327 Haec
433 295 540 343 quae
561 278 678 331 faciS,
702 295 760 325 ne
781 282 817 325 is
837 290 982 325 mutet
1005 278 1121 325 suam
1144 280 1416 333 sententiam.

196 374 257 406 20
292 358 406 402 Patri
439 354 505 401 dic
537 354 670 402 velle:
706 364 776 407 vt,
811 370 913 400 cum
932 354 1048 406 velit.
1070 355 1149 402 tibi
1170 358 1266 402 iure
1288 359 1406 406 irasci
1425 379 1520 410 non

386 441 530 493 queat.

285 508 407 553 Nam
429 503 548 567 quod
571 514 621 550 tu
650 504 807 568 spere3‚
838 503 1108 569 propulsabo
1137 505 1284 562 facile3
1325 513 1519 557 onrem

384 580 452 644 his
482 579 682 626 moribus

285 654 422 702 Dabit
450 671 597 701 nemo.
640 655 837 701 inueniet
876 656 1059 719 inopem
1087 648 1266 720 potius,
1311 674 1443 722 quarn
1473 670 1517 707 te

384 731 611 793 corrumpi
631 728 752 775 sinat.

285 803 371 852 Sed
403 802 433 850 fi
463 813 506 850 te
538 820 677 867 aequo
709 806 857 853 animo
894 803 1009 852 ferre
1046 807 1250 873 accipiet,
1289 809 1515 871 negligen-

380 889 472 939 tem
493 879 662 927 feceris.

147 1081 368 1124 ἂκυρολογῖκε
416 1085 457 1116 et
485 1074 725 1129 Ρνορτιῌᾷὂο,
763 1074 805 1115 id

143 1132 216 1181 est,
238 1132 448 1184 repellam:
467 1132 573 1171 vnde
592 1133 754 1172 abieetio
766 1143 811 1171 et

149 1189 324 1241 depulsio
354 1188 536 1228 criminis.
598 1189 640 1229 Si
679 1186 803 1240 perse-

149 1257 260 1284 ueras
271 1246 311 1283 in
322 1243 380 1282 his
392 1243 572 1293 moribus,
594 1257 669 1283 nec
681 1243 805 1285 Chre-

148 1313 233 1341 mes
257 1312 332 1339 nec
351 1300 447 1340 alius
473 1299 582 1340 dabit
599 1300 670 1339 tibi
686 1298 806 1340 filiam

149 1352 264 1395 suam.
326 1356 402 1395 Hic
422 1353 544 1394 rursus
562 1355 701 1394 incidit
730 1357 806 1395 alia

149 1410 332 1463 quaestio.
384 1410 462 1450 Sed
480 1411 806 1462 qualemcumque

148 1467 332 1507 inueniet
368 1476 477 1517 pater
493 1497 504 1515 ,
551 1479 605 1506 ne
640 1465 708 1505 det
748 1465 806 1505 his

147 1522 320 1565 moribus
337 1523 355 1567 ζ
354 1520 398 1573 st
413 1523 473 1573 Z.)
494 1519 728 1573 perseueres.
757 1524 802 1562 Ε

207 1591 256 1631 19
285 1578 347 1630 Ne
364 1577 417 1631 is]
446 1576 633 1617 Chremes
652 1575 804 1616 scilicet.

146 1635 210 1676 Ne
232 1638 263 1674 is
283 1634 420 1686 mutet]
450 1633 514 1672 Ad
534 1632 730 1672 confilium
745 1646 806 1672 re·

148 1691 217 1739 dit,
237 1700 277 1729 et
296 1689 503 1740 coniungit
523 1699 720 1727 euentum.
753 1688 804 1727 D.

202 1758 257 1787 20
286 1744 403 1783 Patri
418 1745 478 1783 dic
496 1743 606 1783 velle:
633 1756 693 1792 vt,
727 1755 806 1782 cum

144 1802 252 1852 velit]
281 1801 438 1841 Scilicet
449 1812 501 1838 ne
516 1797 677 1846 securus,
700 1798 805 1850 quod

146 1871 230 1898 non
250 1855 293 1895 fit
310 1855 501 1898 Chremes
520 1855 677 1894 daturus·
687 1854 807 1895 filiam

141 1912 265 1961 suam,
292 1911 401 1963 parui
426 1909 568 1952 faeiat*
556 1924 653 1951 iram
677 1911 804 1962 patris,

146 1982 184 2011 et
215 1978 336 2021 neget
366 1979 526 2006 vxorem
551 1967 710 2016 ducere,
749 1976 803 2006 v-t

143 2037 236 2078 pote
255 2025 388 2069 fretus,
406 2024 610 2063 neminem
626 2024 743 2062 alium
759 2021 800 2063 fi-

144 2081 186 2121 bi
204 2077 484 2120 commnsurum
494 2080 718 2132 coniugem.
748 2080 798 2118 D.

197 2136 307 2176 Patri
350 2135 409 2176 dic
443 2134 549 2190 velle]
595 2133 671 2181 Ms.
710 2133 800 2175 velle

148 2205 196 2234 te.
247 2195 288 2232 L.

147 2282 157 2294 .
200 2260 249 2291 21
272 2248 374 2288 Nam
383 2247 532 2301 quodtu
541 2245 682 2303 speres]
704 2247 801 2287 Sunt

150 2305 215 2356 qui
235 2316 303 2356 p10
308 2302 443 2356 speres,
465 2306 594 2344 timeas
611 2302 800 2343 habeant:

149 2370 188 2397 vt
204 2358 255 2408 fit,
275 2362 371 2399 Nam
389 2360 494 2411 quod
513 2370 554 2398 tu
572 2360 718 2407 timeas,
738 2356 803 2398 sci-

149 2415 250 2462 licet,
269 2415 380 2454 aliam
397 2415 585 2465 daturum,
642 2415 801 2467 Propul-

140 2468 254 2523 fizbo]
284 2472 368 2509 Ho'c
383 2470 449 2519 est,
479 2470 799 2511 causaminanem

150 2522 228 2565 effe
257 2524 485 2576 monstrabo,
517 2527 557 2567 id
584 2526 648 2577 est,
677 2525 800 2567 osten-

150 2580 238 2621 dam
269 2579 528 2634 nihilominus,
556 2594 594 2623 te
627 2581 703 2624 effe
732 2583 798 2622 du-

1419 961 1517 1007 Alia

856 1077 1004 1117 &urum
1024 1077 1139 1117 aliam
1156 1090 1315 1119 onrem
1329 1110 1339 1128 ,
1367 1078 1516 1118 etiamsi

854 1132 955 1173 hanc
988 1146 1070 1172 non
1095 1134 1260 1175 duxeris.
1321 1135 1516 1187 Propulsiz-

855 1188 921 1244 bo]
959 1190 1196 1242 Eleganter,
1229 1204 1302 1243 pro
1330 1204 1378 1230 eo
1408 1191 1514 1243 quod

855 1244 910 1284 est
930 1244 1111 1299 repellam.
1172 1248 1335 1293 onrem
1363 1248 1421 1286 bis
1439 1262 1515 1286 mo-

853 1300 975 1342 ribus
984 1300 1088 1341 dabit
1115 1304 1239 1357 nemo]
1269 1306 1329 1344 Ne
1356 1305 1513 1343 alte1am

855 1368 1023 1408 quaeifflat
1081 1358 1154 1398 His
1170 1359 1355 1413 moribuc]
1393 1359 1514 1400 Deest

853 1412 1016 1464 aliquid.
1048 1423 1087 1452 vt
1106 1412 1170 1459 fit,
1199 1413 1258 1453 his
1278 1415 1450 1454 moribus
1478 1429 1516 1454 a

856 1469 987 1520 genti,
1023 1477 1088 1507 aut
1121 1442 1181 1507 hi's
1208 1470 1379 1511 m01ibus
1405 1484 1513 1524 prae-

858 1522 951 1562 dito.
1012 1525 1062 1563 D.

908 1582 979 1618 Pro
996 1579 1147 1633 vulgari
1166 1579 1323 1633 speras,
1358 1589 1514 1633 praeter

854 1637 1079 1683 Donatum,
1138 1636 1237 1674 liber
1299 1638 1514 1687 Vaticanus,

855 1703 975 1741 quem
995 1692 1162 1729 Faernus
1187 1689 1373 1743 inspexit,
1405 1704 1443 1731 et
1463 1705 1514 1733 ex

855 1744 992 1784 nostiis
1012 1747 1251 1795 veterrimus,
1273 1738 1419 1788 habent
1422 1747 1513 1802 spe

855 1815 925 1841 res.
960 1801 1088 1841 Reele.
1150 1804 1192 1841 B.

909 1869 963 1899 22
994 1857 1161 1896 Inueniet
1187 1859 1345 1913 inopem]
1378 1859 1515 1906 ὗποφα-

852 1910 896 1960 ςιέ
928 1913 1102 1958 {spem-mdc
1129 1914 1258 1968 (lege,
1292 1917 1512 1967 &spem-meac).

851 1967 929 2009 Sed
947 1981 1024 2008 nec
1043 1970 1204 2021 inopem
1225 1982 1396 2023 quae1·.at
1450 1972 1511 2011 Ιη-

849 2024 990 2079 ueniet]
1021 2027 1118 2066 Sunt
1134 2027 1202 2077 qui
1219 2031 1295 2065 κατ’
1332 2032 1511 2074 ἀνθυποφο-

848 2098 908 2128 ραν
935 2080 1008 2119 dici
1037 2093 1175 2133 putent
1231 2084 1402 2124 Ιηιιεπὶετ
1427 2086 1508 2124 ino-

841 2148 939 2190 pem.
998 2140 1049 2178 D.
1538 2141 1542 2146 '

904 2194 1071 2233 Inueniet
1088 2194 1232 2245 inopem
1243 2199 1380 2247 potius,
1399 2207 1510 2248 quam

850 2263 885 2289 te
916 2252 1103 2301 corrumpi
1127 2249 1251 2304 sinat]
1298 2253 1385 2289 Hoc
1415 2264 1510 2304 ergo

851 2307 1034 2358 proponit
1053 2305 1154 2358 quasi
1173 2319 1222 2345 ex
1250 2304 1407 2345 aduersa
1425 2322 1510 2359 par-

850 2372 911 2401 te:
941 2372 981 2401 et
999 2360 1051 2400 est
1073 2361 1224 2400 collatio
1245 2361 1413 2402 duorum
1434 2377 1512 2401 ma-

849 2418 986 2466 lorum,
1015 2430 1181 2468 quorum
1209 2417 1371 2457 alterum
1402 2419 1511 2471 eligi·

851 2485 923 2513 tur.
978 2476 1020 2514 E.

903 2542 955 2583 23
983 2530 1042 2568 Ne
1026 2529 1287 2584 egligentemf
1283 2529 1404 2593 ceris]
1421 2531 1507 2569 Hoc

855 2584 917 2633 est
939 2585 1256 2638 etiaminparatis
1270 2587 1430 2638 nuptiis
1459 2589 1508 2628 D-
