1815 3168
297 134 389 193 568

655 195 657 201 ἲ
696 126 853 173 ACT.
887 125 941 171 11.
973 124 1094 169 SCE
1114 124 1176 168 N.
1206 123 1239 169 1.

435 260 557 306 Nam
576 254 648 302 hic
673 254 824 306 Clinia,
848 251 918 300 etsi
943 254 977 299 is
999 265 1176 315 quoque
1199 248 1370 297 suarum
1393 264 1542 296 rerum
1563 247 1664 296 sata·

539 333 614 391 git,
641 341 827 376 attamen

438 407 587 456 Habet
618 406 728 452 bene
748 422 794 451 ac
811 402 970 469 pudice
995 397 1212 453 edustam,
1237 401 1433 460 ignaram
1457 400 1556 446 artis
1576 416 1664 446 me·
1718 452 1722 463 Ι

540 483 750 528 retriciae.

343 577 364 610 1
379 577 402 624 ς
436 554 586 606 Mea'st
597 568 768 621 potens,
783 568 954 620 procax,
968 549 1208 612 magnifica,
1221 550 1444 602 sumtuosa,
1458 549 1634 596 nobilis.

444 639 569 683 Tum
601 631 720 695 quod
746 630 845 676 dem
869 631 931 682 ei,
966 621 1150 676 reRe'st.
1186 643 1290 673 nam
1308 626 1415 672 nihil
1439 622 1522 673 effe
1542 625 1670 679 mihi,

540 701 745 769 religio’st
769 706 925 753 dicere.

365 929 445 969 Nec
482 941 538 968 me
578 925 783 980 quisquam]
824 922 970 967 Charis.

314 984 382 1025 lib.
403 999 445 1023 η.
504 984 547 1021 L.

370 1044 439 1080 Pro
459 1038 549 1090 quid
574 1038 650 1089 leg.
674 1049 763 1076 cum
785 1035 890 1074 libris
908 1035 971 1074 ali-

316 1107 419 1148 quot,
439 1095 548 1148 quod>
608 1096 646 1132 Β.

376 1162 420 1202 13
457 1148 624 1204 satagit]
654 1146 974 1198 Genitiuoiungi-

316 1217 388 1246 tur.
445 1207 607 1260 Srzzagit,
629 1204 667 1244 id
688 1203 753 1252 est,
773 1203 909 1244 anxius
920 1200 975 1242 est

319 1275 359 1303 et
379 1260 544 1302 curiosus
564 1258 713 1300 suarum
730 1273 872 1298 rerum.
899 1258 946 1298 C.

376 1320 534 1358 Sauram
560 1329 680 1355 rerum
697 1313 862 1369 fiztagit]
902 1312 976 1365 Etfi

320 1376 351 1415 is
374 1387 534 1426 quoque
556 1373 606 1412 de
632 1370 705 1412 suis
722 1366 838 1411 rebus
862 1370 978 1424 pluri-

318 1445 428 1472 mum
449 1430 600 1483 cogitat.
656 1432 702 1470 E.

375 1491 444 1528 Pro
454 1487 606 1539 satagit
624 1497 784 1523 attamen
811 1483 904 1522 olim
929 1482 981 1522 le-

321 1545 421 1584 &um
443 1539 593 1592 ei'sefiat
611 1545 732 1596 agitat
750 1552 889 1587 tamen,
917 1552 980 1591 pa-

322 1611 379 1639 tet
406 1613 428 1638 e
457 1596 629 1640 Charifio
658 1612 694 1649 p.
726 1608 815 1650 193.
871 1594 981 1641 Satis,

323 1656 469 1707 inquit,
495 1667 565 1706 pro
594 1655 756 1695 inteme;
794 1652 888 1692 Cato
910 1651 982 1689 die·

322 1726 405 1753 rum
425 1712 604 1751 dic‘tarum
623 1710 663 1748 de
676 1707 982 1760 Confitlatusuo:

324 1768 402 1809 Iam
425 1768 523 1819 apud
537 1766 670 1806 vallum
699 1767 813 1817 nostri
823 1763 924 1816 fiztts
946 1777 984 1802 a·

325 1823 476 1881 gehant.
538 1823 731 1861 Terentius
769 1822 809 1860 in
846 1821 983 1859 Heaut.

323 1879 405 1933 Etsi
416 1879 576 1929 suarum
596 1890 716 1916 rerum
731 1876 829 1927 fiztis
847 1877 983 1930 agitat,

326 1949 449 1978 tamen
468 1933 576 1973 habet
600 1932 686 1971 bene
700 1938 739 1971 'et
751 1930 890 1984 pudice
902 1931 984 1969 edu-

325 1994 430 2033 c‘hzm.
450 1989 674 2032 Reffiffime.
702 1990 800 2028 Nam
811 1987 858 2026 lic
867 1987 984 2027 Plaut.

326 2046 463 2090 Bacch.
489 2060 554 2090 lv,
585 2055 620 2097 3,
644 2056 708 2099 23.
768 2044 881 2082 Nunc
910 2044 988 2098 agi-

329 2118 388 2146 tas
397 2104 466 2156 fiet
486 2115 567 2141 tute
586 2113 732 2139 tuarum
743 2111 877 2138 rerum.
907 2098 987 2138 De-

327 2161 424 2201 inde
449 2157 532 2211 post
558 2155 625 2207 east
647 2168 848 2206 nunquam
865 2153 989 2205 sequi-

330 2228 392 2257 tur
412 2227 588 2258 attamen,
618 2211 684 2252 sed
706 2224 840 2251 tamen.
895 2214 934 2250 Β.

391 2285 443 2326 14
481 2270 615 2310 Pudice
642 2267 824 2322 eduaam]
865 2264 989 2316 Quod

332 2342 403 2369 nos
430 2328 581 2367 educare
607 2324 792 2370 dicimus,
838 2321 988 2374 antiqui

334 2386 481 2425 educere
503 2382 699 2422 dixerunt.
753 2380 800 2419 C.

389 2441 467 2480 Vix
522 2436 626 2477 ferre
684 2432 835 2489 poffum
879 2435 989 2475 Artis

331 2495 586 2550 posteriorem
614 2491 676 2531 hic
709 2503 869 2538 acuere,
904 2502 991 2531 eum

332 2553 440 2606 prior
469 2550 511 2590 fit
534 2550 665 2603 longa.
721 2549 852 2598 Quare
879 2546 992 2584 indu-

334 2622 400 2649 cor
417 2617 463 2648 vt·
478 2605 630 2646 credam
650 2602 698 2645 ab
715 2603 885 2646 Aufiore
914 2599 992 2643 effe

1569 780 1674 825 Hoc
1702 752 1705 753 γ

1019 926 1075 965 rei
1099 923 1349 970 meretriciae,
1377 920 1476 961 adeo
1503 930 1543 960 vt
1561 934 1618 960 res
1639 933 1677 959 0-

1020 992 1131 1019 mnes
1153 981 1398 1018 meretricum
1422 976 1679 1030 comprehen-

1022 1034 1085 1073 dat
1111 1044 1219 1072 artes.
1274 1035 1313 1072 B.

1079 1101 1127 1140 15
1160 1090 1326 1143 Procax]
1366 1088 1512 1129 lustaus
1539 1089 1580 1128 in
1608 1102 1680 1141 pe·

1023 1144 1157 1186 tendo.
1200 1146 1298 1196 Virg
1341 1145 1461 1196 (Aen.
1494 1158 1530 1193 1,
1566 1145 1682 1198 536.)

1019 1200 1241 1255 procacibus
1262 1199 1411 1252 austris,
1437 1201 1462 1240 i.
1483 1214 1516 1240 e.
1535 1203 1681 1253 impro-
1702 1236 1706 1241 f

1027 1259 1085 1298 bis
1134 1265 1173 1296 et
1217 1257 1441 1308 importune
1487 1257 1681 1297 flantibus.

1029 1315 1208 1362 Procare,
1232 1324 1278 1360 ¹vt
1303 1312 1509 1364 Pompeius
1545 1313 1682 1363 inquit,

1027 1367 1187 1423 poscere
1230 1368 1295 1408 est.
1361 1368 1481 1409 Vnde
1514 1379 1686 1421 procace-5

1029 1427 1255 1470 meretrices,
1285 1424 1333 1463 ab
1362 1425 1505 1464 assidue
1533 1422 1688 1475 poscen-

1031 1483 1093 1522 do.
1151 1484 1197 1522 Et
1208 1481 1334 1527 Proci,
1352 1494 1510 1520 vxorem
1531 1478 1688 1533 poscen-

1030 1550 1088 1579 tes
1115 1538 1158 1578 iu
1191 1538 1493 1577 matrimonium.
1550 1542 1691 1588 ltaque-

1033 1596 1194 1642 Prmax,
1221 1593 1260 1633 id
1282 1592 1344 1638 est,
1369 1606 1495 1646 petax,
1515 1590 1689 1645 dispolia-

1031 1652 1118 1691 trix.
1175 1647 1397 1705 Magnifica]
1418 1648 1691 1705 Magnificein-

1032 1707 1166 1747 struRa
1210 1704 1456 1759 supelleffili,
1499 1704 1691 1760 magnifice

1033 1762 1187 1811 induta‚
1217 1759 1408 1817 magnifice
1434 1761 1616 1812 epulans,
1649 1772 1689 1801 et

1033 1820 1138 1859 lauta
1148 1831 1339 1870 quaerens
1351 1818 1544 1857 conuiuia.
1575 1819 1691 1867 Quae

1037 1875 1171 1915 omnia
1205 1887 1394 1927 magnum
1422 1873 1502 1912 auri
1535 1872 1692 1925 pondus

1033 1928 1209 1983 poscunt.
1290 1928 1511 1980 Sumtuosa]
1568 1929 1693 1969 Multa

1034 1983 1280 2038 impendenx,
1302 1995 1341 2024 et
1362 1995 1564 2036 propterea
1574 1985 1695 2025 multa

1036 2052 1189 2095 petens.
1249 2039 1413 2091 Nobilis]
1447 2040 1488 2079 id
1513 2039 1576 2088 est,
1606 2040 1693 2080 infi-

1037 2097 1136 2151 gniS,
1156 2097 1195 2138 in
1213 2096 1354 2135 malam
1373 2107 1532 2149 partem,
1565 2096 1604 2138 id
1627 2096 1693 2147 est,

1037 2152 1167 2194 multis
1189 2162 1292 2199 nota,
1315 2153 1406 2203 quia
1424 2152 1605 2192 videlicet
1621 2152 1699 2193 fre·

1039 2219 1204 2262 quentes
1225 2207 1362 2248 habeat
1378 2219 1578 2248 amatores.
1611 2209 1656 2249 C.

1094 2265 1187 2305 Mea
1206 2263 1252 2316 est
1270 2264 1419 2316 potens]
1447 2264 1509 2304 Ad
1535 2263 1608 2303 hoe
1629 2277 1696 2317 po·

1038 2320 1156 2364 fiturn.
1170 2332 1206 2360 vt
1217 2333 1265 2359 ex
1274 2320 1477 2360 nobilitate
1487 2320 1697 2371 plurimum

1039 2376 1178 2417 audeat
1220 2376 1423 2428 postulare.
1488 2375 1637 2416 Procax
1674 2391 1697 2416 a

1040 2431 1211 2485 petendo
1239 2432 1382 2471 dicium
1410 2430 1484 2476 est3
1522 2432 1626 2472 vnde
1657 2443 1698 2473 et

1030 2490 1142 2541 proci
1171 2487 1348 2527 dicuntur
1380 2489 1597 2538 nuptiarum
1632 2501 1698 2540 pe·

1042 2546 1185 2585 titores.
1245 2543 1462 2597 Sumtuosh]
1496 2547 1549 2583 Vt
1571 2556 1612 2594 et
1632 2557 1698 2584 ne-

1041 2601 1246 2642 eeffitatem
1272 2599 1338 2641 fibi
1357 2599 1520 2654 petendi
1538 2612 1699 2696 proftel·

1631 2670 1697 2696 uos
