1815 3168
365 160 458 218 348

742 153 904 201 ACT.
943 154 994 201 11.
1031 154 1230 203 SCEN.
1266 157 1336 202 111.

402 296 468 346 70
498 277 610 330 CH.
649 279 841 329 Obsecro
855 281 1013 335 hercle,
1034 286 1264 337 Parmeno,
1284 283 1348 330 fac
1360 293 1404 331 vt
1418 286 1576 350 potiar.
1600 282 1726 333 PAR.

597 356 749 405 faciam
771 358 932 411 sedulo,
962 375 1010 404 ac

499 433 632 482 Dabo
656 449 850 498 operam,
874 431 1106 481 adiuuabo.
1145 435 1364 498 numquid
1376 451 1446 482 me
1460 434 1610 482 aliud?
1633 430 1729 481 CH.

597 526 687 574 quo
711 526 828 555 nunc
852 507 919 558 is?
956 505 991 555 P
1010 523 1040 554 A
1061 523 1105 556 R.
1145 509 1343 564 domum,

496 590 559 633 Vt
588 587 805 651 mancipia
837 585 971 639 haec,
1012 587 1070 632 ita
1090 596 1137 635 vt
1155 584 1267 633 iuffit
1288 587 1444 643 frater,
1488 586 1643 633 ducam
1676 584 1731 632 ad

595 662 833 709 Thaidem.

494 734 610 786 CH.
652 740 695 785 O
718 738 991 786 fortunatum
1011 734 1138 784 istum
1157 737 1440 792 Eunuchum,
1463 735 1731 801 quiquidem

593 816 642 861 in
664 813 777 867 hanc
799 813 926 861 detur
943 809 1152 863 domum!

356 1048 415 1077 res
440 1034 506 1089 est]
535 1036 627 1075 Non
658 1034 787 1085 potuit
801 1034 942 1073 melius
968 1031 1025 1072 su-

357 1106 419 1131 am
445 1092 600 1141 vtrique
627 1091 788 1143 gratiam
817 1089 1021 1130 reseruare.

354 1151 456 1188 Nam
485 1156 526 1185 et
556 1146 645 1196 illa,
685 1156 725 1187 et
762 1145 859 1186 haec
895 1160 1023 1186 aman-

354 1214 425 1242 tur.
479 1206 532 1245 D.

372 1286 376 1289 -
408 1271 467 1310 70
500 1259 652 1300 Faciam
671 1256 823 1312 fidulo]
852 1259 954 1298 Mire
977 1259 1020 1297 in

354 1315 548 1369 promissis
567 1314 839 1364 posterioribus
854 1313 1022 1353 difficul-

355 1385 414 1412 tas
438 1372 498 1411 rei
527 1369 760 1409 ostenditur:
799 1382 920 1420 quum
947 1370 1022 1422 pri-

353 1429 585 1478 mofhciam
604 1424 755 1465 dixerit.
813 1428 864 1466 D.

383 1515 386 1519 .
415 1482 575 1534 Obsecro
594 1481 731 1535 hercle]
762 1483 835 1520 Res
854 1480 955 1520 redit
972 1481 1021 1521 ad

353 1553 511 1594 preceS,
547 1551 664 1590 quam
686 1536 846 1588 quidem
865 1534 903 1577 se
926 1536 1024 1576 effe-

353 1599 506 1637 ehu-um
525 1592 654 1635 seruus
674 1594 888 1645 pollicetur,
907 1604 945 1632 et
954 1592 1025 1633 fin-

355 1657 412 1708 git
434 1647 761 1696 sediscefl'urum,
789 1647 853 1689 sed
873 1660 1025 1690 tenetur

352 1726 377 1750 a
417 1708 607 1749 domino:
639 1716 680 1746 et
706 1706 799 1746 dum
822 1705 1028 1745 laudantur

353 1766 540 1806 fortunae
548 1761 742 1811 Eunuchi,
762 1762 868 1813 quod
880 1761 928 1802 ad
938 1776 1026 1802 eam

351 1823 407 1862 itu
416 1834 478 1862 rus
488 1820 544 1860 est
554 1818 726 1867 domurn,
746 1817 808 1856 vbi
822 1819 930 1871 virgo
941 1819 1026 1870 pul-

353 1877 549 1917 cherrima
568 1874 639 1919 est,
664 1873 713 1912 fic
732 1871 832 1912 subit
849 1876 955 1923 ratio,
985 1885 1026 1913 vt

352 1931 441 1986 ipse
452 1932 598 1971 debeat
608 1941 786 1981 pergere.
808 1943 923 1979 quam
942 1943 1024 1970 rem

354 1988 547 2042 prouidus
567 1983 697 2025 seruus
715 1986 885 2037 agnouit.
923 1988 974 2026 E:

409 2048 468 2085 Ac
489 2043 591 2090 dele,
613 2050 652 2080 vt
663 2054 733 2092 per
742 2038 924 2094 asyndeta
942 2040 1022 2081 for-

352 2103 431 2143 tius
449 2099 604 2140 incedat
623 2097 757 2136 oratio.
814 2100 856 2136 B.

408 2169 467 2211 71
498 2153 699 2207 Numquid
714 2167 769 2192 me
786 2151 891 2192 aliud
909 2154 1020 2209 vis?]

352 2217 444 2254 Hoc
480 2211 610 2252 dicere
647 2207 835 2249 abeuntes
876 2207 1015 2250 solent.

351 2274 402 2312 Et
430 2269 560 2316 bene,
601 2265 804 2319 Numquid
835 2281 891 2305 me
918 2267 1025 2305 aliud

352 2329 444 2367 vis?
491 2325 581 2376 quia
613 2320 779 2361 festinat.
834 2326 882 2362 Et
915 2322 1023 2364 fimul

411 2384 450 2422 ia
466 2380 562 2420 hinc
580 2376 745 2418 noscitur
765 2377 956 2429 (nascitur,
985 2393 1024 2419 e-

383 2439 457 2478 idit
489 2433 769 2476 Westerhofius
801 2435 917 2477 tacite
945 2439 1022 2489 Z.).

352 2497 468 2536 dolus
490 2490 688 2532 fallendae
708 2492 940 2532 meren-icis.
969 2496 1019 2533 D.

408 2553 512 2604 Leg.
532 2545 729 2596 adiutabo,
769 2549 859 2599 quia
885 2548 1020 2590 Noster

351 2610 403 2650 fic
419 2605 529 2652 solet,
549 2615 589 2645 et
607 2603 814 2656 Spondeus
833 2605 872 2643 in
888 2604 958 2644 hac
967 2603 1020 2646 se-

351 2667 404 2707 de
418 2660 629 2706 thochaeo
648 2658 703 2701 est
726 2661 887 2702 melior„
921 2664 963 2705 B.

1582 892 1730 936 PAR.

1126 1045 1182 1087 72
1214 1034 1265 1075 Vt
1284 1035 1466 1086 mancipia
1484 1033 1586 1082 haec,
1613 1035 1667 1073 ita
1688 1045 1732 1072 vt

1072 1090 1171 1143 iuffit
1177 1091 1323 1142 frater,
1354 1091 1528 1129 deducam
1547 1090 1598 1130 ad
1619 1088 1733 1129 Thai-

1071 1147 1171 1202 dem]
1205 1147 1544 1186 Vide'Perentium
1558 1145 1733 1197 (videtur

1070 1202 1249 1255 scriptum
1266 1200 1402 1246 fuiffe:
1436 1203 1526 1242 Vide
1550 1202 1589 1243 T.
1609 1200 1732 1253 artifi-

1071 1262 1183 1304 cium,
1212 1257 1249 1297 h.
1267 1270 1300 1298 e.
1321 1259 1485 1297 Terentii
1503 1256 1732 1308 artificium),

1069 1326 1110 1354 vt
1135 1327 1220 1353 non
1245 1313 1414 1364 quaefita
1440 1311 1519 1352 esse
1545 1312 1641 1353 haec
1667 1312 1733 1353 fal-

1069 1371 1177 1417 lacia,
1199 1367 1268 1409 sed
1285 1366 1366 1421 ipsa
1383 1367 1422 1410 se
1441 1366 1618 1409 obtulifl'e
1630 1366 1734 1408 vide-

1071 1436 1165 1466 atur.
1225 1427 1277 1465 D.

1127 1481 1286 1528 Dueam,
1297 1493 1380 1520 non
1398 1480 1583 1530 deducam,
1597 1480 1735 1533 proba·

1072 1548 1134 1579 tur
1154 1553 1175 1577 a
1194 1535 1299 1578 versu
1319 1548 1358 1578 et
1370 1536 1489 1583 codd.
1545 1540 1588 1577 B.

1125 1604 1179 1646 73
1216 1595 1249 1633 Ο
1266 1594 1520 1646 fortunatum
1538 1593 1643 1645 istum
1660 1592 1734 1633 Eu·

1075 1650 1253 1704 nuchum]
1286 1648 1418 1702 Istum,
1445 1647 1559 1701 saepe
1578 1661 1737 1690 annota-

1075 1707 1216 1755 uimus,
1232 1717 1296 1746 aut
1319 1706 1368 1745 ad
1392 1716 1642 1754 contemtum,
1671 1717 1737 1746 aut

1075 1763 1124 1803 ad
1150 1762 1282 1803 odium
1309 1760 1460 1802 referri.
1489 1772 1527 1801 vt
1546 1763 1739 1816 Virgilius

1076 1822 1198 1871 (Aen.
1222 1833 1277 1866 lx,
1303 1823 1408 1872 94),
1439 1820 1518 1858 Aut
1533 1820 1624 1871 quid
1635 1819 1736 1871 petis·

1074 1875 1177 1927 assis?
1207 1886 1247 1914 et
1265 1876 1386 1924 (Aen.
1408 1888 1482 1920 xu,
1503 1875 1636 1925 808.)‚
1661 1873 1736 1925 Ista

1074 1933 1221 1983 quidem
1241 1933 1328 1983 quia
1356 1943 1444 1968 nota
1467 1930 1557 1968 mihi
1573 1943 1640 1969 tua
1660 1944 1736 1969 ma-

1072 2001 1147 2041 gna
1177 1986 1347 2025 voluntas
1398 1986 1576 2036 Iuppiter.
1655 1985 1736 2040 Qi

1073 2043 1221 2096 quidem
1247 2045 1287 2081 in
1315 2042 1407 2080 hanc
1432 2043 1540 2081 detur
1563 2042 1733 2097 domum]

1074 2097 1182 2149 Quid
1202 2097 1364 2145 facilius,
1378 2112 1492 2149 quam
1510 2099 1645 2137 imitari
1660 2100 1737 2138 vel-

1073 2155 1137 2201 ie,
1181 2154 1287 2206 quod
1325 2154 1482 2193 laudes?
1524 2167 1598 2193 nec
1636 2151 1737 2206 quis·

1074 2224 1210 2262 quam,
1238 2210 1306 2250 nifi
1330 2212 1397 2261 qui
1423 2210 1547 2262 cupit,
1577 2211 1735 2263 eligitur

1073 2280 1145 2318 pro
1170 2265 1383 2312 Eunucho,
1413 2268 1478 2318 qui
1505 2267 1734 2307 Eunuchum

1073 2333 1180 2376 putat
1197 2320 1274 2362 effe
1293 2322 1461 2361 beatum.
1494 2323 1735 2374 Vide‚quam

1071 2380 1183 2419 molli
1212 2376 1397 2418 descensu
1425 2379 1472 2418 ad
1491 2377 1565 2417 hoc
1589 2379 1735 2418 confili-

1073 2448 1141 2475 um
1159 2436 1395 2487 peruenitur.
1454 2439 1526 2476 Res
1542 2435 1735 2474 enimhoe

1072 2490 1243 2545 suggerit
1272 2492 1419 2543 potiuS,
1450 2505 1564 2543 quam
1586 2495 1736 2531 Parme-

1073 2560 1160 2591 no:v
1176 2547 1267 2587 ideo
1289 2549 1386 2598 quia,
1407 2545 1641 2587 seruumhoc
1660 2544 1735 2586 sua·

1069 2603 1164 2643 dere
1181 2603 1402 2653 Chaereae,
1433 2605 1548 2644 nimis
1575 2615 1734 2644 temera-

1067 2661 1166 2702 rium
1193 2659 1278 2702 fuit.
1329 2662 1397 2713 D„
