1815 3168
325 131 392 180 54
734 124 886 172 ΛΒΤ.
917 127 954 174 ·Ῐ.
999 129 1192 179 SCEN.
1225 133 1274 178 ΙΙ.

459 241 508 292 D
523 258 557 292 A
573 259 623 294 V.
661 249 714 296 Id
737 252 890 313 voluit,
913 271 995 303 nos
1017 254 1073 303 fic
1094 274 1176 307 nec
1195 262 1442 324 opinanteis
1464 260 1564 311 duci
1586 264 1689 316 falso

692 328 867 386 gaudio,

365 410 426 444 ιο
461 398 707 462 Speranteis
729 404 840 455 iam,
873 415 1020 453 amoto
1039 417 1186 460 metu,
1227 410 1342 458 inter
1363 410 1587 462 oscitantes
1611 434 1689 483 op·

687 479 837 540 primi3

454 551 532 595 Ne
552 545 653 596 ess‘ct
674 549 855 615 spatium
877 554 1095 614 cogitandi
1118 555 1171 604 ad
1185 555 1479 619 disturbandas
1498 568 1688 630 nuptias,

456 621 633 672 Astute!
676 623 707 672 S
721 640 752 672 1.
793 628 995 682 carnifex,
1027 646 1138 692 quae
1155 632 1385 697 loquitur?
1425 636 1577 688 DAV.
1612 641 1688 690 he-

553 716 628 747 rus
650 699 722 756 est,
746 719 891 768 neque
910 705 1211 770 prouideram.

369 1004 398 1050 9
440 997 490 1037 1d
515 1000 656 1055 voluit]
698 1004 778 1042 Aut
805 1002 978 1046 absolute

315 1053 587 1104 accipiendum
616 1057 674 1096 id:
702 1069 768 1097 ant
793 1062 853 1106 id,
884 1076 978 1114 quo-

314 1109 434 1146 modo
445 1110 515 1161 sic,
539 1112 814 1155 demonstratio
834 1118 906 1166 est,
937 1130 978 1158 vt

313 1166 439 1218 magis
461 1166 569 1220 gestu
588 1183 704 1220 quarn
732 1169 842 1212 sensu
863 1176 979 1214 intel-

312 1219 467 1271 ligatur,
490 1234 526 1261 xt
546 1222 660 1277 supra
677 1226 856 1269 diximus.
897 1232 979 1270 Nec

313 1278 527 1372 opinante?
559 1281 657 1326 ὗφέν.
692 1283 817 1338 Duci]
858 1288 976 1325 Duce-

312 1345 355 1370 re
375 1333 429 1371 est
448 1347 495 1372 ex
514 1336 735 1385 pefiatione
751 1341 861 1393 longi
883 1352 976 1380 tem-

311 1389 417 1437 poris
451 1391 598 1429 malum
637 1394 850 1443 prolatare:
898 1398 976 1436 Vel

310 1442 457 1491 induci,
486 1456 525 1483 vt
540 1444 647 1486 serae
662 1449 703 1487 in
723 1452 830 1489 retia.
887 1453 974 1492 Pal-

301 1498 350 1550 fi>
374 1501 545 1555 gaudio]
594 1504 712 1543 Velut
741 1520 793 1546 ex
826 1508 904 1558 ira,
936 1520 976 1549 et

312 1555 418 1595 vitae
438 1554 539 1597 senis
562 1559 771 1602 iracundia.
827 1567 876 1606 D.

371 1678 423 1709 10
450 1670 591 1707 Amozo
610 1672 728 1728 metu]
757 1672 830 1712 Ista
848 1673 977 1729 fingu-

313 1723 351 1763 la
369 1720 467 1762 funt.
499 1727 550 1765 Et
565 1740 691 1765 amoto
712 1740 828 1777 metu,
857 1731 904 1770 fic
923 1730 979 1770 di-

311 1779 383 1828 xit,
404 1779 505 1832 quafi
526 1792 649 1821 metus
667 1783 711 1823 fit
731 1798 869 1838 corpus
888 1786 979 1826 bru-

314 1845 394 1874 tum
405 1866 415 1884 ‚
442 1837 549 1887 quod
567 1850 654 1877 cum
672 1841 876 1895 molimine
894 1857 979 1882 mo-

313 1901 438 1930 uetur.
508 1893 743 1990 Oscitantess]
794 1897 980 1950 Ofiz'tatio

314 1946 370 1985 est
389 1947 509 1986 animi
530 1951 649 1989 otium
660 1963 698 1990 et
732 1957 903 2002 emmas,
924 1954 977 1994 di-

315 2002 420 2042 &um
436 2002 486 2042 ab
509 2018 572 2044 ore
584 2008 722 2054 ciendo,
743 2008 783 2047 id
802 2010 865 2055 est,
878 2023 978 2051 com-

313 2059 528 2100 mouendo.
593 2062 815 2114 Oscitantes‚
844 2065 976 2117 securi,

314 2114 356 2155 id
373 2114 440 2163 est,
459 2115 558 2156 nihil
574 2120 840 2170 prouidenteS.
872 2125 923 2163 D.

370 2230 479 2281 Lege
518 2229 670 2270 interea.
735 2235 836 2274 Nam
877 2236 980 2275 inter

316 2295 515 2336 repugnat
532 2286 758 2328 melioribus
778 2290 887 2330 codd.
909 2306 980 2331 no-

316 2349 379 2378 cet
413 2351 559 2390 metro,
598 2354 638 2382 et
674 2345 800 2385 turbat
829 2345 979 2388 sensum

316 2406 543 2447 propterea,
582 2399 687 2449 quod
725 2413 879 2452 praeter
903 2407 980 2445 Da-

315 2464 411 2490 uum
438 2454 735 2506 etgpamphilum
761 2471 844 2498 non
871 2470 981 2501 erant

316 2516 399 2546 tum
416 2508 493 2556 alii,
512 2511 578 2561 qui
598 2509 812 2554 oscitarent.
869 2519 911 2557 B.

376 2629 424 2662 11
459 2620 665 2677 cogitandi
694 2625 746 2666 ad
768 2626 975 2683 disturban-

1605 824 1684 876 St.

1027 1009 1112 1064 das]
1142 1010 1319 1052 Miranda
1337 1012 1503 1055 locutio:
1532 1025 1572 1054 vt
1589 1015 1616 1056 fi
1634 1015 1688 1057 di-

1028 1078 1105 1112 eas,
1134 1068 1292 1122 Cogitat
1313 1070 1363 1108 ad
1381 1071 1580 1110 dicendum.
1634 1075 1701 1111 A·-

1018 1121 1136 1177 stute]
1167 1125 1254 1162 Hoc
1282 1135 1322 1163 et
1351 1125 1481 1179 gestu,
1513 1138 1551 1166 et
1579 1129 1687 1167 vultu

1027 1176 1174 1225 seruili,
1203 1191 1245 1218 et
1274 1193 1363 1220 cum
1394 1184 1610 1236 agitatione
1630 1197 1690 1224 ca·

1028 1235 1119 1286 pitis
1137 1234 1250 1275 dixit.
1303 1239 1352 1277 D.

1081 1347 1143 1384 Ne
1162 1345 1398 1386 Trochaicusv
1423 1348 1528 1388 inter
1551 1351 1690 1392 lambi·-

1026 1412 1092 1439 cos
1111 1403 1251 1451 veniat,
1272 1404 1435 1456 corrige,
1473 1406 1523 1444 Vt
1542 1420 1586 1446 ne
1607 1408 1689 1461 ι’][ἑτ

1012 1456 1194 1508 spatium.
1257 1459 1322 1500 Sic
1354 1460 1529 1504 Eunuch.
1561 1474 1610 1511 v,
1647 1477 1689 1519 4,

1024 1525 1091 1555 20.
1149 1517 1193 1555 Β.
1627 1532 1639 1538 ’-

1084 1635 1134 1667 12
1166 1625 1367 1680 Carnifex]
1408 1630 1490 1667 Aut
1514 1633 1689 1671 excarni-

1026 1678 1145 1719 ficans
1172 1681 1401 1732 dominum,
1437 1696 1501 1724 aut
1525 1685 1607 1739 ipse
1634 1688 1690 1727 di-

1028 1749 1128 1789 gnus
1147 1736 1347 1783 carnifice,
1379 1749 1417 1776 vt
1435 1753 1522 1779 caro
1543 1742 1618 1790 fiat,
1646 1744 1689 1783 id

1028 1790 1094 1840 est,
1119 1793 1293 1832 lanietur.
1351 1796 1524 1845 Lucilius,
1538 1799 1688 1848 carcer,

1028 1849 1098 1886 vix
1150 1861 1292 1901 carcere
1335 1849 1482 1905 dignus.
1555 1854 1689 1908 Neque

1030 1905 1295 1958 Prouiaeram]
1339 1908 1592 1949 Prouidentia
1620 1911 1688 1950 du-

1027 1959 1120 2011 plex
1146 1959 1221 2001 est:
1251 1971 1313 1999 aut
1330 1964 1436 2002 enim
1454 1966 1596 2015 anirno,
1624 1978 1691 2007 aut

1028 2016 1152 2056 oculis
1221 2018 1489 2068 prouidemus.
1563 2023 1686 2077 Hem]

1028 2071 1153 2121 Quafi-
1176 2075 1368 2126 correptio
1405 2076 1521 2117 totius
1553 2091 1690 2131 corpo-

1026 2127 1092 2168 ris.
1146 2130 1198 2173 D.

1079 2241 1116 2279 A
1145 2243 1230 2285 ute!
1249 2243 1436 2296 carnfix,
1456 2257 1549 2298 quae
1565 2245 1691 2300 Inqui->

1027 2308 1096 2335 tur
1163 2298 1271 2338 Seru.
1299 2301 1468 2340 Aeneid.
1498 2314 1557 2341 xx.
1586 2314 1686 2358 704.

1027 2352 1150 2392 Dolos
1177 2354 1355 2409 ingreffics
1379 2369 1415 2396 et
1441 2356 1532 2410 astu.
1587 2360 1628 2400 L.

1069 2463 1327 2505 -prouideram
1355 2465 1394 2507 h.
1424 2480 1459 2507 e.
1489 2481 1606 2521 porro
1630 2470 1685 2509 vi-

1028 2519 1170 2569 deram,
1194 2520 1339 2560 habent
1368 2535 1408 2562 et
1436 2527 1574 2566 Faerni
1595 2525 1683 2567 libri

1027 2589 1173 2625 omnes,
1195 2587 1235 2616 et
1251 2578 1379 2628 nostri,
1406 2594 1484 2620 vno
1506 2593 1682 2636 except03

1027 2633 1095 2686 qui
1110 2633 1210 2688 legit
1228 2635 1504 2686 praeuideram.
1557 2641 1601 2684 Β.
