1815 3168
359 163 457 213 432

739 139 897 187 ACT.
934 137 1012 183 lv.
1046 133 1242 181 SCEN.
1273 133 1347 180 IV.

493 269 544 322 D
558 284 608 318 o.
640 270 710 318 Sic
732 265 806 315 est.
844 269 874 314 P
890 280 934 312 Y.
971 264 1193 312 inueniam
1213 260 1292 327 pol
1310 259 1456 314 hodie,
1478 275 1630 326 parem
1651 259 1727 308 vbi

596 345 781 393 referam
804 344 998 404 gratiam.

432 484 434 486 V
499 423 587 474 Sed
608 439 725 469 nunc
747 417 854 483 quid
874 413 1124 465 faciendum
1141 412 1300 474 censes,
1322 411 1513 460 Dorias?
1548 408 1649 461 Do.
1673 409 1728 488 de

598 496 695 545 istac
717 510 845 556 rogas

500 573 716 637 virgine?
766 575 857 618 ΡΥ.
904 569 986 621 ita3
1025 575 1172 627 vtrum
1204 573 1439 618 taceamne,
1471 579 1527 610 an
1559 561 1729 629 praedi-

599 646 727 696 cem?
763 644 871 694 DO.
904 653 954 690 tu
975 640 1068 709 pol,
1089 639 1120 689 fi
1144 639 1269 706 sapis,
1296 679 1303 703 ι.

1661 765 1727 812 55

422 919 476 963 52
495 879 801 946 Irruerziartzhodie
816 897 897 953 pol]
915 898 1024 938 Haec
1073 870 1199 949 (Aen.
1222 905 1288 944 xx,
1316 894 1454 948 6952),
1485 892 1733 947 Sequiturque

365 964 422 1007 est
436 967 658 1009 προοικονομίοι
683 957 731 997 ad
748 956 916 996 futurum
945 954 1025 992 exi·
1063 950 1286 1005 fiquerztem.

365 1032 450 1061 tum
470 1016 637 1058 fabulae.
694 1016 793 1054 Nam
814 1011 905 1050 dum
924 1007 962 1048 se
975 1008 1025 1046 vl-

364 1074 513 1116 ciscitur
542 1070 715 1123 Pythias,
759 1066 802 1106 fit
822 1065 1025 1105 0indicium

364 1131 467 1185 patri
484 1128 703 1174 Chaereae,
735 1134 776 1164 et
797 1120 1027 1165 confirman-

363 1198 428 1228 tur
444 1185 616 1237 nuptiae.
670 1186 724 1224 D.
759 1216 762 1219 Α

376 1343 380 1346 ⁴
418 1311 471 1354 53
504 1295 577 1336 Sed
604 1307 699 1334 nunc
727 1291 837 1345 quid]
867 1290 943 1331 Hic
972 1286 1027 1328 se-

364 1369 455 1398 cum
474 1353 616 1395 ancilla
636 1348 835 1395 deliberat,
857 1360 908 1386 an
927 1344 1028 1386 indi<

363 1409 535 1452 candum
575 1406 617 1446 fit
646 1405 868 1450 Dominae,
912 1401 1027 1454 virgi-

365 1478 461 1509 nem
478 1461 555 1504 effe
567 1463 747 1501 vitiatam.
804 1457 922 1510 Quod
942 1458 1027 1496 bre-

362 1526 405 1564 ui
425 1530 657 1575 argumento
668 1516 909 1570 percurritur.
952 1513 1027 1553 Pri·

363 1592 474 1622 mum
502 1577 550 1617 fic
574 1575 739 1626 positum
761 1572 833 1620 est,
871 1573 1026 1612 Taceam

363 1650 414 1676 an
432 1648 518 1674 vero
547 1633 691 1672 dicam?
719 1628 862 1670 Suadet
891 1637 1026 1666 autem

362 1703 404 1733 vt
420 1701 554 1739 taceat,
579 1688 625 1727 ab
648 1686 741 1734 vtili,
768 1686 825 1724 Tu
834 1681 1024 1736 polflsa-

358 1751 437 1803 pis,
457 1746 556 1801 quod
568 1744 668 1798 scias
685 1742 817 1792 nescis,
849 1752 962 1792 neque
981 1739 1025 1778 de

363 1801 545 1846 Eunucho
557 1830 568 1848 ,
597 1814 710 1854 neque
735 1800 778 1839 de
795 1798 890 1837 vitio
909 1796 1035 1852 virgin

364 1862 439 1901 nis.
493 1861 536 1900 E.
865 1894 869 1897 ζ

376 1910 379 1913 ’
422 1915 558 1967 Cenfi’5‚
579 1910 778 1964 Dorias?]
810 1910 856 1950 V.
878 1908 922 1949 C.
935 1907 1028 1959 fim-

363 1973 438 2018 des,
466 1969 636 2010 Domus?
692 1972 732 2008 L.

423 2025 554 2077 Cenfies
572 2023 767 2075 reperitur
777 2021 820 2059 in
832 2018 918 2060 edd.
930 2028 1021 2059 vett.

356 2095 403 2125 et
422 2096 500 2123 vno
531 2095 577 2122 ex
608 2078 761 2118 nostris:
788 2078 827 2116 in
850 2076 1024 2125 caeteris,

353 2141 503 2194 ficades.
536 2131 900 2187 Vtrumqueprobe.
927 2136 968 2172 B.

423 2265 479 2308 54
510 2251 643 2291 Vtrum
654 2258 853 2288 taceamne.
865 2257 913 2283 an
920 2240 1025 2295 prae-

364 2309 531 2362 dicem]
562 2305 739 2347 Tertium
764 2308 942 2349 παρέλκονε
963 2299 1025 2339 ab·

363 2366 489 2406 undat
509 2364 615 2403 enim
633 2372 696 2400 aut
714 2371 853 2405 mrum,
873 2368 939 2396 aut
959 2370 1027 2397 ne:

1368 950 1426 990 Tu
1440 949 1521 1004 pol,
1549 947 1593 1001 st
1610 949 1731 1001 fizpis,

1073 1008 1177 1060 quod
1199 1007 1295 1057 scis,
1338 1005 1468 1060 mstis]
1505 1005 1733 1051 Videamus,

1075 1075 1142 1101 cur
1167 1062 1266 1102 nolit
1290 1065 1408 1102 Poeta
1434 1061 1486 1109 de
1510 1062 1602 1101 vitio
1623 1061 1735 1115 vii-gif

1075 1119 1135 1158 nis
1173 1118 1363 1157 continuo
1397 1114 1490 1156 scire
1514 1117 1735 1160 Thaidem:

1075 1184 1215 1223 vtrum,
1249 1186 1303 1213 ne
1321 1170 1530 1225 improuiso
1547 1173 1649 1213 malo
1675 1184 1740 1212 ve·

1077 1231 1300 1270 hementius
1342 1226 1648 1276 commoneatur,
1690 1240 1736 1268 ac

1078 1287 1227 1326 doleat:
1256 1299 1327 1332 anf
1341 1296 1380 1325 vt
1399 1298 1449 1325 ex
1473 1283 1643 1326 eiusdem
1662 1286 1735 1326 vir·

1077 1343 1179 1396 ginis
1200 1340 1348 1390 habitu,
1379 1342 1566 1393 vultuque
1589 1341 1655 1380 ista
1674 1354 1734 1380 co-

1076 1395 1261 1453 gnoscat?
1298 1397 1404 1449 quod
1444 1397 1498 1438 est
1527 1397 1736 1438 actuosius:

1075 1469 1144 1503 an,
1174 1453 1279 1506 quod
1307 1453 1530 1506 proximum
1548 1467 1640 1494 vero
1665 1452 1734 1502 est,

1075 1522 1114 1551 vt
1133 1511 1239 1549 illam
1258 1521 1297 1550 et
1314 1510 1435 1551 Thais
1447 1541 1457 1560 ‚
1486 1521 1525 1550 et
1540 1509 1675 1558 frater,
1705 1510 1736 1549 i-

1077 1578 1289 1621 gnorantes
1312 1568 1492 1615 vitiatam,
1526 1567 1732 1607 animosius

1075 1620 1255 1663 aduersus
1297 1624 1462 1673 militem
1499 1622 1731 1672 defendant,

1074 1680 1282 1732 repetitum
1296 1692 1383 1719 eam
1394 1680 1632 1729 venientem,
1648 1693 1737 1720 cum

1078 1746 1188 1776 tanto
1213 1734 1373 1788 strepitu
1397 1748 1441 1775 ac
1458 1737 1604 1776 minis?
1633 1740 1736 1778 Nam

1080 1805 1160 1845 quo
1215 1804 1282 1831 ore
1327 1803 1527 1844 praeterea
1583 1792 1735 1832 diceret

1076 1849 1199 1891 Thais
1217 1847 1430 1896 Chremeti,
1451 1847 1504 1895 de
1519 1845 1654 1887 sororis
1664 1862 1738 1901 pu-

1078 1905 1174 1944 dore
1201 1901 1378 1951 sollicito,
1422 1904 1562 1944 Educ‘ta
1586 1903 1632 1955 est
1664 1908 1734 1954 ita,

1077 1963 1137 2000 vti
1162 1972 1265 2013 teque
1291 1959 1424 2013 illaque
1444 1960 1594 2014 dignum
1614 1959 1680 2011 est,
1705 1960 1736 2001 fi

1073 2014 1201 2065 sciret,
1237 2030 1322 2055 eam
1350 2016 1542 2070 virginem
1567 2030 1651 2057 non
1678 2014 1736 2058 es·

1073 2070 1139 2113 se?
1195 2074 1246 2112 D.

1128 2128 1179 2175 Si,
1203 2130 1420 2180 praedicem„
1442 2129 1599 2180 retines,
1627 2129 1734 2171 labo·

1073 2195 1130 2224 rat
1151 2180 1295 2236 versus,
1329 2187 1395 2236 qui
1419 2185 1630 2236 trochaicus
1656 2187 1710 2227 est
1719 2203 1732 2236 ς

1072 2240 1128 2279 sin
1155 2254 1241 2281 cum
1268 2244 1456 2281 Vaticano
1484 2243 1602 2296 legiS‚
1625 2254 1735 2296 prae-

1072 2298 1209 2346 dicam,
1239 2310 1435 2352 repugnat
1452 2295 1652 2339 sententia.
1698 2303 1732 2341 1-

1073 2356 1174 2407 gitur
1211 2367 1313 2409 muta
1350 2354 1530 2394 ordinem
1547 2383 1557 2402 ,
1605 2369 1733 2401 vtrum

365 2433 430 2464 aut
456 2433 562 2461 certe
593 2418 667 2456 hoc
693 2414 755 2465 fit,
789 2425 826 2456 vt
841 2410 885 2453 fit
901 2412 1024 2467 figura
1066 2410 1319 2464 praedicenme
1343 2425 1391 2451 an
1421 2409 1588 2455 taceam?
1618 2414 1732 2451 Prae.

365 2482 511 2525 oefflcac„
560 2475 618 2514 Tu
642 2472 712 2526 pol.
734 2470 903 2524 stfhpi5‚
929 2468 1027 2522 quod

357 2534 439 2589 fiis
458 2532 589 2585 nescis]
622 2532 711 2569 Non
733 2526 925 2580 possumus
945 2524 1025 2564 nes-

368 2591 450 2631 cire,
468 2588 574 2641 quod
595 2584 757 2631 scimus„
797 2581 874 2625 Sed
894 2583 954 2629 ita,
978 2592 1024 2630 vt,

372 2644 584 2690 Concordia
603 2642 754 2700 differs.
782 2651 821 2684 et
840 2638 1025 2694 Virgilius

1074 2464 1201 2506 sertim
1219 2469 1359 2508 cumin
1377 2466 1629 2514 deliberando
1639 2482 1732 2508 con-

1073 2523 1199 2563 filium
1230 2525 1369 2564 melius
1409 2522 1598 2576 posterius
1640 2529 1727 2565 iere

1074 2588 1261 2633 ponatur:
1309 2591 1350 2628 vt
1373 2583 1513 2627 Heaut.
1551 2593 1644 2632 111,
1681 2592 1722 2632 2,

1075 2645 1140 2695 38·
1160 2675 1171 2685 0
1196 2641 1239 2685 Β.
