1815 3168
603 100 1014 147 EVNVCHVS.

1400 115 1493 161 357

257 228 394 285 Quod
415 231 471 274 in·
485 238 528 274 te
544 225 621 281 est,
655 222 766 273 ΤΗ.
800 225 949 272 habes.
988 218 1101 270 GN.
1132 238 1210 271 rex
1241 235 1285 272 te
1316 230 1488 288 ergoin

353 304 504 351 oculis.
542 299 658 350 ΤΗ.
696 300 864 348 scilicet.
1174 310 1176 313 ’

250 376 368 428 GN.
408 377 592 426 Gestire.
631 372 750 425 ΤΗ.
788 393 916 436 ver03
960 374 1137 425 credere
1165 390 1345 424 omnem
1369 392 1485 424 exer-

348 455 500 510 citum,

113 677 220 731 quod
239 676 403 716 minime
421 673 549 725 habet,
569 675 635 715 vel'
644 674 771 724 verba,

112 736 176 775 vel
200 734 331 785 Jc'zlem.
388 731 465 787 Qi
483 730 603 783 {habet
633 732 770 785 fidem]

112 790 180 830 Sal
201 789 443 837 neutraliter,
475 788 773 827 condimentum

110 846 186 886 est:
216 843 434 892 masculini,
464 842 651 895 sapienda
681 846 771 895 (Fe-

108 903 208 950 stus,
236 902 306 952 qui
325 899 453 939 laudat
478 899 582 938 hunc
597 902 692 939 Ter.
713 900 771 938 lo-

108 966 211 1006 cum,
239 955 432 1007 masculini
444 958 589 1010 generis
609 955 675 1006 est,
706 955 769 994 in·

108 1015 204 1067 quit,
223 1027 300 1052 non
316 1013 453 1057 neutri,
475 1025 537 1050 nec
554 1010 600 1050 ab
623 1011 692 1050 hoc
710 1025 770 1050 ac-

108 1070 275 1121 cusatiuo
297 1069 546 1108 nominatiuus
565 1066 625 1119 effi‘
637 1066 765 1121 potest,

107 1126 178 1166 hoc
216 1124 310 1176 sale.
374 1121 588 1165 Masculino
636 1133 769 1162 tamen

108 1195 203 1236 gen.
230 1181 349 1220 etiam
366 1192 440 1232 pro
472 1180 700 1219 condimento
729 1192 768 1218 v-

106 1237 292 1289 surpatur.
346 1234 501 1286 Scripsit
537 1246 665 1274 autem
689 1237 766 1280 Do-

93 1304 220 1333 ‘natus
240 1290 454 1341 masculine,
483 1304 569 1329 non
595 1289 766 1342 mast-uli-

107 1352 183 1402 πί).
237 1350 287 1387 D.

163 1403 241 1458 Qi
270 1400 379 1442 habet
408 1400 546 1453 fidem]
587 1397 766 1441 Priscian.

106 1459 174 1501 lib.
195 1473 234 1501 v.
288 1461 328 1498 L.

161 1515 222 1555 Ob
255 1511 424 1562 versum,
454 1523 494 1552 et
522 1511 572 1551 ob
599 1509 766 1564 sequens

105 1571 208 1624 quod
225 1572 317 1624 lege
321 1569 389 1620 fizl
395 1583 410 1611 ‚·
438 1565 658 1620 praesertim
680 1582 766 1607 cum

105 1625 312 1667 Priscianus
331 1640 369 1677 p.
389 1627 482 1679 664.
511 1623 677 1672 testetur,
709 1624 766 1662 in-

105 1683 234 1723 ueniri
252 1680 431 1734 quosdam
457 1679 766 1719 vetustiffimosli-

104 1739 205 1787 bros,
234 1739 301 1789 qui
321 1738 437 1777 etiam
455 1746 595 1775 neutro
614 1747 765 1789 genere

103 1793 172 1838 Sal
185 1793 431 1846 protulerint.
483 1794 526 1831 B.

159 1863 205 1892 11
236 1849 353 1904 Quod
371 1850 412 1886 in
437 1859 472 1885 te
496 1846 558 1899 est]
589 1845 708 1896 Quod
721 1854 762 1884 tu

103 1905 234 1946 habes.
263 1903 410 1950 Habes]
424 1902 629 1955 Intelligis.
643 1901 761 1952 Quod

104 1963 214 2001 enim
234 1972 413 2001 tenemus
432 1970 615 2010 corpore,
643 1956 761 1999 habe-

102 2031 189 2057 mus
208 2018 359 2056 animo:
377 2056 379 2058 ,
396 2014 582 2066 quodque
604 2014 699 2053 item
726 2027 762 2052 a·

104 2074 214 2113 nimo
244 2071 460 2118 rhabem-us,
497 2070 762 2122 intelligimus.

105 2127 244 2179 Habes]
274 2133 347 2169 Pro
367 2126 567 2179 intelligis.
623 2126 685 2165 Sic
704 2124 762 2163 di-

104 2185 203 2223 citur
224 2187 363 2237 accipe,
396 2193 437 2221 et
464 2182 534 2227 da,
567 2179 691 2220 Habes
709 2190 765 2218 et-

104 2241 193 2288 iaim
224 2240 264 2279 id
285 2239 347 2288 est,
376 2238 483 2277 dicis.
513 2246 551 2276 vt
570 2235 766 2280 Sallustius

105 2297 171 2348 (in
192 2297 383 2349 Frggm.):
412 2292 611 2343 Tarteffitm
631 2291 765 2343 Hfiva-

104 2353 189 2391 niae
210 2353 417 2398 ciuitatem,
454 2362 565 2402 quam
582 2362 675 2388 nunc
695 2348 766 2396 Ty·-

104 2409 159 2446 rii
183 2420 322 2446 mutato
342 2407 487 2446 nomine
510 2404 691 2445 Gadirum
704 2403 766 2442 ha-

107 2461 208 2502 bent.
265 2462 346 2501 Rex·
377 2474 415 2501 te
445 2475 530 2515 ergo
557 2463 598 2500 in
639 2459 768 2499 oculis.

94 2518 254 2571 stilicet.
277 2515 414 2572 gestirt.
427 2516 571 2564 verum]
601 2516 768 2556 Videin-

106 2574 307 2615 conditam
342 2572 650 2625 properationem
691 2573 769 2611 lau-

1367 522 1485 575 Gon·⁴

823 672 903 712 dari
920 671 959 712 se
978 672 1171 725 cupientis
1182 672 1193 721 ᾗ
1222 669 1321 712 adeo
1340 680 1380 710 vt
1397 683 1483 709 non

822 728 917 768 {inat
937 728 1055 768 verba
1076 729 1241 781 impleri,
1264 728 1359 779 quin
1371 740 1483 779 prae-

821 783 981 823 festinet
1009 785 1160 836 scilicet
1187 794 1229 823 et
1256 796 1385 823 verum
1425 782 1483 821 di-

822 853 921 880 cere.
975 843 1024 881 D.

875 897 990 954 Qod
1005 899 1044 936 in
1062 909 1098 937 te
1117 895 1183 949 est}
1210 900 1312 938 Acro
1340 895 1384 933 in
1399 895 1483 934 Ho··

818 963 886 992 rat.
907 953 1033 1005 Epod.
1053 954 1129 993 Od.
1145 966 1202 996 11.
1254 955 1295 993 L.

882 1020 932 1051 12
963 1010 1119 1049 Credere
1160 1019 1300 1047 omnem
1338 1008 1477 1046 exerci-

816 1070 911 1118 tum]
941 1065 1067 1118 Magis
1080 1064 1235 1111 ridebis,
1260 1063 1287 1102 fi
1306 1062 1479 1102 confidee-

815 1134 875 1161 res
896 1122 1058 1161 mititem
1078 1131 1227 1161 motum
1246 1118 1337 1162 esse,
1363 1120 1431 1170 qui
1457 1121 1477 1140 '⁶

816 1178 919 1229 (Alii
938 1191 1008 1229 pro
1025 1190 1167 1216 motum
1185 1176 1323 1228 legunt
1334 1187 1477 1214 notum.

813 1237 863 1274 Et
880 1235 974 1284 quia
988 1230 1139 1272 sensum
1159 1230 1377 1270 absolutum.
1393 1244 1478 1270 non

815 1288 999 1328 videbant
1014 1289 1060 1327 in
1079 1288 1138 1327 his
1157 1287 1293 1335 verbis,
1312 1288 1478 1325 lacunae

817 1353 955 1384 notam
978 1343 1219 1391 adiecerunt,
1246 1355 1345 1393 quae
1366 1342 1476 1381 nulla.

816 1409 976 1451 apparet
1012 1400 1053 1438 in
1091 1397 1185 1437 l-ibb.
1222 1408 1313 1436 vett.
1374 1396 1476 1437 Mihi

816 1458 994 1498 Donatus
1025 1453 1124 1493 nihil
1154 1450 1340 1494 addidifl‘e
1369 1452 1477 1496 vide·

818 1522 892 1557 tur,
913 1508 979 1549 sed
999 1523 1081 1550 rem
1097 1509 1199 1549 dffiu
1223 1520 1376 1561 turpem
1388 1507 1476 1560 sup-

815 1564 993 1618 preffiffe,
1020 1579 1136 1617 quam
1155 1576 1195 1604 et
1213 1565 1366 1605 Gnatho
1378 1578 1472 1604 mox

815 1622 941 1674 tangit
959 1619 1065 1660 versu
1091 1633 1152 1675 15.
1201 1622 1302 1661 Cum
1321 1622 1470 1659 veroin

816 1675 1038 1730 quibusdam
1058 1677 1240 1728 impressis
1259 1675 1302 1715 fit
1317 1690 1470 1725 motum,

815 1734 854 1773 et
882 1747 972 1773 mox
999 1731 1194 1784 sequatur,
1215 1730 1291 1783 sub
1320 1732 1473 1771 obtentu

811 1790 952 1836 militis,
974 1788 1210 1841 Wielingius
1240 1789 1394 1827 coniicit
1414 1789 1472 1826 le·

811 1845 1003 1899 gendum,
1026 1846 1185 1885 militum
1202 1857 1349 1884 morem.
1407 1847 1471 1884 De

810 1916 888 1954 quo
909 1899 1020 1953 supra
1040 1900 1088 1940 ad
1105 1914 1154 1948 11,
1176 1911 1214 1951 3,
1234 1903 1323 1952 90.)
1381 1901 1471 1940 Cre-

811 1960 905 1998 dere·
932 1970 1072 1996 omnem
1099 1958 1324 2003 exercitum,
1358 1953 1473 2006 corfi'-

809 2012 878 2060 lia]
908 2013 986 2054 Sub
1009 2012 1171 2051 obtentu
1183 2012 1321 2059 militis,
1333 2024 1377 2049 ea
1387 2010 1472 2050 stul-

812 2070 915 2118 titia,
945 2066 1138 2120 descripsit
1157 2067 1330 2107 breuiter
1356 2068 1473 2106 comi·-

813 2136 894 2164 tem
914 2126 1076 2177 regium,
1107 2135 1386 2174 acceptumque
1404 2124 1475 2163 im·

812 2182 979 2233 peratori
1002 2182 1051 2231 (F
1054 2190 1139 2217 orte
1159 2178 1224 2217 fic:
1252 2178 1327 2217 Sub
1349 2177 1475 2218 obten-

813 2250 855 2276 tu
881 2237 1014 2276 militis
1034 2237 1120 2283 eius,
1144 2235 1298 2274 aliorum
1316 2234 1474 2288 stultiti-

814 2306 876 2332 am
901 2288 1086 2343 descripfi't
1107 2289 1271 2330 breuiter
1298 2303 1365 2343 per
1384 2305 1474 2331 com.

814 2361 887 2402 reg.
930 2359 1185 2400 acceptumque
1216 2351 1476 2400 imperatorem

813 2407 888 2455 Z).
951 2407 1048 2445 Nam
1072 2404 1137 2454 qui
1170 2416 1277 2442 nune
1303 2405 1474 2456 (quicun-

816 2473 885 2513 que
913 2460 975 2511 Z.)
1001 2458 1363 2509 creditexercitum,
1395 2472 1475 2498 ere·
1520 2453 1523 2458 ’

818 2516 874 2554 dit
899 2526 942 2562 et
970 2514 1148 2554 consilia:
1186 2516 1324 2568 Vin-gil.
1351 2516 1474 2563 (Aen.

817 2585 883 2622 xx,
918 2573 1053 2625 278.):
1086 2569 1204 2612 Nulla
1229 2575 1317 2612 meis
1330 2566 1412 2622 stne
1437 2583 1474 2609 te

926 2631 957 2669 Z
983 2640 1006 2681 3
1210 2644 1214 2648 ·
1353 2639 1490 2680 quaes
