1815 3168
585 194 877 242 ANDRIA.

1345 198 1402 241 61

181 334 411 384 Quantum
441 322 632 371 intellexi
662 320 795 368 modo
828 321 937 367 senis
970 317 1223 367 sententiam
1255 321 1308 366 de
1330 338 1409 369 nu-

282 404 384 467 ptiis
398 418 407 445 ι

187 484 312 534 Quae
342 474 372 522 fi
407 492 499 522 non
529 471 618 519 astu
638 469 946 537 prouidentur,
968 485 1039 515 me
1061 480 1134 515 aut
1153 469 1411 535 herumpes-

283 552 559 600 sumdabunt.

182 634 297 679 Nec,
320 626 426 690 quid
446 640 585 686 agam,
618 631 784 669 certum
816 618 887 666 'stt
918 614 1263 684 [Pamphilumne
1295 621 1412 668 adiu·

285 715 389 754 tem,
412 718 465 746 an
488 698 721 744 auscultem
744 695 846 742 seni.

113 798 139 843 ς
180 783 225 828 Si
246 774 624 837 illum‘relinquo,
657 775 757 819 eius,
778 772 890 819 vitae
921 772 1079 817 timeo:
1118 768 1179 817 fin
1205 772 1414 837 opitulor,

264 907 267 912 ¹
284 854 415 900 huius
445 851 604 906 minas3

54 1066 214 1122 politum
237 1064 302 1114 est,
333 1074 372 1104 vt
390 1077 435 1104 ea
455 1075 555 1116 quae
572 1062 714 1102 inuen-

54 1137 92 1164 ta
102 1122 198 1172 sunt,
217 1136 297 1161 non
309 1130 617 1173 praetereantur3
648 1118 714 1157 So—

1332 926 1415 971 Cui

816 1060 956 1101 Herum
973 1057 1273 1114 pqfficmdatbunt]
1311 1058 1416 1101 Glos-

763 1113 827 1156 sar.
860 1120 1094 1164 κατκβυθῑξω,
1114 1116 1309 1172 Demergo,
1337 1117 1418 1168 Pes:

55 1181 188 1221 cordia
217 1191 329 1226 vero,
361 1188 399 1215 vt
429 1189 474 1214 ea
498 1189 599 1226 quae
625 1172 711 1213 sunt
754 1173 900 1225 sumdo.
942 1170 1132 1211 Terentius
1151 1173 1319 1212 Andria:
1346 1173 1418 1212 Μὰ

56 1232 274 1282 necessaria,
302 1232 418 1271 corde
448 1232 709 1270 inueniantur.
759 1242 829 1269 aut
857 1228 982 1267 herum
995 1227 1276 1280 pqffimzdabunt.
1322 1232 1362 1269 L.

57 1304 158 1343 quae
179 1288 257 1341 ipsa
266 1287 479 1328 exhortatio
492 1302 513 1327 a
530 1286 712 1339 periculis

58 1348 250 1386 incitatur.
279 1346 352 1382 illis
373 1342 532 1390 scilicet,
559 1346 667 1398 Qae
679 1341 721 1394 [ι

59 1416 136 1442 non
154 1401 230 1452 astu
238 1399 488 1451 prouidentur,
507 1411 563 1436 me
577 1411 645 1436 aut
661 1397 715 1435 he·

61 1471 143 1497 rum
154 1453 454 1509 peffumdabunt]
495 1454 632 1492 Herum
653 1464 718 1490 au·

61 1524 143 1553 tem
168 1512 266 1550 dixit
288 1508 541 1561 Pamphilum.
601 1512 645 1548 E.

117 1581 143 1610 2
161 1568 351 1622 Qantum
362 1566 488 1618 modo]
517 1564 718 1619 Qantum,

65 1639 137 1679 pro
160 1626 202 1663 in
225 1632 421 1674 quantum.
474 1622 524 1659 D.

117 1693 141 1733 3
172 1681 277 1734 Qae
292 1677 427 1729 finon
448 1675 542 1729 astu]
571 1672 720 1716 Exhor-

66 1737 157 1775 tatio
192 1750 214 1773 a
247 1733 433 1785 periculo.
513 1730 719 1770 Prouiden-

52 1791 146 1845 ἠν]
176 1788 349 1829 Prouifio'
359 1800 485 1827 rerum
497 1786 591 1824 duas
607 1785 719 1838 {igni-

63 1847 266 1887 ficationes
293 1844 422 1883 habet.
479 1842 719 1883 Prouidemus

55 1903 175 1942 'enim
199 1900 313 1940 nobis
332 1910 409 1939 tam
423 1897 583 1947 bonum,
604 1910 719 1948 quam

817 1299 844 1338 4
875 1286 1146 1337 Pamphilumne
1165 1285 1341 1333 adiutem,
1372 1299 1421 1325 cm

763 1341 960 1391 ausbultem
985 1340 1090 1395 fini]
1134 1343 1297 1392 Semper
1323 1341 1422 1382 deli-

764 1395 940 1434 beratiua
974 1396 1090 1435 verba
1122 1395 1269 1436 habent
1301 1410 1422 1448 quen-

767 1451 856 1489 dam
883 1450 1038 1498 sonum,
1067 1464 1138 1502 per
1159 1465 1273 1502 quem
1296 1455 1421 1493 exitus

769 1507 825 1545 rei
844 1506 1141 1547 demonstratur:
1172 1518 1209 1546 vt
1225 1507 1286 1545 hic
1297 1508 1423 1547 osten-

769 1562 835 1610 dit,
865 1560 902 1601 se
922 1561 1162 1614 Pamphilum
1181 1564 1302 1615 magis
1321 1565 1424 1604 adiu-

767 1628 916 1664 turum,
945 1631 1062 1669 quam
1081 1618 1206 1658 verbis
1233 1618 1335 1659 senis
1358 1621 1425 1660 ob'-

768 1683 1080 1724 temperaturum.
1138 1675 1186 1713 D.

827 1727 908 1766 Nec
934 1727 1027 1780 quid
1052 1741 1163 1781 agam
1190 1743 1328 1769 certum
1353 1731 1420 1786 est]

768 1784 868 1822 Hinc
897 1785 1034 1836 incipit
1057 1784 1327 1836 deliberatiua,
1362 1801 1424 1826 cu-

769 1842 826 1878 ius
848 1851 972 1891 partes
997 1837 1081 1879 sunt
1107 1840 1227 1880 duae:
1253 1842 1423 1895 Pamphi-

767 1896 887 1934 lumne
920 1897 1105 1944 adiutem,
1142 1911 1190 1936 an
1227 1898 1425 1948 auscultem

50 1958 221 2008 3malum.
279 1956 448 2003 Malum,
476 1952 612 1997 sicutfi
635 1954 719 2004 quis
757 1950 853 2005 fini.
883 1952 1215 2004 Deindepartium
1227 1954 1421 1994 traelatus:

53 2015 219 2055 feminus
245 2013 411 2051 veniens
445 2011 564 2050 telum
592 2009 721 2061 proui-

65 2070 166 2110 derit
178 2078 293 2120 atque
305 2067 354 2107 fic
365 2068 519 2106 canerit.
544 2068 648 2119 Ergo
659 2064 722 2103 hic

55 2126 317 2182 prouidentur,
332 2134 525 2171 canentur,
544 2122 721 2160 vitantur.

68 2186 114 2225 Et
147 2181 301 2233 nuptias
328 2179 433 2218 velut
458 2177 599 2217 vndam
617 2177 724 2216 naui·

71 2239 137 2291 gio
173 2237 448 2275 imminentem
475 2234 582 2273 feeit.
620 2231 724 2284 quod

70 2294 97 2333 fi
127 2294 209 2345 quis
235 2290 377 2331 vndam
405 2303 453 2328 ex
482 2287 640 2330 aduerso
663 2301 722 2327 ve·

59 2344 248 2390 lnientem
275 2361 387 2400 prora
412 2359 493 2384 non
514 2344 723 2397 exceperit,

71 2401 264 2443 demersus
283 2403 394 2442 vndis
415 2402 456 2440 in
478 2399 625 2453 pessum
647 2399 726 2439 abit

71 2464 197 2514 (Lego
209 2457 339 2512 peffian
360 2457 453 2504 abit,
470 2457 552 2496 fine
571 2458 642 2508 in).
669 2455 724 2495 est

74 2528 171 2568 ergo
215 2513 451 2567 metaphora.
536 2513 605 2552 Me
659 2525 724 2552 aut

74 2571 219 2626 herum]
255 2572 394 2612 Herum
412 2568 486 2617 hie,
504 2567 669 2610 herilem
687 2567 727 2607 fi-

74 2627 180 2668 lium.
231 2629 281 2669 D.
703 2630 706 2633 '

770 2009 811 2048 Si
838 2006 938 2047 illum
971 2009 1138 2062 relinquo
1158 2040 1168 2058 ,
1211 2012 1287 2048 eius
1322 2014 1424 2050 vitae

772 2064 912 2117 timeo]
945 2067 1035 2104 Eius
1065 2067 1184 2112 vitae,
1216 2065 1292 2104 hoc
1331 2066 1425 2105 dicit

772 2132 826 2158 ne
853 2119 1102 2171 periclitetur.
1160 2121 1238 2160 Scit
1259 2125 1363 2161 enim
1389 2137 1424 2162 a·

771 2188 921 2215 morem
938 2175 1125 2228 Pamphili
1146 2189 1194 2214 ex
1211 2177 1284 2215 alia
1304 2189 1423 2230 parte.

772 2231 838 2271 Sin
857 2231 1031 2284 opitulor,
1062 2231 1167 2271 huius
1187 2235 1321 2289 mittas]
1359 2236 1427 2274 Se-

773 2289 832 2326 nis
853 2286 1051 2328 videlicet:
1082 2299 1122 2326 et
1138 2287 1278 2328 adiecit
1296 2288 1428 2330 neces·

771 2343 928 2382 sitatem.
985 2346 1027 2383 E.
1339 2352 1342 2355 “

829 2410 852 2450 ς
883 2398 927 2437 Si
936 2397 1038 2438 illum
1048 2399 1233 2454 relinquo]
1261 2403 1427 2443 Pal-tium

774 2456 961 2500 tra6‘tatus,
973 2468 1072 2506 quae
1084 2452 1192 2507 supra
1203 2454 1300 2506 sunt,
1320 2461 1430 2497 Pam·

772 2509 975 2562 philumne
999 2511 1189 2560 adiutem,
1217 2526 1266 2550 au
1290 2512 1431 2553 auscul-

778 2577 857 2604 tem
892 2564 985 2606 seni.
1048 2567 1155 2607 Vitae
1188 2570 1261 2606 eius
1296 2569 1428 2625 zime'o]

775 2624 831 2665 Vt
848 2621 959 2678 alibi,
986 2622 1087 2676 Syre,
1112 2621 1305 2664 tibi-timui
1321 2626 1427 2666 male.

1365 2683 1432 2723 Sin
