1815 3168
472 153 560 226 DE
585 171 968 225 'THEATRQ
1263 196 1412 227 mv„

61 299 128 340 do's
159 295 466 350 prospiciendos,
500 296 622 349 magis
649 297 836 336 idoneum
865 306 948 336 erat
974 295 1211 338 Theatrum:
1243 300 1292 339 ob
1320 315 1417 353 quos

61 356 269 409 praecipue
281 355 486 392 inuentum
496 350 608 391 fuiss'e
620 352 806 392 credibile
816 353 881 395 est.
912 354 1031 394 Vnde
1042 353 1155 393 facile
1165 357 1412 407 coniecerim,

60 412 298 457 Terentium,
319 422 394 460 quo
415 421 594 460 tempore
614 410 782 459 primum
795 407 1101 461 proposuitsuam
1110 412 1307 460 Hecyram,
1323 414 1417 466 egis»

60 466 99 508 se
116 468 157 505 in
176 465 483 518 Amphitheatro:
512 466 637 504 Scena
656 477 726 516 per
745 465 919 503 medium
938 465 1052 517 ipfius
1071 465 1274 516 exstructa,
1309 480 1348 507 et
1366 471 1416 510 nd

60 520 176 562 vnum
197 530 342 560 tantum
364 521 622 572 hemicyclum
641 519 854 572 speciant&
882 534 971 560 nam
998 519 1045 559 ab
1073 532 1235 573 vti-oque
1253 525 1418 576 Amphi-

61 579 195 618 theatri
215 576 451 615 semicirculo
472 575 629 628 spe5lari
658 589 739 614 non
770 586 949 627 poterant
972 578 1234 618 comoediae:
1266 593 1340 631 quo
1360 580 1416 620 sa-

61 636 171 680 Qum,
193 643 232 672 vt
250 632 342 671 dum
365 633 406 671 in
428 632 530 671 aliud
548 633 642 671 latus
669 643 849 678 vacuum,
878 633 952 671 alia
978 631 1186 684 spectacula
1216 635 1416 677 confestim

36 708 39 712 ¹
61 700 380 743 proponerentur,
394 689 515 728 veluti
537 688 700 740 pugiles,
712 686 939 735 funambuli,
956 699 995 727 et
1013 687 1230 728 huiusmodi
1243 703 1415 733 caetera:

60 746 224 797 populus
257 755 348 784 ante
365 742 570 783 absolutam
591 743 844 785 comoediam
863 745 952 783 illuc
978 746 1228 795 concurrerit,
1255 748 1302 786 ad
1331 749 1416 788 loca

60 800 321 841 commodiora
348 799 590 851 occupanda,
617 799 945 851 quemadmodum
971 797 1052 852 ipse
1075 803 1193 840 Poeta
1211 806 1416 854 conqueri-

60 869 131 906 tur,
152 869 284 908 neque
302 866 461 908 propter
479 855 688 906 strepitum,
709 866 748 893 et
765 856 970 895 mulierum
983 857 1034 895 de
1050 857 1137 896 loco
1150 860 1415 911 pugnantium

60 915 278 961 clamorem,
298 911 443 951 absolui
463 912 643 961 potuerit.
698 912 816 961 Quod
836 926 887 951 ne
906 912 1096 952 accideret
1117 913 1156 952 in
1169 914 1332 966 publicis
1344 920 1416 956 Lu·

59 970 127 1015 dis,
151 970 323 1008 existimo
343 968 576 1019 potiffimum
596 966 759 1007 moniss'e
777 967 914 1008 Caium
924 969 1150 1016 Curionem,
1173 972 1239 1021 qui
1252 971 1353 1010 bello
1365 973 1415 1010 ci-

55 1027 126 1065 uili
145 1026 187 1064 in
208 1023 444 1065 Caesarianis
464 1023 634 1075 partibus
653 1022 762 1072 obiit,
789 1035 828 1062 vt
851 1024 1014 1064 Theatra
1032 1025 1103 1064 cluo
1125 1026 1257 1080 lignea,
1287 1038 1414 1078 eaque

57 1080 279 1132 ampliffima
297 1081 542 1132 excogitaret,
562 1080 605 1119 in
626 1078 762 1130 quibus
782 1081 898 1119 etiam
910 1080 1009 1120 duae
1026 1078 1150 1120 efl'ent
1167 1076 1314 1131 scenae,
1328 1097 1419 1136 pro-

57 1148 144 1191 prer
171 1134 423 1189 spefiiatorum
453 1135 778 1174 commoditatem.
834 1139 953 1175 Erant
976 1148 1106 1176 autem
1125 1138 1252 1190 (quod
1272 1141 1414 1179 mirum

56 1193 147 1242 fuit>
167 1193 366 1232 cardinum
383 1191 619 1245 {iugulorum
637 1187 796 1231 versatili
816 1189 991 1243 suspensa
1008 1192 1259 1241 libramento,
1286 1196 1417 1247 inquit

57 1251 224 1294 Plinius,
254 1261 278 1288 e
307 1247 445 1300 quibus
466 1245 654 1300 vti-iusque
673 1248 981 1287 antemeridiano
1001 1249 1179 1289 ludorum
1197 1248 1414 1302 spefflaeulo

59 1305 165 1347 edito
195 1306 296 1344 inter
324 1302 360 1343 se
393 1303 529 1344 auerfis
549 1305 623 1355 (ne
640 1304 812 1342 inuicem
833 1304 1098 1357 obstreperent
1115 1304 1276 1358 scenae)
1298 1318 1338 1347 et
1354 1321 1416 1347 re.

61 1372 181 1413 pente
199 1359 442 1407 circumactis,
461 1368 498 1398 vt
517 1370 649 1398 contra
667 1359 825 1406 starent3
855 1359 1048 1411 postremo
1077 1362 1153 1401 iam
1172 1362 1237 1402 die
1256 1362 1416 1402 ‹lescen›

63 1416 248 1455 dentibus
268 1415 415 1462 tabuliS,
436 1424 474 1453 et
492 1415 671 1453 omnibus
689 1416 793 1453 inter
812 1414 850 1454 se
867 1416 1112 1464 coeuntibus,
1139 1416 1305 1457 faciebat
1322 1425 1415 1459 Arn-

62 1472 336 1525 phitheatrum‚
355 1481 394 1508 et
410 1469 662 1522 gladiatorum
681 1468 887 1520 spectacula
907 1470 1061 1517 edebat,
1081 1470 1204 1523 ipsum
1217 1475 1339 1527 magis
1349 1489 1417 1514 au-

64 1529 248 1567 ctoratum
258 1527 446 1579 populum
458 1528 673 1565 Romanum
696 1525 977 1566 circumferens.
1008 1530 1142 1578 Itaque
1152 1529 1268 1578 rides,
1281 1543 1415 1581 quem·

62 1583 270 1625 admodum
283 1582 434 1622 Scenici
452 1581 545 1621 Ludi
559 1581 652 1620 dum
671 1592 888 1634 agerentur,
915 1582 1052 1622 auerfis
1071 1582 1228 1623 theatris
1247 1586 1416 1638 ageban-

62 1651 132 1688 tur,
152 1652 204 1678 ne
223 1638 334 1676 turba
351 1636 476 1684 fieret:
503 1637 595 1674 dum
614 1648 742 1675 autem
761 1637 1100 1688 proponebantur,
1131 1650 1198 1678 aut
1222 1642 1416 1692 produce-

60 1694 202 1735 bantur
223 1693 458 1746 gladiatores,
482 1693 522 1729 in
542 1691 822 1742 Amphitheatri
836 1693 1304 1745 reducebantur-fomiam‚
1323 1700 1414 1738 etin

61 1765 177 1791 vuum
195 1751 273 1789 duo
293 1747 437 1787 theatra
457 1746 622 1785 coibant.
671 1747 746 1787 Sed
766 1758 802 1787 et
821 1749 1025 1788 nouissimo
1045 1750 1111 1791 die
1127 1752 1198 1803 (ait
1214 1752 1337 1804 idem)
1357 1755 1416 1793 di.

61 1806 146 1846 uifis
164 1805 310 1845 duabus
338 1817 410 1855 per
427 1802 599 1841 medium
618 1800 750 1850 scenis,
778 1802 956 1845 Athletas
975 1805 1099 1844 edidit
1117 1808 1256 1853 Curio,
1285 1807 1416 1861 raptis.

59 1875 138 1915 que
159 1870 323 1913 repente
340 1874 362 1900 e
380 1858 572 1898 contrario
591 1859 761 1910 pulpitis,
782 1860 922 1899 eodem
940 1860 1017 1908 die,
1039 1862 1200 1902 vissores
1224 1876 1247 1902 e
1266 1865 1414 1916 gladia·

59 1918 204 1957 toribus
227 1917 302 1956 suis
322 1914 512 1968 produxit.
542 1914 663 1954 Vides
684 1915 1011 1966 quemadmodum
1026 1918 1213 1970 Pulpimm
1224 1921 1338 1959 etiam
1350 1936 1416 1961 aus·

58 1974 264 2021 serebatur,
287 1972 378 2010 dum
397 1970 626 2024 gladiatores
645 1970 846 2022 prodirent
857 1986 869 2019 3
898 1985 990 2013 narn
1015 1970 1130 2025 ipsam
1159 1986 1286 2015 aream
1305 1989 1416 2016 occu0

59 2031 194 2084 pabat:
224 2029 297 2068 hoc
316 2038 444 2067 autem
453 2026 596 2066 faeum
613 2025 698 2074 fuit,
718 2025 819 2067 feffis
829 2025 1063 2080 turbatisque
1074 2025 1299 2071 volubilium
1312 2032 1416 2073 thea=

61 2098 204 2125 trorum
225 2082 455 2124 cardinibus.
504 2085 603 2123 Nam
621 2094 713 2122 ante
730 2096 812 2122 non
825 2095 904 2123 erat
921 2098 1017 2136 opus
1030 2086 1199 2125 eximere
1210 2089 1414 2140 pulpitum,

61 2155 144 2182 cum
157 2153 288 2181 contra
297 2136 595 2188 starentseenae‚
616 2150 657 2177 et
678 2140 804 2178 locum
823 2139 1058 2191 praeberent
1067 2142 1300 2182 circumactis
1310 2144 1418 2185 thea-

59 2200 124 2238 tris
142 2199 183 2238 in
201 2196 470 2249 amphitheatri
486 2194 662 2242 formam,
685 2194 769 2246 post
786 2195 896 2235 ludos
915 2194 1089 2236 scenicos
1105 2196 1305 2240 absolutos.

353 2251 508 2291 Theatri
526 2250 772 2301 conformatio
783 2267 798 2295 ,-
826 2253 969 2305 eitgs'qtte
983 2264 1121 2305 partes.

114 2309 188 2352 Sed
213 2322 292 2362 quo
317 2307 475 2347 tandem
496 2306 678 2356 artificio,
709 2320 811 2359 quae
837 2308 1019 2347 industria
1039 2308 1282 2350 aedificatum
1300 2308 1419 2355 fuerit

63 2366 163 2420 apud
181 2366 358 2416 antiquos
377 2363 591 2403 Theatrum
603 2361 882 2414 prospiciendis
899 2362 1057 2404 scenicis
1082 2365 1184 2404 ludis
1209 2368 1412 2422 idoneum,

65 2422 194 2474 paucis
209 2422 272 2465 hic
292 2420 399 2460 vobis
417 2431 641 2471 proponere
658 2419 764 2468 libet,
786 2432 839 2458 ne
856 2419 950 2472 quid
969 2434 1101 2460 earum
1113 2434 1240 2462 rerum
1252 2437 1420 2476 praeter.

65 2474 198 2517 misisse
215 2478 421 2524 videamur,
442 2489 542 2527 quae
553 2473 715 2514 adhunc
734 2473 950 2515 sermonem
969 2478 1170 2528 pertinere
1187 2478 1418 2524 iudicentur.

67 2534 182 2583 Quod
200 2545 328 2572 tamen
347 2546 427 2572 non
448 2533 501 2570 ita
519 2532 785 2582 accipiendum
806 2534 889 2581 erit,
909 2533 1010 2584 quali
1031 2532 1078 2572 ad
1091 2547 1258 2586 vnguem
1270 2538 1419 2590 expres-

67 2587 158 2638 sum,
181 2587 242 2628 sed
265 2590 400 2641 partim
417 2588 638 2626 coniectura
658 2598 697 2627 et
713 2589 866 2627 ratione
885 2599 1031 2635 natum,
1060 2592 1198 2640 partim
1219 2605 1267 2631 ex
1285 2595 1330 2634 iis
1353 2595 1418 2634 de-

67 2642 251 2698 scriptum,
271 2659 368 2697 quae
387 2655 470 2685 tum
489 2645 529 2684 in
551 2644 717 2696 antiquis
736 2645 855 2687 ruinis
879 2645 1092 2696 aliquando
1121 2645 1305 2700 vidimus,
1337 2662 1417 2691 tum

1299 2709 1417 2752 etiam
