1815 3168
634 130 1040 178 EVNVCHVS.

1421 126 1520 183 489
1584 179 1586 182 ,

199 278 266 328 45
301 262 478 318 Quidue
498 255 742 324 incipiam?
776 273 873 304 ecce
896 265 1040 302 autem
1062 252 1189 300 video
1216 268 1318 299 rure
1336 252 1522 299 redeun-

398 365 487 400 tem
509 352 651 398 senem
663 365 675 400 Ξ

301 447 456 493 Dicam
475 445 590 495 huic,
615 460 668 489 an
691 441 812 488 non?
850 440 988 487 dicam
1008 436 1174 484 hercle:
1218 432 1289 481 etfi
1301 433 1411 480 mihi
1433 451 1524 480 ma-

401 554 540 598 gnum
569 535 732 582 malum

303 632 400 678 Scio
422 640 644 694 paratum:
683 625 753 672 sed
780 619 944 671 neceffe
975 620 1054 668 est:
1092 621 1195 666 huic
1215 628 1261 666 vt
1287 616 1527 664 subueniat.

402 721 438 769 P
457 739 506 766 Y.
543 721 668 784 sapis.

303 816 401 875 Ego
425 813 531 859 abeo
551 814 694 857 intro:
730 819 781 855 tu
798 805 864 854 isti
884 824 1011 854 narra
1035 819 1214 852 omnem
1243 817 1336 848 rem
1362 799 1530 852 ordine,

401 916 448 954 vt
476 901 639 951 fastum
660 900 748 949 fiet.

787 1052 952 1114 Hh5

230 1249 283 1290 45
321 1235 466 1291 Qidue
494 1233 724 1288 incipiam'3]
762 1233 832 1273 Fa-

1274 1039 1533 1091 ACTVS

880 1245 957 1272 non
976 1218 1146 1270 dubitet:
1179 1224 1279 1279 quod
1301 1222 1402 1273 adsi·
1420 1221 1537 1274 ipsum

182 1296 295 1334 cimus
314 1292 534 1338 mediocria,
555 1292 750 1344 Incipimus
776 1290 833 1327 in-
875 1289 1052 1342 pertinet,
1077 1282 1255 1332 dubitat).
1312 1284 1360 1320 D.

183 1350 324 1404 gentia.
382 1347 472 1385 Ecce
499 1360 618 1385 autem
643 1346 748 1384 video
771 1357 834 1384 ru-

182 1422 222 1446 re
250 1406 456 1444 redeuntem
471 1402 615 1456 finem]
649 1400 835 1452 Choragii

183 1462 238 1500 est
256 1460 540 1506 administrano,
559 1469 596 1497 vt
615 1466 837 1509 opportune

185 1519 228 1557 iu
255 1514 496 1568 proscenium
528 1515 644 1566 (Leg.
674 1512 842 1565 Choragz'¹

179 1573 230 1626 fit
258 1570 442 1622 arm'ficz'o,
487 1583 526 1608 vt
562 1581 770 1622 opportune
798 1570 838 1605 in

184 1629 301 1683 prosc.
314 1630 446 1666 veniat
462 1625 608 1676 senex).
665 1627 714 1664 D.

932 1346 991 1382 Ne
1019 1338 1168 1382 versus,
1200 1337 1285 1388 qui,
1315 1346 1355 1374 vt
1385 1333 1538 1381 caeteri,

883 1408 1104 1438 tetrameter
1122 1391 1199 1432 esse
1218 1392 1346 1436 debet,
1376 1401 1455 1428 toto
1475 1401 1540 1440 pe-

886 1455 936 1494 de
955 1453 996 1491 fit
1014 1453 1180 1497 bre-nm,
1200 1450 1276 1499 leg.
1319 1446 1456 1484 Dicam
1475 1444 1542 1481 hu-

888 1514 931 1557 ic,
952 1523 1073 1548 annon
1093 1505 1233 1546 dicam?
1265 1504 1383 1542 dicam
1403 1501 1541 1540 hercle:

889 1564 956 1617 etsi
970 1577 1039 1603 etc.
1098 1567 1137 1603 B.

945 1634 998 1674 47
1029 1620 1110 1658 Seio
1129 1628 1326 1670 paratum:
1347 1612 1418 1664 fid
1432 1609 1545 1661 πει-43

243 1685 332 1722 Ecce
349 1696 467 1722 autem
487 1680 612 1735 video]
646 1678 842 1732 Supponit
880 1678 925 1731 Je
952 1677 1025 1731 est]
1068 1678 1174 1715 Haec
1198 1668 1304 1710 causa
1341 1666 1546 1708 dubitandi

189 1740 468 1780 deliber-atinae
493 1735 680 1789 speciem,
718 1747 842 1775 rtrum

191 1796 340 1836 indicet
360 1795 518 1833 domino
537 1807 585 1830 an
607 1806 712 1838 110113
743 1802 781 1830 vt
806 1803 842 1828 o·

190 1852 357 1905 portuit,
403 1849 520 1887 celeri
555 1845 846 1893 consultatione,

192 1907 287 1959 quid
314 1904 535 1945 faciendum
570 1901 680 1950 efl'et,
716 1901 846 1953 elegit,

193 1965 349 2003 dicens:
379 1959 614 2013 neceffitatem
641 1958 704 2011 effe
731 1959 847 1997 dieen-

194 2021 242 2060 di.
298 2022 354 2059 Ita
373 2029 411 2056 et
433 2015 655 2062 honestum,
693 2025 732 2052 et
753 2013 847 2052 vtile

195 2073 345 2126 semper
364 2075 535 2120 vincitur,
556 2071 580 2110 fi
593 2070 710 2109 modo
723 2065 849 2109 neees-

195 2130 278 2170 fitas
307 2128 367 2178 fit,
397 2128 444 2167 ob
473 2142 587 2180 quam
612 2128 719 2166 aliter
737 2138 851 2176 quarn

197 2187 361 2240 cogitur,
381 2184 462 2225 fieri
485 2197 564 2223 non
590 2182 723 2234 potest.
753 2184 797 2221 E.

256 2245 308 2294 46
339 2242 472 2280 Dicam
499 2240 601 2288 huic,
645 2253 693 2276 an
721 2235 849 2289 non?]

203 2299 289 2337 Hoc
316 2310 397 2335 non
417 2294 509 2336 effet
530 2294 751 2340 verifimile‚
783 2292 853 2330 nifi

205 2350 415 2391 dubitafset.
489 2351 599 2402 Quid
644 2351 754 2389 enim
805 2346 854 2385 ad

205 2407 418 2450 Chaeream
459 2409 647 2460 pertinet,
693 2405 853 2444 dubitat.

207 2465 318 2516 (Leg.
357 2476 534 2504 οπο-ΑΜ
569 2478 609 2502 u.
641 2475 682 2502 A.
713 2475 755 2500 N.
786 2472 856 2499 DI-

210 2531 320 2561 cAM
348 2530 567 2558 HERcLE.
623 2519 707 2557 Hoc
727 2515 858 2565 nones-

201 2575 265 2629 set
296 2571 507 2625 verifimile‚
556 2573 632 2625 nisi
658 2571 859 2624 dubitasset.

210 2631 328 2688 Qod
367 2631 415 2670 ad
453 2629 648 2671 Chaeream
682 2632 859 2684 pertinet,

892 1734 983 1776 fuit:
1021 1730 1126 1783 quod
1160 1729 1253 1768 hine
1284 1723 1546 1770 Parmenonis,

894 1792 1002 1830 illinc
1040 1782 1292 1825 adolescentis
1331 1779 1546 1832 periculum

895 1846 1075 1885 cernitur.
1134 1841 1205 1880 Sed
1228 1836 1355 1889 necesse
1379 1834 1443 1889 est]
1476 1836 1549 1876 Di-

895 1915 982 1947 cere,
1004 1894 1306 1938 subaudiendum
1329 1891 1400 1932 est:
1431 1901 1469 1928 vt
1494 1889 1548 1937 fit,

898 1957 968 1997 Sed
984 1953 1107 2006 neceffft
1127 1952 1174 2004 est
1192 1952 1325 1997 dicere,
1355 1958 1394 1986 et
1424 1950 1552 1984 ἀσυνδέ-

896 2031 959 2056 τως
988 2008 1239 2051 inferendum
1278 2004 1331 2044 est
1363 2002 1468 2055 quod
1498 1999 1553 2039 se·

898 2071 1036 2122 quitur.
1092 2063 1208 2105 Deest
1218 2062 1325 2104 enim
1345 2071 1551 2112 propterea,

899 2126 961 2166 vel
996 2121 1088 2175 quid
1124 2121 1211 2158 tale.
1266 2115 1395 2168 Sapis]
1444 2113 1554 2166 Sapis

901 2182 1003 2228 dicit,
1025 2191 1106 2218 non
1124 2176 1261 2214 videns
1282 2170 1373 2223 quid
1384 2169 1557 2209 futurum

900 2237 963 2276 fit:
1002 2233 1067 2273 sed
1098 2242 1247 2270 tantum
1273 2223 1437 2268 derififl'e
1468 2238 1559 2265 con-

903 2302 1022 2332 tenta.
1082 2292 1130 2329 D.

954 2355 1006 2400 48
1045 2345 1093 2385 Vt
1111 2342 1259 2396 fizc‘tum
1278 2338 1377 2394 stet]
1407 2333 1481 2380 Ms.
1515 2339 1562 2391 R;

895 2405 961 2458 fit.
1019 2406 1058 2443 L.
1414 2406 1415 2409 ’

961 2462 1032 2499 Pro
1065 2456 1213 2495 Omnem
1239 2467 1336 2501 rem,
1367 2464 1452 2490 cum
1483 2460 1562 2488 vno

910 2517 994 2555 cod.
1036 2516 1201 2553 Faernus
1228 2510 1332 2548 reete
1362 2507 1478 2559 legit,
1512 2504 1567 2542 O-

910 2587 1002 2612 mne.
1060 2573 1158 2609 Nam
1201 2569 1250 2606 ita
1288 2574 1328 2604 et
1366 2560 1499 2614 versui,
1523 2568 1565 2600 et

913 2626 1034 2669 sensui
1053 2621 1275 2666 consulitur.
1330 2623 1372 2661 Β,
