1815 3168
282 132 377 178 206
668 126 943 170 ACT.-.1v.

992 123 1184 167 SCEN.
1214 124 1269 168 V.

413 250 519 303 CR.
579 251 702 308 Quid
733 250 1035 313 Glycerium?
1085 250 1169 294 iam
1203 246 1404 305 hic‚suos
1443 258 1645 312 parentes

511 327 736 392 repperit?

415 401 528 452 ΜΥ.
563 397 762 450 Vtinam!
798 397 906 447 CR.
943 416 997 444 an
1018 397 1218 445 nondum
1240 399 1403 444 etiam?
1441 397 1548 444 haut
1579 415 1650 445 au-

516 480 673 543 spicato
696 477 782 522 huc
805 492 876 520 me
898 473 1062 537 appuli.

415 560 539 604 Nam
570 553 668 617 pol,
714 549 744 597 fi
768 550 814 597 id
840 547 1022 601 scissem,
1064 565 1293 610 nunquam
1313 547 1400 594 huc
1423 544 1654 595 tetulissem

494 674 495 677 ,
518 628 693 693 pedem.

422 710 605 768 Semper
638 704 756 749 enim
791 698 905 749 dista
927 699 986 747 est
1005 701 1097 747 eius
1119 699 1225 747 haec
1261 709 1390 764 atque
1414 697 1560 746 habita
1596 696 1655 746 est

516 780 652 827 soror.

286 1001 521 1057 praeteritae
540 998 643 1036 vitae
663 991 945 1034 excusationem

286 1058 458 1112 pertinet
475 1049 753 1103 istaresponsio,
773 1063 849 1100 qua
860 1062 946 1099 pur-

284 1125 396 1168 gatur
442 1111 616 1150 voluntas
670 1104 865 1159 Chrysidis
902 1105 946 1142 in

285 1168 448 1222 quaestu
482 1163 712 1205 meretricio.
755 1160 947 1201 Caecilius

281 1227 327 1266 in
342 1225 483 1270 Plocio,
512 1222 626 1261 Viuas
645 1233 689 1259 vt
692 1216 814 1272 poffis,
832 1229 947 1270 quan·

284 1284 334 1323 do
361 1281 487 1333 nequis
508 1292 550 1317 vt
566 1278 667 1316 velis.
729 1277 778 1315 D.

346 1340 392 1378 Vt
409 1338 554 1390 quimus
581 1332 705 1385 aiunt]
736 1328 852 1380 Apud
878 1332 948 1369 Ze-

284 1394 468 1436 nobium:
499 1393 609 1439 ζῶμεν
624 1387 705 1436 γὰρ,
720 1388 767 1432 ἐχ
786 1386 830 1428 ὥς
849 1388 946 1423 θέλο-

282 1470 365 1500 μεν,
405 1448 482 1487 &NG
513 1446 555 1492 ὦς
585 1449 754 1490 δυνάμεθα.
811 1445 944 1482 Horat.

283 1510 418 1550 carm.
449 1503 518 1543 lib.
540 1516 572 1543 1.
603 1501 663 1540 od.
684 1512 749 1552 24.
806 1498 945 1537 Leuius

278 1563 331 1619 fit
345 1562 541 1616 patientia,
561 1556 757 1612 Qicquid
763 1557 946 1609 corrigere

284 1621 335 1675 est
365 1618 477 1670 nefizs.
532 1615 610 1655 Vbi
643 1625 716 1653 vet.
742 1610 940 1652 Scholiast.

283 1677 396 1717 hunc
405 1672 585 1714 Terentii
597 1671 724 1725 locum
736 1667 876 1707 laudat.
904 1670 945 1707 L.

344 1744 390 1775 11
432 1730 543 1786 Qcid
586 1727 831 1777 Glycerium?
872 1725 946 1762 iam

286 1790 347 1829 hic
369 1786 483 1840 filos]
523 1783 729 1826 Conuenit
758 1780 946 1820 heredita-

286 1857 368 1886 tem
402 1841 565 1895 petenti,
598 1838 787 1877 conuenit
829 1836 948 1875 iudici

278 1900 439 1954 (indici.
460 1897 558 1937 Cod.
575 1894 721 1935 Boend.
745 1904 785 1931 et
803 1892 863 1931 ed.'
881 1895 946 1931 Du

287 1958 353 2009 B.)
380 1954 530 1999 futuro,
563 1951 613 1990 de
641 1949 812 2002 pluribus
839 1947 947 1986 inda-

287 2025 393 2068 gare.
450 2014 552 2061 Ergo
589 2008 692 2046 rec‘te
724 2015 763 2044 et
804 2003 945 2042 ordine

287 2066 488 2122 quaefiuit‚
511 2062 617 2114 Quid
641 2059 822 2113 Chrysis?
853 2059 945 2111 quid

286 2126 379 2168 vos?
402 2121 494 2174 quid
507 2118 762 2172 Glycerium?
815 2119 862 2156 D.

344 2192 396 2223 12
424 2175 593 2229 Vtinam]
641 2178 755 2215 Nouo
795 2183 946 2226 genere

288 2236 582 2287 exoptationem
624 2243 696 2283 pro
732 2229 946 2281 negatione

287 2294 432 2335 intulit.
505 2290 614 2329 Haut
650 2285 837 2337 auspicato
876 2284 945 2323 huc

285 2364 342 2390 me
361 2346 499 2400 appuli]
530 2345 576 2385 Id
597 2342 661 2392 est,
682 2339 946 2392 inauspicatus,

287 2404 392 2457 quod
412 2417 492 2442 non
511 2399 606 2440 esset
630 2397 851 2450 auspicatus.
899 2400 948 2436 Et

288 2461 458 2500 vfitatum
489 2455 681 2497 veteribus
717 2453 766 2492 fic
802 2454 945 2501 dicere,

288 2518 316 2560 fi
329 2515 421 2568 quid
441 2512 649 2566 aliquando
670 2511 780 2549 aliter
798 2507 946 2550 euenis-

289 2572 355 2622 set,
378 2584 493 2622 quam
510 2569 667 2608 vellent.
723 2570 773 2607 D.

344 2628 459 2671 Vnus
478 2640 501 2666 e
517 2624 651 2664 nostris
672 2622 800 2662 bonae
817 2632 946 2672 notae,

1592 863 1650 909 15

995 992 1113 1034 attuli
1155 1008 1225 1046 pro
1277 991 1412 1047 appuli.
1461 993 1586 1032 Refte.
1617 1000 1657 1033 vt

994 1049 1113 1088 Plaut.
1137 1049 1279 1101 Amph.
1300 1063 1364 1098 111,
1383 1061 1421 1100 4,
1440 1052 1479 1091 6.
1535 1051 1574 1087 B.
1653 1090 1656 1093 ,

1053 1116 1099 1155 13
1131 1105 1334 1157 Nunquam
1367 1104 1441 1143 huc
1470 1103 1658 1155 zetulffskm

991 1159 1134 1214 pede-m]
1167 1161 1274 1214 Virg.
1297 1161 1422 1210 (Aen.
1448 1172 1508 1207 11,
1542 1161 1657 1213 (257.)

995 1216 1109 1255 Mene
1128 1215 1255 1268 efferre
1273 1216 1409 1268 pedem,
1429 1216 1590 1269 genitor,
1618 1228 1656 1254 te

995 1272 1089 1324 posse
1117 1272 1241 1312 relic-*to
1269 1271 1454 1324 Sperasti?
1482 1273 1530 1311 Et
1558 1272 1657 1317 (Ge-

999 1341 1081 1381 org.
1102 1341 1139 1378 Ι,
1175 1331 1278 1382 Ιῐ,),
1309 1324 1543 1375 Ferrefimul
1560 1327 1669 1373 Fau(

996 1387 1104 1438 nique
1119 1385 1243 1439 pedem
1257 1415 1266 1433 ,
1298 1383 1544 1436 Dryadesque
1557 1382 1657 1435 puel-

996 1440 1064 1480 lae.
1120 1440 1199 1482 Sed
1218 1441 1356 1482 Critici
1374 1440 1570 1484 adnotant,
1592 1439 1656 1478 ali*-

997 1497 1108 1536 enius
1134 1495 1212 1537 effe
1230 1496 1478 1536 acharaetere
1493 1495 1654 1545 comico,

997 1553 1188 1606 tetulissem
1201 1554 1339 1606 pedem.
1398 1555 1447 1592 D.

1051 1610 1256 1663 Nunquam
1293 1607 1478 1660 tetuliffi’m
1508 1607 1654 1662 pedem]

994 1665 1040 1705 Id
1061 1665 1133 1711 est,
1165 1679 1365 1717 nunquam
1384 1662 1580 1704 veniffem.
1616 1673 1658 1703 et

995 1721 1187 1774 tetulysem
1215 1722 1312 1761 dixit
1347 1734 1419 1772 per
1444 1720 1654 1773 prothefin.

997 1778 1051 1817 est
1068 1780 1174 1817 enim
1185 1780 1310 1830 ferre,
1329 1777 1387 1816 ire
1399 1787 1439 1815 et
1455 1774 1653 1828 proficisci.

996 1845 1037 1874 vt
1057 1835 1193 1887 virgil.
1217 1838 1337 1886 (Aen.
1363 1845 1411 1882 11,
1430 1833 1541 1885 657.)
1569 1833 1658 1871 Me·

997 1904 1041 1929 ne
1058 1889 1184 1941 efferre
1191 1891 1326 1941 pedem,
1337 1891 1496 1942 genitor„
1554 1890 1597 1927 E.

1048 1945 1252 1997 Tetuliffi’m
1282 1948 1407 1998 pedem
1476 1947 1532 1984 Ita
1561 1943 1655 1985 Dio-

995 2001 1130 2041 medes
1150 2001 1202 2040 lib
1230 2013 1264 2043 1.
1292 2014 1335 2040 ac
1356 2004 1399 2041 M
1434 2031 1442 2038 .
1500 2002 1542 2040 L.

1053 2070 1104 2110 14
1139 2056 1289 2110 Semper
1323 2059 1416 2096 enim
1451 2058 1525 2095 eius
1554 2055 1654 2095 ᾱὶἑῖα

994 2113 1043 2165 est
1063 2114 1159 2162 haec,
1180 2126 1290 2167 atque
1310 2112 1438 2152 habita
1460 2112 1508 2164 est
1514 2111 1657 2166 soror]

994 2174 1074 2210 Aut
1098 2171 1195 2209 veris
1217 2169 1453 2208 credendum
1483 2168 1555 2216 est,
1585 2178 1654 2207 aut

995 2226 1111 2266 etiam
1129 2224 1237 2276 falsis,
1266 2239 1365 2277 quae
1389 2235 1519 2264 tamen
1541 2225 1653 2263 inue-

993 2284 1212 2321 terauerint.
1268 2282 1371 2322 Hinc
1397 2281 1558 2330 Cicero,
1589 2281 1652 2318 Ita

995 2337 1210 2388 habeantur,
1228 2341 1354 2390 itaque
1372 2337 1557 2376 dicantur.
1571 2337 1652 2375 Ha-

995 2396 1074 2435 hita
1094 2409 1186 2448 ergo
1209 2395 1292 2446 plus
1311 2393 1374 2442 est,
1403 2408 1518 2445 quam
1536 2393 1652 2431 credi·

980 2465 1047 2493 ‘ta.
1102 2452 1246 2504 Semper
1277 2450 1371 2503 eius]
1423 2454 1458 2491 A
1484 2448 1651 2501 poffibili

997 2520 1037 2549 et
1063 2508 1155 2546 vtili.
1215 2510 1261 2546 D.

1050 2564 1197 2616 Semper
1231 2565 1304 2601 eius
1332 2562 1428 2601 difla
1462 2561 1511 2611 est
1545 2559 1650 2614 haec]

995 2624 1086 2674 Quo
1108 2620 1233 2673 magis
1253 2618 1411 2659 difficile
1431 2614 1510 2659 effe
1531 2616 1653 2711 ostgn-

1615 2681 1652 2712 at
