1815 3168
347 153 440 209 358
739 144 897 193 ACT.
934 145 1009 192 111.

1060 144 1255 192 SCEN.
1288 147 1324 194 1.

488 268 686 320 Consilia.
730 268 848 319 GN.
902 274 1081 320 mirum.
1127 268 1255 320 TH.'
1295 282 1394 320 tum
1435 270 1570 322 sicubi
1620 290 1722 324 eum

589 347 749 396 satietas

487 426 754 478 Hominum,
777 433 850 470 aut
873 420 1065 484 negotifi
1081 422 1258 488 quando
1281 423 1434 472 odium
1454 437 1648 490 ceperat:

400 515 457 566 ¹5
489 499 769 564 Requiescere
792 499 864 546 vbi
887 499 1071 552 volebat,
1095 496 1234 563 quafi:
1271 496 1449 552 nostin?
1483 498 1591 548 GN.
1617 501 1724 550 scio:

491 575 623 631 Quasi
643 575 716 623 vbi
738 575 855 622 illam
877 574 1102 641 exspueret
1122 574 1336 623 miseriam
1361 593 1412 623 ex
1434 577 1597 624 animo.
1621 575 1726 625 Tu.

593 663 729 698 tenes.

491 731 620 777 Tum
641 742 713 775 me
734 729 971 776 conuiuam
988 726 1130 776 solum
1140 724 1481 777 abducebatfibi.
1504 721 1606 776 GN.
1627 727 1731 776 hui!

358 975 557 1019 quaeretur
570 963 697 1018 gloria
714 962 838 1011 rebus,
868 964 938 1005 Seu
953 974 1023 1018 pa-

361 1034 456 1069 cem,
475 1020 543 1072 stu
573 1019 663 1060 bella
679 1033 833 1074 geram.-
859 1020 932 1059 tibi
949 1034 1020 1060 ma⁸

359 1080 466 1116 xima
494 1089 643 1126 rerum,
676 1075 955 1131 Verborumque
976 1074 1025 1129 fi-

361 1133 432 1178 des.
468 1155 522 1162 -—
578 1134 626 1179 D)

1563 825 1733 883 Regem

1073 965 1182 1006 enim
1199 979 1268 1019 par
1291 974 1385 1013 erat,
1403 964 1565 1018 Reipub.
1594 965 1735 1019 princi·

1074 1034 1167 1073 pem
1206 1021 1413 1062 hominum
1459 1022 1550 1062 odio
1585 1021 1733 1062 labora-

1074 1090 1129 1117 re.
1186 1079 1236 1118 D.

1135 1143 1184 1184 15
1216 1132 1450 1186 Requifiere
1477 1130 1543 1174 vbi
1571 1132 1734 1188 volebat]

414 1190 582 1227 Faernus
599 1189 664 1238 ait,
688 1200 823 1228 omnes
834 1187 944 1228 codd.
959 1187 1024 1229 ha-
1068 1189 1183 1229 Bono
1205 1189 1321 1228 verbo
1344 1187 1423 1230 vsus
1443 1190 1506 1231 est.
1551 1193 1649 1231 Nam
1670 1189 1739 1241 ces:

361 1244 458 1285 bere
474 1244 627 1299 gestire,
659 1245 682 1286 i.
704 1258 738 1284 e.
772 1244 946 1298 gaudere
974 1258 1024 1284 ex
1061 1244 1132 1296 fin
1151 1244 1378 1295 desidiosus,
1405 1248 1595 1298 requiescit
1614 1243 1738 1286 defes-

362 1300 545 1349 conui‘ciu
567 1311 643 1341 tuo⁴
684 1303 831 1341 Verum
843 1314 932 1341 cum
942 1300 1025 1342 cod.

361 1354 512 1402 Bembi,
533 1367 571 1397 et
601 1356 678 1396 duo
708 1369 758 1396 ex
780 1356 916 1396 nostris
935 1366 1026 1397 vett.

363 1411 538 1453 habeant
553 1412 711 1468 gestare,
738 1426 820 1453 non
851 1412 903 1454 est
921 1412 1026 1465 quod

367 1470 453 1521 quis
483 1469 533 1508 de
566 1470 639 1509 hae
668 1469 838 1508 leffione
867 1467 1028 1509 dubitet.

364 1525 526 1567 Deinde
553 1539 624 1577 pro
653 1539 763 1572 vero,
794 1525 902 1577 quod
920 1529 1029 1566 Faer-

364 1595 438 1631 nus
480 1582 702 1622 antici-itate
728 1581 907 1621 Bembini
943 1595 1030 1634 pro-

366 1638 443 1686 bat,
465 1637 583 1678 nostri
600 1651 737 1677 omnes
755 1637 904 1678 habent
912 1638 1028 1688 recffe,

367 1707 520 1735 verum:
548 1705 588 1733 vt
605 1692 716 1747 supra
728 1705 901 1747 11,3‚35.
936 1697 977 1734 B.

428 1763 476 1803 13
515 1749 695 1812 Confilia]
734 1749 886 1798 Αὔξησις.
940 1751 1032 1791 Plus

371 1807 481 1846 enim
510 1805 566 1845 est
594 1807 767 1853 conlilia‚
793 1820 908 1859 quam
931 1816 1034 1846 totus

371 1862 577 1903 exercitus,
616 1862 775 1911 Mirum]
804 1863 950 1902 Melius
963 1877 1036 1916 per

373 1925 536 1966 εἰρωνείαν
557 1919 860 1969 pronunciamus
876 1920 1010 1959 mirum
1022 1931 1039 1962 ,⁴

375 1974 478 2026 quasi
498 1974 608 2023 dicat,
631 1974 731 2025 Quis
751 1987 835 2013 non
855 1970 1037 2014 crederet

378 2030 444 2070 tali
467 2031 575 2074 viro?
602 2028 668 2069 sed
688 2029 809 2080 potest
827 2029 1038 2070 etiamfim-

380 2088 533 2139 pliciter
564 2099 635 2138 pro
673 2086 897 2126 admirantis
926 2085 1038 2142 gestu

379 2143 512 2194 accipi,
567 2145 616 2182 D.

439 2212 488 2252 14
513 2197 1039 2249 Vbisektietashominumstut

377 2256 504 2310 negoti
514 2254 708 2309 siquando
732 2255 854 2294 odium
875 2254 1036 2309 ceperat]

374 2312 542 2364 Reipub.
567 2311 750 2363 princeps
776 2311 870 2350 duas
892 2323 952 2350 res
976 2323 1039 2361 pa-

377 2370 490 2420 titur,
521 2367 701 2407 homines
722 2377 761 2406 et
778 2368 966 2420 negotia,
997 2365 1036 2405 id

374 2424 447 2473 est,
478 2422 660 2477 personas
685 2433 723 2464 et
740 2436 800 2463 res
819 2422 1036 2463 hominurn.

1074 1299 1148 1341 sus.
1202 1299 1347 1355 Quasi}
1367 1301 1516 1356 nostin’]
1545 1301 1663 1342 Grate
1674 1315 1739 1342 exo

1075 1356 1205 1410 pressit
1239 1356 1341 1396 stulti
1370 1356 1575 1397 infantiam
1602 1359 1738 1397 militis

1077 1411 1282 1465 (Grauiter
1293 1427 1319 1452 e.
1330 1413 1370 1464 s
1377 1413 1561 1465 infizniam
1572 1427 1618 1453 m.
1631 1414 1740 1455 Wie-

1076 1470 1223 1523 lingius
1244 1470 1324 1522 legi
1345 1471 1454 1524 vult),
1478 1471 1646 1523 quiante
1659 1471 1740 1509 vult

1078 1526 1250 1581 intelligi
1267 1526 1375 1577 quod
1387 1524 1510 1574 sentit,
1533 1540 1648 1578 quam
1661 1523 1745 1578 ipse

1080 1582 1191 1622 dicat.
1248 1585 1298 1622 Et
1325 1584 1483 1636 proprie
1501 1583 1577 1624 hoc
1595 1584 1743 1622 morale

1081 1638 1135 1680 est
1152 1637 1291 1687 stolidi,
1314 1639 1396 1679 {iue
1414 1639 1561 1679 ruditer
1579 1640 1742 1691 loquen-

1080 1695 1139 1735 tis.
1196 1692 1335 1752 Qaff3
1367 1695 1515 1751 nostin’]
1554 1692 1741 1737 ἀποσιώπη-

1081 1768 1151 1800 σις,
1193 1764 1264 1804 pro
1294 1749 1402 1792 habes
1428 1753 1525 1797 hoc?
1561 1751 1639 1791 hoe
1676 1749 1741 1802 est,

1084 1806 1189 1861 quod
1208 1805 1329 1858 supra,
1349 1807 1556 1864 Intelligis?
1608 1811 1657 1850 D.

1144 1867 1195 1907 16
1223 1861 1344 1918 Qtfi
1352 1864 1417 1904 vbi
1436 1865 1535 1904 illam
1551 1861 1742 1915 exspueret

1084 1919 1288 1974 miseriam]
1322 1920 1396 1960 Vbi
1414 1935 1485 1972 pro
1503 1918 1674 1972 qua-ndQ
1704 1930 1745 1959 et

1084 1976 1127 2015 iu
1154 1974 1232 2024 his,
1270 1985 1309 2014 et
1343 1972 1472 2029 supra,
1516 1974 1744 2030 Exspuaeret]

1085 2030 1276 2083 Exfpuere
1302 2029 1358 2072 est
1383 2044 1476 2072 cum
1498 2031 1649 2072 fastidio
1677 2033 1746 2071 ali-

1087 2087 1183 2141 quid
1231 2087 1392 2128 reiicere
1437 2099 1477 2127 et
1523 2089 1739 2140 expellere.

1086 2145 1186 2186 Nam
1216 2141 1408 2197 exspuere,
1446 2144 1500 2184 est
1536 2154 1642 2184 extra
1674 2156 1746 2196 pus

1086 2199 1261 2249 mittere,
1299 2200 1339 2240 id
1370 2199 1441 2248 est,
1471 2199 1582 2239 foras.
1642 2204 1745 2241 Nam

1081 2267 1152 2309 pus
1186 2255 1243 2296 est
1271 2256 1397 2296 omnis
1427 2256 1568 2296 humor
1592 2257 1745 2309 corpori

1088 2310 1282 2352 onerosus.
1340 2316 1390 2355 D.

1142 2367 1350 2422 Exspueret
1368 2368 1569 2424 mifiriam]
1598 2374 1651 2411 Vt
1664 2366 1746 2422 pos-

1087 2421 1141 2465 set
1166 2437 1294 2463 curam
1314 2436 1352 2464 et
1371 2422 1674 2466 sollicitudinem
1695 2437 1745 2466 ex
1797 2480 1799 2482 ι

376 2482 538 2522 satietas
556 2480 750 2529 hominum,
768 2492 838 2523 aut
858 2481 985 2534 negon'
1000 2477 1044 2530 si
1086 2480 1216 2520 animo
1235 2490 1452 2521 remouere.
1509 2487 1552 2524 E.

376 2538 521 2590 quando
543 2538 663 2576 odium
682 2535 841 2589 ceperat]
877 2536 1036 2586 Proprie

375 2592 546 2633 reddidit
565 2605 603 2634 et
626 2592 821 2640 decenter,
848 2591 1037 2631 hominum

376 2649 526 2697 finieras
535 2680 546 2700 ‚
584 2652 721 2707 negotii
732 2703 737 2707 ι
748 2648 886 2691 odium.
942 2651 1038 2692 Non

1146 2548 1194 2588 17
1229 2536 1322 2576 Tum
1338 2550 1393 2576 me
1414 2540 1605 2579 conuiuam
1615 2537 1743 2589 filum

1086 2590 1285 2633 abducebat
1300 2590 1395 2647 fibi]
1425 2596 1511 2633 Hoc
1536 2593 1742 2646 supererat,

1083 2658 1133 2699 Vt,
1153 2649 1217 2703 qui
1229 2646 1322 2691 effer
1331 2650 1698 2704 minister-magnam
1704 2664 1744 2689 m

1602 2716 1729 2748 rerum
1734 2735 1743 2754 ,
