1815 3168
316 157 412 201 540

724 139 950 186 ACT.1.
994 137 1186 185 SCEN.
1215 140 1249 184 Ι.

447 269 582 320 Facit,
605 274 652 314 vt
675 268 715 314 t'e
738 263 941 314 audacher
960 283 1164 314 moneam
1187 277 1229 314 et
1253 266 1542 323 fainiliariter3

449 343 585 398 Quod
605 343 714 389 mibi
740 344 887 391 videre
908 354 1080 407 praeter
1103 353 1284 389 aetatem
1305 354 1426 389 tuam

450 424 636 471 Facere,
671 429 714 464 et
734 429 1036 482 praeterquam
1062 434 1130 463 res
1154 428 1197 463 te
1221 419 1475 466 adhortatur
1495 428 1584 463 tua.

447 499 568 544 Nam
580 511 664 559 pro
687 494 818 539 deum
829 504 957 556 atque
968 493 1201 539 hominum
1214 492 1361 546 fidem,
1375 493 1480 556 quid
1494 495 1555 541 vis
1567 492 1676 540 tibi?

361 590 418 622 10
453 570 575 626 Quid
599 566 806 632 quaeris?
842 586 979 615 annos
1002 568 1214 628 sexaginta
1236 580 1360 616 natus
1385 587 1443 622 cs,

447 651 540 696 Aut
561 645 662 712 plus
683 662 749 699 eo,
775 655 820 694 vt
841 645 1042 694 coniicio.
1073 660 1228 705 agrum
1249 645 1295 692 in
1320 645 1387 691 his
1420 644 1676 705 regionibus

313 902 416 958 quasi
446 901 637 953 quaedam
663 913 751 953 pars
778 900 971 940 amicitiae

312 962 377 1000 est.
435 962 477 998 E.

369 1016 463 1056 Siue
490 1013 689 1052 Amicitiae
722 1012 765 1050 in
792 1011 971 1064 genitiuo

313 1071 500 1121 accipias,
532 1067 611 1106 siue
631 1067 772 1115 datiuo,
805 1079 972 1106 commo-

312 1129 405 1167 dum
424 1122 575 1164 sensum
587 1136 668 1162 non
688 1122 846 1163 efficies.
898 1124 972 1175 lgi-

314 1196 376 1222 rur
413 1179 689 1233 corrigendum
718 1191 821 1229 puto<
842 1178 973 1217 locum

312 1241 387 1279 ita:
458 1237 531 1275 uod
546 1249 613 1290 ego
632 1235 745 1287 estem
754 1234 973 1288 aliquapar·

313 1310 350 1335 te
370 1309 402 1333 a
419 1307 459 1346 p.
519 1294 640 1334 Certe
659 1291 902 1343 Eugraphius
921 1290 972 1329 vi-

315 1352 431 1392 deun
452 1347 574 1401 aliqua
595 1345 741 1399 legisse.
796 1351 838 1387 Β.

369 1411 458 1447 Non
488 1415 578 1455 puta
583 1405 706 1442 uerim
734 1402 974 1443 emendatio-

312 1477 365 1505 ne
386 1475 506 1514 opus,
535 1472 622 1498 cum
643 1459 871 1498 commodus
894 1458 975 1498 effi-

314 1521 432 1559 ciatur
452 1514 594 1563 sensus,
610 1514 635 1554 fi
652 1514 766 1570 Qod
776 1516 823 1555 ad
838 1527 977 1554 Vtrum-

315 1588 392 1628 que
419 1585 456 1615 et
483 1575 664 1613 virtutem
685 1583 722 1612 et
741 1572 978 1611 vicinitatem

315 1629 506 1678 retuleris,
525 1627 624 1668 adeo
646 1642 667 1666 v
672 1639 686 1667 t
703 1627 766 1666 hic
778 1629 977 1667 continea-

315 1700 377 1728 tm
396 1684 515 1732 causa,
536 1698 602 1723 cur
621 1683 670 1723 ob
692 1684 871 1723 virtutem
892 1687 978 1725 Me-

315 1743 479 1785 nedemi
508 1751 546 1782 et
565 1741 801 1780 vicinitatem
821 1738 978 1779 sustine-

317 1813 355 1842 at
380 1800 510 1839 facere
529 1797 579 1845 id,
599 1796 705 1848 quod
726 1797 818 1835 alias
836 1808 977 1835 munus

317 1855 513 1898 amicitiae
530 1866 573 1891 ac
596 1852 862 1891 familiaritatis
880 1850 977 1891 sole-

318 1909 456 1955 areffe.
512 1912 646 1959 Itaque
658 1910 871 1960 propinqua
886 1921 979 1960 pars

317 1968 501 2010 amicitiae
520 1963 673 2003 videtur
700 1962 778 2003 esse
803 1977 882 2009 ies,
914 1960 979 2001 seu

316 2035 459 2066 munus
470 2051 479 2070 ,
509 2018 615 2072 quod
632 2020 810 2070 proxime
829 2019 980 2058 accedit

319 2082 367 2122 ad
388 2080 488 2126 vim,
520 2086 719 2122 naturam,
750 2085 789 2113 et
809 2074 979 2113 officium

319 2135 534 2180 amicitiae3
564 2145 637 2180 res,
660 2145 760 2183 quae
780 2132 903 2170 vicem
915 2127 978 2169 seu

317 2197 452 2234 locum
484 2198 595 2227 tenet
639 2187 844 2226 amicitiae.
916 2187 981 2228 Sic

318 2259 426 2290 certe
452 2244 589 2286 Graeci
615 2242 749 2282 dicunt
771 2243 804 2281 ἐν
824 2249 913 2292 μέρει
933 2261 983 2282 τι-

320 2310 425 2346 θέναι.
480 2305 521 2342 Ζ.

377 2362 404 2401 6
433 2355 619 2398 Audac‘ter
637 2368 804 2394 moneam
817 2354 980 2406 etfhmi-

321 2413 488 2466 liariter]
519 2412 713 2460 Audacter,
743 2410 847 2462 quod
866 2424 981 2463 quae·

320 2475 412 2513 dam
437 2469 601 2509 dieffurus
620 2465 695 2515 est,
730 2467 847 2505 veluti
876 2481 981 2507 accu-

320 2528 425 2570 sans:
474 2497 746 2570 Familiarit'er,
785 2523 890 2574 quod
928 2524 982 2563 ita

321 2581 486 2631 accedit,
518 2578 621 2633 quasi
649 2592 698 2621 ex
717 2580 855 2621 notitia
874 2593 981 2635 prae-

321 2642 442 2694 teijita.
499 2639 543 2681 Ε.

1521 755 1679 802 Melio-

1075 913 1104 954 7
1131 897 1246 956 Qod
1272 899 1366 938 mihi
1391 900 1534 948 videre,
1578 896 1678 952 ἕνα]

1020 956 1105 1008 Ipse
1142 957 1393 1010 paititionem
1427 955 1528 995 suam
1558 953 1681 1007 peise·

1022 1015 1172 1064 quitur:
1210 1027 1298 1051 nam
1332 1024 1487 1064 propter
1512 1022 1681 1050 aetatem

1021 1068 1070 1106 {ic
1090 1066 1306 1120 subiungit:
1337 1070 1463 1107 Annos
1472 1067 1680 1122 fixaginta

1022 1137 1132 1165 natus
1152 1137 1206 1172 es,
1242 1137 1308 1162 aut
1322 1123 1404 1176 plus
1429 1137 1479 1172 ev,
1506 1137 1549 1163 vt
1569 1127 1684 1162 conii-

1023 1184 1106 1223 cio‚·
1143 1192 1275 1234 agrum
1311 1182 1349 1217 in
1385 1179 1441 1218 his
1470 1178 1682 1234 regionibus

1023 1237 1218 1283 meliorem,
1246 1247 1360 1289 neque
1379 1238 1494 1286 pretii
1513 1239 1680 1283 maioris,

1021 1306 1124 1333 nemo
1152 1292 1272 1331 habet.
1328 1291 1526 1331 Meliorem
1563 1292 1610 1331 ad
1646 1305 1683 1331 v—

1023 1348 1103 1389 sum
1121 1347 1259 1389 iefeit
1286 1350 1404 1401 pretii
1430 1349 1604 1395 maiozis,
1635 1346 1685 1386 ad

1024 1406 1258 1458 opinionem
1293 1405 1431 1457 populi
1460 1404 1511 1443 de
1543 1378 1622 1456 ips'o
1647 1416 1684 1443 a·

1024 1475 1108 1516 gro,
1164 1464 1208 1501 E.

1081 1586 1108 1627 9
1138 1573 1240 1612 Nam
1254 1582 1325 1626 pro
1348 1572 1473 1611 Deum
1494 1584 1604 1624 atque
1623 1570 1683 1613 ho-

1025 1632 1164 1670 minum
1180 1628 1310 1680 fidem
1308 1633 1320 1656 ¹
1327 1629 1346 1683 ]
1376 1630 1609 1679 Exclamatio
1622 1641 1685 1668 ve·

1024 1686 1187 1727 hemens
1213 1685 1324 1725 estin
1345 1698 1455 1735 eum,
1484 1684 1549 1736 qui
1576 1694 1615 1723 et
1634 1682 1686 1723 se-

1027 1756 1106 1782 nex
1134 1753 1172 1781 et
1190 1741 1298 1781 diues
1318 1743 1508 1780 continuo
1527 1739 1565 1780 se
1582 1742 1613 1779 la
1598 1740 1684 1779 ’1-11ο

1027 1811 1069 1839 re
1090 1797 1290 1851 defatiget,
1313 1808 1350 1837 et
1369 1811 1416 1836 eo
1429 1798 1549 1849 magis
1562 1791 1687 1838 Chre-

1027 1868 1111 1895 mes
1136 1856 1344 1893 admiratur
1363 1853 1476 1891 huius
1496 1853 1683 1902 laborem,

1029 1909 1205 1950 nondum
1224 1909 1422 1948 intellecia
1440 1906 1560 1948 causa.
1594 1911 1639 1950 C.

1086 1965 1324 2005 Coniunffio
1344 1977 1428 2012 aut,
1457 1964 1540 2015 post
1559 1963 1685 2016 fidem,

1031 2021 1134 2062 abest
1154 2036 1176 2060 a
1193 2021 1413 2060 melioribus
1435 2019 1551 2059 libris.
1590 2025 1632 2061 B.

1087 2089 1133 2119 11
1168 2077 1218 2116 Vt
1237 2077 1406 2130 coniicio]
1441 2076 1481 2114 Id
1502 2076 1567 2126 est,
1598 2090 1686 2116 con-

1028 2134 1215 2173 ie&u1·am
1244 2133 1364 2183 capio.
1422 2133 1526 2171 Hinc
1554 2134 1683 2172 conie-

1031 2191 1134 2229 c‘tura
1151 2189 1248 2228 dicia
1269 2188 1318 2228 est
1336 2203 1356 2227 a
1375 2188 1546 2237 comesta,
1569 2189 1609 2228 id
1623 2188 1685 2238 est,

1029 2261 1051 2286 a
1087 2244 1300 2284 direffione
1323 2243 1488 2296 quadam
1524 2246 1687 2285 rationis

1029 2301 1078 2342 ad
1102 2301 1310 2341 veritatem.
1372 2300 1489 2340 Vnde
1507 2302 1622 2340 etiam
1635 2299 1688 2340 so-

1027 2359 1223 2397 mniorum
1243 2367 1357 2408 atque
1376 2357 1689 2397 ominuminter-
1749 2354 1752 2355 ⁷

1028 2425 1167 2468 p1·‚etes
1186 2414 1402 2466 conjectores
1422 2426 1607 2452 vocamus.
1638 2414 1687 2454 C.

1086 2472 1234 2525 Agrum
1273 2471 1313 2508 in
1349 2468 1429 2554 hiso
1452 2469 1683 2526 regionibus]

1031 2526 1186 2567 Seruius
1208 2524 1428 2566 Aeneid.
1506 2530 1549 2567 L.

1086 2582 1225 2628 Deleo,
1246 2596 1297 2632 eo,
1318 2593 1355 2620 et
1373 2581 1474 2637 lege,
1492 2583 1569 2622 Aut
1586 2580 1682 2636 plus,

1031 2651 1076 2682 vt
1094 2640 1262 2680 comicie.
1322 2641 1365 2679 B.

1796 1989 1803 1992 ¹
1790 1610 1795 1613 «

1755 391 1765 398 κ

1809 1287 1815 1318 .,,
1808 1220 1815 1277 Η,
1808 1182 1815 1211 ,-
1808 1163 1815 1170 =
1808 1149 1815 1154 =
1808 1023 1815 1113 -.===.
1807 970 1815 1013 πε
1806 877 1815 954 ivm
1804 766 1815 868 :mma—fl
1804 595 1815 655 zaza
1804 531 1806 540 ἡ
1806 256 1815 270 -
1802 212 1815 248 Ἰν
1800 0 1815 197 ,-«
