1815 3168
563 171 974 220 EVNVCHVS.

1358 183 1452 228 473

233 307 396 367 Neque
420 303 476 348 ita
498 302 712 365 imperita,
731 309 779 346 vt
798 298 904 361 quid
925 314 1047 343 amor
1069 297 1227 349 valeat,
1260 297 1458 343 nesciam.

234 377 280 426 C
296 398 343 424 H.
383 383 455 425 Te
477 393 653 441 quoque
678 378 789 428 iam,
827 368 994 426 Thais,
1036 373 1094 418 ita'
1116 389 1185 418 me
1205 375 1263 418 Di
1283 372 1394 418 bene
1419 388 1459 417 a·

329 463 451 500 ment
464 489 477 506 ,
511 469 626 499 amo.

233 528 316 577 ΡΥ.
336 534 463 576 Tum
476 528 552 592 pol
563 528 641 574 tibi
655 525 704 573 ab
719 523 834 578 istoc,
849 524 967 576 hera,
992 510 1237 570 cauendhm
1250 521 1460 580 intelligo.

133 623 196 669 45
234 602 331 653 CH.
371 608 481 651 Non
505 601 652 649 aufim.
689 599 787 648 ΡΥ.

328 676 378 726 Τ
392 698 437 728 H.
484 677 660 726 definas.

827 599 937 646 nihil
958 600 1037 647 tibi
1062 602 1294 662 quicquam
1316 596 1461 650 credo,

235 753 334 803 CH.
358 760 495 802 Nunc
519 771 601 815 ego
621 764 663 800 te
685 755 729 799 in
741 753 822 798 hac
834 768 880 798 re
892 750 1002 797 mihi
1015 767 1095 796 oro
1108 759 1154 796 vt
1166 749 1349 795 adiutrix
1360 745 1464 803 fies;

235 836 333 893 Ego
357 847 428 878 me
450 841 549 876 tuae
571 827 835 876 commendo
859 838 902 874 et
924 827 1152 873 committo
1176 823 1304 875 fidei;

738 906 895 965 Ges

105 1064 159 1101 vt,
193 1055 278 1092 Non
311 1048 445 1102 obtusa'
466 1050 556 1089 adeo
585 1048 762 1105 gestamus

101 1111 248 1163 pec‘iora
261 1107 377 1146 Poeni
389 1110 508 1158 (Aen.
523 1120 550 1155 1,
565 1108 690 1158 567).
712 1107 761 1144 D.

163 1166 252 1202 Non
281 1164 370 1201 adeo
399 1162 617 1216 inhumano]
652 1163 763 1211 Quo-

106 1222 210 1260 niam
251 1219 470 1258 meretrices
507 1218 554 1257 ab
588 1217 763 1256 amatori-

108 1278 177 1316 bus
198 1274 271 1314 suis
292 1274 395 1326 quali
416 1271 594 1325 quasdam
605 1274 764 1325 exigant

107 1344 263 1385 poenas,
286 1331 376 1369 ideo
396 1328 435 1369 se
455 1339 612 1382 purgat,
645 1340 690 1378 vt5
711 1327 767 1366 di-

111 1401 189 1436 cat,
220 1401 301 1425 non
321 1397 396 1425 tarn
417 1386 633 1424 inhumano
654 1384 768 1436 inge-

108 1446 175 1483 nio
199 1441 234 1482 se
254 1440 352 1487 esse,
380 1452 431 1491 vt,
465 1454 571 1480 amor
592 1439 687 1491 quid
709 1440 762 1487 fit,

109 1502 281 1555 ignoret.
334 1500 378 1536 E.

165 1558 263 1598 Cum
275 1554 454 1606 plerique
463 1550 574 1590 codd.
585 1550 767 1598 habeant,

109 1613 196 1652 Sum
215 1612 368 1666 mgmio,
394 1607 666 1660 reponendum
678 1619 768 1645 ceu·

109 1667 186 1716 seo,
199 1668 252 1706 N.
265 1681 297 1705 a.
310 1668 334 1704 i.
355 1667 417 1719 e‘go
428 1664 514 1715 sitm
533 1664 612 1718 ing.
668 1665 707 1701 B.

156 1736 220 1776 ,42
251 1723 382 1774 Neque
400 1734 475 1760 tam
506 1718 695 1771 imperita]
726 1716 769 1766 Id

115 1778 187 1825 est,
221 1791 302 1817 non
321 1787 489 1828 experta.
550 1775 601 1815 Vt
618 1774 711 1827 quid
729 1787 768 1812 a·

112 1850 194 1875 mor
217 1834 360 1881 valcat,
399 1831 570 1885 mfiiam]
601 1834 691 1871 Non
717 1832 772 1869 in·

115 1890 296 1935 humana,
326 1889 415 1940 quia
435 1888 550 1926 homo
560 1901 571 1936 ς
603 1899 684 1925 nou
707 1887 772 1924 im-

109 1949 254 2003 perita,
284 1945 371 1997 quia
388 1942 583 1982 meretrix.
642 1944 689 1981 Et
715 1954 773 1980 ne-

111 2017 180 2059 que
203 2015 279 2041 tam
299 2002 470 2052 imperita
487 1998 637 2050 inquit:
670 1995 773 2047 quafi

115 2060 229 2105 dicat,
250 2060 390 2108 Neque
411 2066 486 2095 tam
507 2054 647 2106 pudica
673 2050 768 2102 sum,

117 2127 179 2165 vt,
213 2113 308 2166 quid
344 2125 450 2151 amor
483 2111 625 2160 valeat,
656 2106 775 2149 nesci-

118 2184 193 2210 am.
249 2173 297 2211 D.

173 2238 224 2278 43
259 2226 310 2281 Te
328 2237 471 2278 quoque
488 2225 562 2263 iam
577 2253 587 2271 ,
636 2221 773 2275 Thais]

121 2284 231 2322 Bene
255 2294 422 2335 quoque:
451 2293 534 2319 non
565 2278 672 2318 enim
698 2278 776 2316 iam

123 2336 225 2376 hane
251 2337 302 2375 ita
328 2347 444 2386 amat,
471 2346 512 2375 vt
538 2334 713 2388 negligat
737 2333 778 2371 il-

125 2393 221 2432 lam:
251 2389 431 2432 sed‘hanc
454 2392 556 2430 illius
576 2388 704 2430 causa.
731 2391 778 2430 D.

177 2460 233 2500 44
263 2449 335 2487 Pol
358 2447 428 2489 tibi
455 2446 501 2486 ab
519 2446 638 2500 istoc,
673 2445 777 2494 hera,

128 2504 351 2558 cauendum]
400 2506 548 2557 Facete.
600 2512 783 2553 tanquam

129 2560 197 2610 qui
227 2557 342 2598 soleat
369 2561 547 2611 capillum
573 2568 612 2597 et
641 2557 785 2598 vestem

130 2617 218 2656 eius
249 2613 517 2666 conscindere,
543 2628 662 2669 quam
688 2625 786 2655 ama·

131 2673 250 2716 uerit.
305 2675 355 2712 D.
397 2676 409 2688 ⁶

1394 902 1469 945 Te

865 1051 964 1088 Tres
977 1045 1088 1085 codd.
1099 1055 1186 1084 vett.
1197 1044 1298 1082 reae
1309 1042 1467 1089 habent,

810 1103 902 1200 ’ἔξω
918 1104 986 1200 pssl
1002 1104 1047 1141 ab
1066 1102 1153 1153 tstoc
1167 1099 1248 1147 tlbt',
1268 1100 1366 1148 hera,
1389 1110 1467 1137 cau.

868 1283 922 1325 45
951 1270 1047 1309 Non
1088 1267 1219 1322 aufi'm]
1266 1271 1359 1316 Pro,
1394 1279 1472 1305 non

813 1325 973 1366 audebo:
1012 1336 1050 1364 et
1084 1325 1138 1364 est
1173 1324 1333 1364 verbum
1359 1322 1472 1361 huius

815 1382 997 1433 temporis
1011 1392 1170 1420 tantum.
1227 1381 1318 1419 Non
1338 1378 1471 1431 aufim]

815 1440 955 1477 Vtrum
992 1448 1152 1488 propter
1190 1433 1392 1476 aetatem?
1421 1447 1473 1472 an

818 1505 974 1545 propter
991 1493 1145 1531 fratrem
1167 1490 1269 1530 suum
1292 1489 1476 1529 Phaedri-

817 1564 879 1588 am
914 1549 1071 1600 potius?
1105 1546 1239 1587 ,Nihil
1270 1545 1341 1586 tibi
1377 1546 1476 1599 quic-

817 1605 949 1658 quam]
976 1610 1132 1650 παρέλκων
1144 1613 1329 1654 quartum.
1349 1613 1412 1640 aut
1423 1605 1476 1640 ni-

818 1661 881 1708 hil,
898 1674 968 1712 pro
988 1673 1075 1699 non.
1133 1658 1309 1711 Defi'nas]
1339 1655 1411 1697 Pio
1424 1670 1474 1696 eo

819 1716 926 1769 quod
947 1716 1009 1765 est,
1031 1713 1154 1767 destne.
1185 1725 1251 1753 aut
1262 1713 1368 1752 deest
1375 1714 1477 1766 fac.-

818 1784 858 1814 vt
876 1771 930 1818 fit,
940 1771 1011 1823 fizc
1030 1770 1177 1821 desmas.
1236 1772 1285 1809 D.
1444 1815 1445 1818 Ἴ

874 1829 967 1868 Non
1006 1826 1133 1881 ausim]
1173 1825 1374 1876 Quoniam
1402 1827 1479 1876 Py-

820 1884 919 1923 thias
947 1884 1113 1929 dixerat,
1148 1881 1367 1921 timendum
1397 1876 1477 1918 esse

821 1940 1004 1979 dominae
1039 1937 1276 1986 Chaeream,
1306 1936 1380 1975 hoe
1412 1936 1478 1983 est,

821 2010 874 2036 ne
913 2008 1025 2047 quam
1064 1995 1142 2034 vim
1170 2004 1381 2046 pateretur,
1423 2005 1481 2031 re-

821 2050 977 2104 spondit
996 2051 1074 2096 ille,
1094 2063 1174 2089 non
1195 2049 1334 2089 auden.
1364 2046 1430 2086 scit
1444 2060 1482 2086 e-

822 2109 907 2150 uim
926 2107 1049 2147 fratris
1069 2107 1232 2146 amicam
1253 2102 1343 2144 effe.
1381 2108 1426 2144 E.

877 2231 933 2273 47
961 2218 1042 2273 Ego
1070 2232 1125 2256 me
1158 2231 1240 2257 tuae
1273 2215 1485 2255 commendo

825 2286 864 2318 et
887 2278 1070 2316 committo
1087 2273 1197 2328 fidei]
1226 2274 1322 2314 Satis
1343 2282 1487 2312 amato-

828 2345 906 2381 ne,
936 2341 974 2369 vt
993 2341 1173 2382 appareat
1190 2342 1293 2368 nunc
1315 2339 1488 2368 maxime

831 2398 982 2440 captum
1001 2386 1239 2434 Chaeream,
1272 2398 1314 2424 ac
1338 2384 1489 2426 manci-

833 2443 1130 2498 patumvirgini.
1187 2442 1490 2480 Commendamus

834 2513 907 2540 nos
944 2499 1128 2553 cognitis:
1165 2498 1436 2537 committimus
1461 2496 1491 2534 i-

836 2557 977 2610 gnotis.
1031 2558 1135 2607 Ergo
1163 2554 1298 2600 αὸξησις
1325 2553 1379 2592 est
1412 2565 1491 2590 ma-

835 2613 927 2652 ioris
948 2611 1078 2661 officii,
1092 2609 1259 2664 fideique
1283 2608 1492 2649 circaTha-

837 2669 957 2710 idem.
1008 2670 1057 2711 D.
