1815 3168
630 181 922 227 ANDRIA.

1359 196 1449 251 189

226 306 344 354 Mihi
377 306 430 352 ad
443 305 554 352 hanc
576 323 670 353 rem
696 321 918 371 expromta
932 312 1140 356 memoria
1153 323 1279 375 atque
1290 314 1451 363 astutia.

223 380 342 429 ΜΥ.
384 381 606 435 Quidnam
641 385 926 447 incepturus?
961 383 1009 431 D
1026 397 1121 430 AV.
1157 391 1301 452 accipe
1330 408 1353 435 a
1380 408 1451 438 me

324 457 443 502 hunc
469 459 604 511 ocius,

137 548 198 579 10
230 533 376 592 Atque
397 542 494 577 ante
514 532 702 579 nostram
724 536 898 579 ianuam
919 551 1106 598 appone.
1132 533 1234 581 MV.
1262 537 1450 592 obsecro,

225 607 461 652 Humine?
499 604 546 653 D
563 621 593 652 A
608 621 653 655 v.
690 625 739 654 ex
761 626 832 654 ara
852 610 954 655 hinc
974 610 1092 656 sume
1123 611 1329 658 verbenas
1357 614 1451 666 tibi,

93 820 200 859 enim
218 820 260 858 in
279 820 402 874 gestu,
423 834 538 874 quam
557 825 596 863 in
610 826 746 865 oratio·

91 889 145 916 ne
164 875 216 914 est
234 877 448 919 constituta.
506 879 632 931 Myfi‘s‚
651 895 747 920 nunc

91 942 179 983 opus
215 931 285 986 qli]
333 936 576 985 Proper-antis
611 949 651 976 et
679 939 747 976 im-

93 985 212 1037 pense
229 990 381 1040 agentis
400 992 501 1029 Daui
513 992 626 1032 verba
638 1007 747 1033 mon-

92 1043 263 1082 strantur.
321 1048 372 1086 D.

151 1105 172 1146 8
213 1100 440 1154 Expromta]
488 1105 532 1142 In
569 1103 745 1143 medium

93 1156 251 1206 prolata.
310 1158 497 1197 Memoria
527 1173 637 1212 atque
657 1159 745 1211 ‹fiu-

95 1213 175 1260 tia]
225 1212 436 1262 Memoria,
480 1226 516 1253 vt
543 1227 746 1268 praecepta

92 1267 198 1306 Daui
240 1268 415 1307 retineat.
481 1270 653 1321 Astatia,
698 1272 746 1310 ad

95 1321 292 1374 agendum
319 1322 472 1362 strenue
501 1340 600 1376 quae
629 1328 747 1377 impe-

96 1388 165 1415 ret.
243 1378 461 1432 Memoria]
518 1383 748 1433 Simpliciter

96 1433 232 1485 magiS,
257 1445 294 1471 vt
312 1447 459 1474 memor
480 1435 745 1488 fitDauiprae-

98 1499 311 1538 ceptorum.
368 1493 415 1530 Et
442 1496 634 1540 memoria,
670 1507 748 1531 mo—

97 1544 147 1582 do
177 1557 246 1594 pro
280 1545 548 1598 intelligentia.
576 1559 612 1586 vt
642 1551 748 1602 Virg.

95 1601 213 1651 (Aen.
235 1613 280 1648 11,
299 1603 413 1654 244.)
439 1602 610 1653 instamus
629 1617 750 1644 tamen

96 1657 330 1694 immemores.
386 1656 436 1696 D.

152 1711 360 1761 Expromm
396 1712 559 1768 malitia]
605 1715 645 1759 Id
681 1715 744 1757 est2

98 1766 298 1805 manifesta
327 1767 535 1808 calliditate
573 1783 668 1821 opus
695 1770 748 1809 est

96 1832 135 1862 et
159 1821 300 1861 astutia.
354 1826 398 1864 E.

151 1877 359 1928 Expromta
386 1877 578 1937 memoria]
625 1885 671 1923 V.
701 1884 744 1924 C.

95 1934 249 1972 malitia.
305 1938 344 1975 L.

150 1992 222 2029 Pro
260 1993 436 2030 memoria
463 1995 670 2034 Vaticanus
706 1995 748 2033 li-

96 2044 176 2092 ber,
202 2044 440 2096 Bafilicanus,
463 2060 502 2088 et
527 2051 643 2101 aliqui
672 2051 747 2099 alii,

98 2113 193 2152 quos
223 2098 388 2153 inspexit
414 2107 593 2154 Faernus,
621 2107 659 2145 it.
678 2110 750 2147 Eu-

97 2155 277 2208 graphius
295 2159 432 2211 legunt
451 2161 605 2210 malitia,
633 2164 748 2211 recle,

97 2210 137 2250 h.
161 2225 203 2260 e,
232 2213 433 2264 calliditas,
462 2217 646 2256 vafrities.
704 2222 749 2257 In

101 2267 327 2317 quibusdam
379 2282 556 2324 corrupte
607 2274 752 2327 legitur

101 2326 244 2363 militia.
303 2329 340 2366 Β.

162 2391 206 2420 11
249 2379 311 2418 Ex
335 2395 401 2420 ara
427 2382 512 2422 hinc
531 2384 639 2435 fitme
668 2399 751 2424 ver-

104 2431 210 2471 benas
231 2434 315 2490 tihi]
351 2440 413 2477 Ex
428 2452 506 2487 ara,
533 2438 674 2479 scilicet
693 2445 749 2481 A-

105 2489 257 2538 pollinis
276 2492 382 2543 ·(vid.
414 2494 514 2534 infra
541 2497 749 2537 Lindenbr.

104 2544 311 2585 Caeterum
345 2561 413 2597 pro
437 2554 543 2594 δήλων
577 2551 648 2592 Ms.
684 2556 751 2592 Bo-

104 2598 194 2642 end‚
226 2611 266 2639 et
297 2603 358 2641 ed.
386 2608 448 2645 Du
476 2609 515 2647 Β.
544 2609 641 2661 legit
665 2609 753 2660 Cast

95 2653 210 2708 fian.)
225 2687 234 2705 ,
264 2669 380 2709 quem
401 2661 508 2707 δήλων
526 2665 753 2705 Menander

1303 708 1451 768 Atque

795 836 926 871 vocat,
965 836 1028 866 aut
1055 826 1158 878 quod
1187 828 1364 878 Apollini
1391 840 1452 866 co-

795 883 950 921 moedia
970 882 1091 921 dicata
1110 883 1181 922 est:
1209 884 1249 921 in
1263 885 1369 921 cuius
1384 883 1452 922 lio-

796 951 930 976 norem
948 953 1055 977 aram
1072 938 1363 987 constituebant,
1391 952 1451 977 co-

796 994 988 1033 moediam
1017 995 1269 1034 celebrantes.
1327 996 1451 1046 Apol-

794 1050 865 1089 lini
905 1063 999 1103 ergo
1031 1051 1257 1099 comoedia,
1309 1051 1450 1091 Libero

795 1107 895 1157 patri
925 1106 1132 1158 tragoedia.
1189 1107 1297 1145 Sume
1330 1106 1453 1145 verbe-

795 1175 860 1200 nas
890 1161 979 1216 tibi]
1035 1161 1214 1201 Verbenae
1245 1162 1345 1213 quasi
1374 1163 1451 1201 hcr-

796 1216 914 1264 hcmze,
938 1217 1161 1257 redimicula
1183 1215 1267 1256 sunt
1290 1232 1452 1258 ararum.

802 1273 903 1327 Tibi]
954 1274 996 1311 τὸ
1029 1273 1126 1319 tibi,
1166 1273 1267 1324 quafi
1301 1273 1452 1327 gestum

797 1330 992 1379 quendam
1006 1340 1044 1367 et
1055 1340 1204 1368 motum
1215 1329 1452 1368 stomachan-

796 1386 842 1422 tis
870 1384 1006 1424 habet:
1047 1395 1084 1423 vt
1107 1384 1220 1433 alibi,
1254 1388 1359 1440 ‚Quid
1392 1388 1452 1424 vis

797 1439 890 1481 tibi?
919 1445 976 1487 Et,
998 1439 1068 1479 tibi
1079 1440 1198 1490 sume,
1217 1440 1331 1481 dixit:
1356 1455 1450 1488 non,

798 1493 867 1533 tibi
891 1494 1090 1545 fitbsterne.
1148 1495 1210 1534 Ex
1247 1511 1315 1535 ara
1341 1497 1451 1546 firme

798 1549 992 1604 verbenas]
1025 1550 1206 1590 Verbenae
1220 1549 1305 1590 sunt
1316 1564 1451 1591 omnes

799 1606 944 1646 herbae
980 1605 1215 1658 frondesque
1251 1606 1367 1646 festae
1402 1607 1450 1646 ad

798 1675 879 1700 aras
910 1663 1168 1700 coronandas:
1221 1664 1282 1701 vel
1313 1676 1451 1702 omnes

796 1716 938 1755 herbae
956 1715 1188 1768 frondesque
1197 1731 1246 1757 ex
1256 1719 1385 1769 aliquo
1398 1720 1454 1756 lo-

797 1787 841 1811 eo
870 1787 967 1823 puro
987 1773 1202 1824 decerptae.
1269 1776 1450 1813 Vei-henne

797 1840 922 1867 autem
957 1829 1098 1878 difiae,
1134 1828 1234 1880 quasi
1262 1829 1451 1872 hei-beffiae,

793 1883 841 1922 fic
860 1885 1081 1925 Menander
1115 1887 1128 1906 '⁶
1156 1890 1367 1931 ΚοΔΕΞιΑο
1385 1899 1452 1926 στ-

795 1939 1018 1980 MT'PPT'NAC
1068 1952 1374 1981 xchA10†i›iN1¹
1429 1942 1452 1963 ¹⁴

796 1998 866 2048 (Io.
893 1996 1069 2037 Clericus
1103 1995 1298 2035 restituere
1324 2000 1452 2037 locum

797 2063 1017 2104 corruptum
1073 2053 1124 2090 ita
1169 2052 1223 2091 est
1274 2065 1450 2093 conatus:

797 2106 995 2151 σκολῑῖῲασσι
1032 2106 1076 2145 cz>
1104 2110 1262 2158 μυῤῥίνκς
1287 2112 1367 2155 τῇδε
1400 2106 1452 2146 ἓκ·

798 2181 899 2212 reme,
929 2163 965 2203 h.
993 2176 1026 2203 e.
1055 2164 1192 2214 euulsbs
1210 2178 1372 2214 myrteos
1392 2178 1454 2203 ra-

798 2233 874 2258 mos
903 2219 969 2258 huc
997 2221 1159 2259 extende.
1218 2222 1373 2271 Propius
1404 2220 1453 2260 ad

800 2275 956 2328 vestigia
984 2287 1121 2322 vetera,
1149 2275 1309 2325 opinor,
1338 2277 1407 2314 ἂπδ
1425 2276 1454 2313 δ’

800 2332 914 2374 ἑστίας
951 2329 992 2368 σύ
1027 2333 1200 2384 (affl-2:42,
1247 2331 1305 2369 ἐσὲν
1353 2331 1449 2380 ἔχῃς,

798 2391 949 2426 διατεῖνε.
970 2386 1246 2427 Phileleuterus
1257 2387 1455 2439 Lipsienfis

800 2441 999 2494 postquam
1018 2443 1212 2483 clei-icum
1237 2456 1293 2480 ex:
1308 2444 1455 2495 gitauit,

799 2501 849 2537 ita
868 2499 995 2536 locum
1021 2497 1220 2536 restituere
1245 2499 1456 2538 Menandri.

802 2554 985 2593 tentauit:
1016 2554 1083 2592 ἆπδ
1102 2557 1207 2600 ἒεξιᾶς
1227 2571 1275 2591 σοι
1306 2557 1454 2605 μιιρῤένκις

801 2615 922 2650 megs-c
950 2615 1044 2655 λάβε.
1089 2609 1342 2662 ΡΜΙηι-ςγνίαες
1355 2613 1456 2649 (jan-

801 2665 1036 2718 tabrigienlis
1059 2666 1200 2706 Clerici
1230 2679 1349 2719 agens
1370 2679 1456 2761 qau-

1391 2736 1452 2762 am
