1815 3168
574 97 986 145 EVNVCHVS.

241 223 356 276 Tu.
394 226 519 282 Quid
541 224 630 273 est?
668 219 781 271 GN.

341 304 483 368 supra.

1375 95 1466 155 363

818 224 976 276 facete,
1008 221 1168 288 lepide,
1199 221 1327 276 laute,
1361 221 1472 268 nihil

243 374 486 431 Tuumne,
538 376 714 426 obsecro
746 385 814 431 te,
853 374 943 422 hoc
974 370 1144 422 dicium
1175 367 1300 425 erat?
1349 382 1474 420 vetus

342 453 522 503 credidi.

114 678 228 717 ratius
249 678 320 723 ait,
349 674 537 716 Foecundi
551 673 687 727 leporis
703 670 771 724 fi-

109 737 216 787 piens
249 730 455 784 fic‘labizur
499 744 623 770 armos
648 745 657 768 :
711 728 772 768 vel

115 789 220 842 quod
239 800 428 828 venantur
446 789 566 834 illum,
591 796 629 825 et
648 781 774 837 perse-

116 847 266 885 &antur
290 857 415 891 canes,
437 857 532 895 quos
552 855 619 893 pro
632 851 773 880 amato-

113 903 218 942 ribus
248 903 472 948 ἀλληγοςικῶς
499 898 772 951 intelligimus:

116 971 157 998 vt
176 955 255 1010 ipse
271 957 481 998 Teoentius
507 956 579 1004 ait,
616 956 775 994 Ceruam

116 1016 239 1054 videre
247 1013 399 1069 filgere‚
417 1012 547 1059 fi’c'lari
568 1023 694 1050 canes:
712 1009 777 1048 vel

120 1069 225 1123 quod
242 1071 350 1109 illum
377 1069 424 1108 fic
451 1066 603 1122 fugiant
626 1078 776 1112 omnes,

121 1126 320 1167 constituat
344 1137 384 1165 vt
409 1124 516 1163 hunc
541 1122 664 1162 libido
684 1119 779 1160 effe·

121 1184 268 1223 minata
284 1184 416 1235 (Forte
431 1181 508 1234 leg.
533 1180 593 1219 vel
608 1178 706 1232 quod
715 1207 723 1226 ‚
740 1174 777 1226 sz

123 1240 225 1280 illum
248 1240 430 1292 liguriunt
449 1236 623 1282 homines,
659 1235 778 1273 conci-

115 1299 245 1350 piatur
282 1307 366 1332 tunc
391 1291 506 1330 libido
532 1290 781 1341 ‹ffb-minatafi

122 1352 186 1391 vel
206 1348 311 1402 quod
331 1363 351 1387 a
371 1346 534 1401 physicis
559 1346 706 1385 dicatur
723 1345 782 1382 in-

126 1407 219 1446 certi
239 1403 367 1452 sextw,
394 1416 437 1443 ac
455 1400 531 1443 effe
549 1400 666 1441 modo
688 1412 782 1448 mas,

125 1462 243 1503 modo
269 1460 425 1502 semina.
486 1459 603 1510 Lepus
629 1467 708 1496 tute
735 1469 782 1501 es,

126 1534 161 1559 et
176 1519 446 1571 pulpamentum
468 1513 629 1567 quaeris]
662 1510 784 1562 Quod

128 1577 170 1614 in
189 1586 229 1613 te
246 1572 377 1619 habes,
409 1571 484 1609 hoc
502 1570 652 1620 quaeris
671 1569 711 1606 in
731 1567 783 1605 al-

129 1643 226 1671 tero.
280 1632 327 1669 Et
348 1627 402 1666 est
431 1624 553 1673 τρόπος
581 1627 781 1670 ἀλληγορία.

129 1689 193 1728 Ha
216 1685 264 1725 ha
283 1685 343 1738 he]
374 1680 555 1724 Parasitus
587 1680 650 1719 hic
669 1680 787 1718 inter-

132 1744 343 1784 ieffionem
384 1736 474 1778 risus
502 1736 668 1776 addidit:
708 1744 787 1787 quo

131 1799 255 1851 magis
272 1807 376 1835 nunc
395 1795 562 1847 primum
580 1792 655 1832 hoc
666 1787 788 1832 audis-

132 1853 170 1895 se
189 1853 373 1893 credatur
431 1853 480 1891 D.

190 1912 304 1962 Lepus
330 1918 408 1948 tute
430 1906 486 1960 es]
523 1905 599 1945 Hic
624 1902 679 1944 est
709 1900 791 1943 sen-

128 1965 214 2012 sus3
245 1978 332 2004 cum
359 1973 442 2002 tute
470 1958 551 2014 ipse
571 1958 714 2012 praeda
734 1958 789 2006 fis,

137 2022 318 2076 praedam
338 2020 499 2071 quaeris.
549 2016 719 2067 Quidam
731 2016 792 2055 in-

136 2080 335 2131 telligunt,
364 2077 482 2128 Lepus
500 2086 576 2113 tute
600 2087 655 2120 es,
686 2071 792 2124 quod

141 2146 275 2174 natura
302 2132 445 2184 leporis
466 2129 550 2169 talis
568 2127 643 2177 est,
672 2139 710 2167 vt
737 2129 793 2167 in-

142 2190 243 2230 cesto
263 2187 350 2228 sexu
371 2188 486 2226 viuat.
538 2188 682 2225 Itemm
700 2195 796 2237 ergo

144 2247 209 2286 hie
229 2243 331 2297 quafi
351 2244 467 2283 taetus
485 2238 721 2282 adolescens.
752 2243 796 2280 E.

204 2303 318 2353 Lepus
343 2311 424 2341 tute
449 2313 502 2346 es,
535 2311 569 2336 et
593 2296 800 2349 pulpamen-

148 2359 244 2412 tum]
278 2357 376 2396 Liuii
403 2354 621 2395 Andronici
651 2352 725 2390 hoc
744 2352 800 2391 di-

149 2415 262 2461 ξὶιιπι,
280 2423 317 2450 vt
334 2414 383 2450 Fl.
403 2407 590 2462 Vopiscus
610 2410 738 2448 auitor
750 2407 801 2448 est

149 2472 191 2509 in
238 2467 493 2508 Numeriano:
542 2464 619 2517 Ipst
653 2465 803 2518 denique

152 2527 289 2566 Comici
302 2522 511 2575 plerumque
518 2519 574 2572 stc
595 2522 729 2560 milites
746 2523 804 2559 in-

152 2584 300 2628 ducum,
320 2591 360 2619 vt
380 2592 437 2618 eos
449 2579 602 2632 faciam
620 2590 745 2618 vetera
754 2576 806 2618 dt-

1357 525 1476 569 Tn-

820 673 880 712 δα
907 669 1098 723 vfitrpare.
1158 666 1264 708 Nam
1302 679 1355 716 et,
1410 666 1481 705 Le-

811 740 883 781 pus
922 740 1001 766 tute
1031 739 1089 772 es,
1142 737 1191 766 et.
1207 725 1482 777 pulpamentum

822 786 971 838 quaeris
990 811 1001 829 ‚
1051 782 1157 820 Liuii
1198 781 1403 820 Andronici
1426 779 1483 817 di-

822 842 918 880 etum
946 838 1010 891 efl:
1048 839 1233 889 multaque
1260 837 1358 882 alia,
1389 848 1485 888 quae

826 896 983 937 Plautus
1003 894 1253 947 Caeciliusque
1264 892 1483 945 pofiterunt.

877 1011 938 1048 Ne
971 1017 1152 1046 accentus
1189 1002 1398 1044 inuenuste
1427 1015 1486 1041 ca-

828 1065 930 1113 dant,
953 1076 1023 1115 pro
1038 1062 1317 1116 pulpamentum
1332 1071 1488 1111 repone

822 1122 1048 1175 pulmentum
1068 1133 1084 1162 ,·
1126 1129 1216 1165 aut,
1265 1117 1488 1170 pulpamem

827 1188 891 1217 aut
924 1175 1045 1228 Lepus
1077 1187 1176 1224 tute,
1211 1175 1490 1226 pulpamentum

829 1245 900 1273 etc.
931 1233 1140 1273 Caeterum
1160 1229 1309 1270 versum
1337 1241 1407 1281 per
1431 1229 1490 1267 in-

828 1289 1133 1340 tei-rogationem
1149 1285 1292 1338 profer.
1348 1288 1388 1324 B.

886 1354 940 1397 37
971 1343 1080 1399 Qid
1104 1341 1206 1396 est?]
1236 1344 1345 1381 Haec
1370 1340 1492 1378 inter-

833 1400 985 1452 rogatio
1010 1397 1157 1451 gestum
1169 1398 1394 1448 vultumque
1403 1408 1493 1434 con-

833 1456 935 1495 tinet
954 1451 1145 1493 cuiusdam
1173 1454 1304 1492 alacris
1324 1462 1363 1492 et
1380 1452 1489 1497 certi,

835 1510 940 1562 quod
979 1509 1193 1548 laudandus
1230 1508 1283 1547 fit.
1341 1506 1493 1560 Facete]

834 1567 986 1607 Facetus
1022 1565 1093 1614 est,
1143 1565 1212 1615 qui
1246 1563 1337 1604 facit
1365 1563 1494 1603 verbis

837 1621 943 1674 quod
971 1621 1062 1660 vult.
1121 1620 1277 1673 Lepide]
1319 1617 1495 1671 Lepidus,
1537 1647 1541 1649 μ

837 1679 904 1730 qui
923 1678 1066 1730 politus
1087 1675 1150 1724 est,
1172 1687 1210 1715 vt
1227 1683 1340 1723 λεπὶς,
1367 1674 1409 1714 id
1430 1673 1495 1723 est,

835 1735 992 1774 lamina.
1051 1731 1188 1786 Lame]
1231 1733 1389 1780 Lautus,
1428 1730 1498 1781 qui

836 1789 1004 1830 mundus
1024 1800 1064 1829 et
1083 1787 1307 1841 splendidus
1326 1786 1390 1827 est.
1421 1789 1471 1827 D.

896 1852 946 1900 38
990 1846 1110 1884 Tuum
1131 1844 1326 1896 obficrone
1348 1843 1415 1882 hoc
1443 1842 1500 1881 di-

839 1903 933 1943 &um
964 1901 1096 1956 erat3]
1128 1902 1176 1941 Et
1202 1900 1320 1948 dieta,
1349 1909 1388 1939 et
1414 1911 1501 1950 pro-

839 1958 983 2006 uei-bia,
1002 1968 1040 1996 et
1054 1956 1277 2012 adagione8‚
1301 1954 1405 2006 quod
1418 1967 1500 1993 rem

841 2024 969 2068 agant,
1000 2012 1132 2053 facetis
1152 2012 1374 2051 hominibus
1394 2004 1500 2049 aseri-

841 2072 1005 2110 buntur:
1047 2080 1086 2109 et
1111 2068 1185 2108 hoc
1223 2067 1347 2106 laudis
1376 2079 1502 2120 genus

845 2126 911 2175 est,
931 2126 979 2165 ad
1003 2127 1174 2176 potiores
1200 2123 1367 2172 referre,
1398 2121 1502 2174 quod

846 2184 939 2222 alter
967 2181 1151 2233 probatur
1186 2177 1334 2219 dixifl'e.
1393 2179 1505 2218 Vetus

847 2238 1005 2291 credidi]
1051 2238 1156 2287 Quia
1195 2237 1327 2275 omnia
1362 2242 1504 2283 vetera,

848 2290 1106 2347 magnasunt.
1160 2295 1210 2333 D.

904 2351 1033 2389 Placet
1051 2359 1140 2389 vett.
1162 2348 1250 2388 edd.
1271 2347 1408 2397 leffio,
1439 2346 1508 2386 Tu-

850 2419 912 2446 um
943 2404 1087 2456 olfiaecro
1107 2418 1149 2443 ne
1169 2405 1237 2443 hoc
1253 2404 1385 2444 dic'tum
1404 2407 1511 2443 erat?

851 2462 891 2502 h.
912 2476 945 2502 e.
972 2476 1044 2514 per
1060 2460 1237 2510 Tmesm‚
1263 2473 1334 2513 pro
1351 2460 1512 2498 Tuumne

853 2517 1012 2569 ohficro.
1024 2518 1084 2558 Sic
1095 2521 1191 2557 Eun.
1207 2530 1260 2565 tv,
1271 2528 1307 2570 4,
1321 2528 1383 2570 53.
1395 2515 1510 2556 Adel.

855 2587 919 2624 111,
932 2587 968 2629 4,
980 2586 1037 2628 19·
1049 2573 1283 2616 Plautsrruc.
1293 2586 1338 2623 u,
1347 2584 1455 2627 7‚42.
1472 2574 1510 2613 B.
