1815 3168
286 135 383 180 622
692 131 847 176 ACT.
883 131 951 174 111.

992 128 1109 174 SCE
1123 129 1182 173 N.
1210 128 1264 174 11.

420 255 512 305 SY.
550 260 614 303 Ita
638 273 728 302 non
750 266 797 302 vt
818 256 935 307 olim,
957 255 1025 301 sed
1047 257 1107 301 vti
1131 271 1262 303 nunc,
1283 254 1377 301 sane
1406 252 1544 301 bona:

419 335 696 395 Minimeque
720 333 870 382 miror,
894 331 1031 376 Clinia
1049 331 1160 375 hanc
1180 327 1210 374 si
1233 329 1415 393 deperit.

329 429 350 460 1
364 425 388 472 5
427 408 512 456 Sed
537 407 667 454 habet
689 418 856 470 patrem
878 404 1097 469 quendam
1119 404 1312 453 auidum,
1335 403 1553 458 miserum,
1588 413 1646 450 ate

522 499 607 547 que
630 482 813 533 aridum,

422 561 632 607 Vicinum
652 558 791 602 hunc:
829 547 1010 601 nostin’?
1046 564 1089 601 at
1109 551 1224 618 quasi
1248 555 1291 605 is,
1307 570 1399 600 non
1422 552 1584 600 diuitiis

422 632 646 683 Abundet‚
670 642 825 691 gnatus
849 633 939 675 eius
962 630 1160 694 profugit
1187 630 1351 691 inopia.
1511 617 1513 619 .

423 711 513 756 Scis
536 705 617 753 effe
636 704 813 757 faS’cum,
837 716 883 751 vt
905 702 1035 755 dico?
1070 700 1166 752 CH.
1202 703 1307 765 quid
1329 719 1411 763 ego
1434 697 1650 754 nesciam?

421 785 669 835 Hominem
702 779 882 845 pistrino
918 780 1117 841 dignum.
1169 776 1257 826 SY.
1311 794 1444 843 quem
1465 778 1486 825 ?
1534 775 1581 826 C
1596 791 1643 824 Η.

521 856 658 905 istunc
687 855 906 902 seruolum

341 1125 391 1165 13
428 1112 486 1152 Ita
508 1124 583 1151 non
601 1122 643 1150 vt
664 1108 769 1162 olim]
799 1111 946 1148 Praete-

287 1170 360 1210 rita
378 1167 529 1220 semper
549 1163 811 1219 praesentibus
839 1178 946 1217 prae-

285 1226 485 1274 feruntur,
526 1233 566 1262 et
594 1222 718 1275 magis
748 1233 942 1260 commen-

286 1282 437 1322 dantur.
498 1280 544 1320 C.

339 1338 516 1388 Palpatur
537 1332 636 1384 seni,
665 1333 851 1382 temporis
872 1332 945 1371 affl

284 1393 487 1440 laudatori,
510 1390 610 1442 quasi
628 1389 694 1428 illo
713 1389 860 1428 iuuene
868 1386 943 1427 for-

285 1449 470 1490 mofiores
529 1443 687 1486 fuiffent
742 1444 935 1494 homines,

285 1520 402 1560 quam
423 1515 528 1542 nunc
546 1500 642 1541 sunt.
690 1503 738 1541 B.

346 1574 397 1615 14
426 1558 602 1612 Deperit]
632 1556 676 1597 Id
696 1557 770 1604 est,
804 1556 942 1596 arden-

287 1629 348 1658 ter
380 1626 492 1656 amat.
551 1617 647 1654 Nam
680 1623 826 1652 amator
862 1614 945 1652 eius

287 1685 434 1722 amore,
455 1685 570 1723 quam
589 1679 701 1717 amat,
714 1673 836 1722 perire
856 1669 943 1708 dici-

288 1741 362 1769 tur.
423 1731 521 1768 Nam
553 1727 730 1780 perditus
766 1724 836 1777 est,
877 1725 944 1776 qui

284 1783 424 1826 insano
455 1784 508 1824 est
535 1793 664 1834 captus
682 1794 826 1821 amore.
883 1785 944 1820 ln—

271 1843 338 1882 'de
359 1841 533 1887 dicimus,
554 1840 699 1890 deperio
721 1837 831 1876 illam.
866 1839 914 1879 C.

342 1909 391 1949 15
428 1894 606 1947 Aridum]
655 1891 876 1933 Translatio
920 1907 942 1932 a

284 1965 395 2000 terra,
418 1964 518 2004 quae
536 1950 636 1989 nihil
657 1947 816 2000 profert.
847 1950 895 1990 C.

341 2012 391 2051 16
421 2011 475 2047 At
505 2005 614 2059 quast
636 2008 668 2043 is
694 2018 767 2044 non
792 2005 939 2044 diuitiis

281 2064 457 2116 abundet]
488 2065 543 2103 Ex
562 2074 671 2100 more
682 2061 855 2112 inopiam
865 2074 941 2099 ma-

280 2123 320 2160 le
338 2120 482 2161 meritis
509 2117 661 2157 adiecit.
714 2119 757 2156 E.

338 2190 389 2230 17
419 2175 617 2229 Profitgit]
655 2172 859 2224 Superius,
895 2171 939 2211 In

1584 983 1646 1013 20

996 1107 1165 1148 dendam
1188 1109 1228 1148 in
1247 1109 1527 1149 Menedemum
1545 1108 1649 1149 salla-

995 1165 1092 1204 ciam
1118 1176 1277 1216 propter
1293 1177 1510 1217 argentum,
1533 1165 1649 1219 fingit

993 1219 1032 1260 se
1049 1219 1154 1261 irasci
1180 1219 1288 1260 seruo
1311 1221 1484 1267 Cliniae,
1517 1222 1648 1261 Homi-

993 1291 1091 1325 nem,
1123 1278 1271 1328 inquit,
1297 1276 1452 1330 pistrino
1470 1277 1649 1330 dignum.-

994 1334 1055 1371 cui
1076 1334 1256 1387 iungitur,
1278 1337 1342 1386 qui
1351 1332 1474 1385 poffits
1494 1330 1642 1382 idfierzss

993 1389 1147 1431 Callide-
1166 1387 1524 1439 se1·uum‚tanquam
1537 1389 1649 1441 igno·
1669 1401 1673 1404 ·

993 1457 1052 1485 ret
1074 1445 1164 1497 quid
1175 1442 1467 1493 fieridebuifl'et‚
1485 1441 1642 1491 incusat,

992 1512 1031 1540 vt
1056 1502 1244 1540 maiorem
1272 1498 1441 1552 suscipiat
1474 1501 1648 1539 volunta-

990 1568 1082 1596 tem.
1138 1559 1220 1607 Qui
1252 1555 1414 1597 fallendi
1442 1555 1645 1595 dominum

993 1613 1100 1652 hunc
1126 1610 1250 1663 ipsum
1285 1626 1372 1652 curn
1409 1614 1427 1632 '⁶
1459 1616 1541 1664 (Ex
1562 1611 1648 1652 cod.

992 1669 1185 1709 Westerh.
1216 1680 1253 1709 et
1278 1669 1495 1708 coniee‘mra
1518 1669 1647 1707 locum

992 1727 1043 1764 ita
1070 1725 1347 1765 restituendum
1374 1735 1489 1776 puto,
1531 1724 1575 1763 ab
1605 1737 1645 1763 eo

981 1781 1161 1835 fallaciae
1190 1795 1411 1837 argumenta
1447 1779 1644 1835 collegerit,

993 1839 1192 1890 cupiditate
1217 1838 1377 1888 incenfics
1402 1836 1448 1888 est
1475 1840 1538 1888 Z.)
1573 1836 1647 1874 de-

991 1896 1112 1944 nique
1157 1893 1225 1932 fibi
1275 1893 1349 1931 hoe
1397 1904 1644 1944 praeparans,

988 1949 1036 1988 fic
1055 1949 1183 2000 postea
1203 1949 1311 1997 dixit,
1331 1948 1488 1996 Laudas,
1508 1947 1645 2001 quibe-

987 2020 1047 2045 νος
1061 2003 1220 2057 fallunt.
1276 2008 1320 2045 E.

1042 2063 1094 2101 Vt
1110 2058 1302 2099 sententia
1327 2070 1367 2098 et
1384 2058 1507 2099 sermo
1526 2059 1568 2098 {it
1588 2057 1643 2098 sa-

987 2129 1070 2165 nus,
1097 2130 1168 2168 pro
1185 2117 1339 2168 nesciam
1357 2129 1432 2169 ego
1456 2129 1543 2155 cum
1562 2115 1644 2155 Pal-

987 2173 1111 2211 merio
1148 2173 1364 2226 legendum
1400 2169 1561 2219 censeO,
1599 2172 1641 2209 ni
1686 2212 1688 2214 v

280 2231 408 2284 Afi'am
427 2232 477 2270 ad
499 2231 633 2285 Regem
659 2231 861 2269 militatum
878 2226 940 2267 ab·
976 2226 1130 2280 sciam?
1160 2229 1196 2268 h.
1228 2242 1265 2268 e.

1303 2229 1456 2285 Qidni
1480 2242 1544 2283 ego
1563 2226 1640 2278 sci-

279 2293 340 2330 iit.
385 2289 490 2328 Hinc
502 2285 692 2340 profhgus
710 2285 833 2324 difi'cus
852 2296 938 2336 pro·
984 2289 1071 2327 am?
1100 2283 1164 2328 Cf.
1183 2285 1298 2327 Adel.
1317 2299 1374 2336 lv,
1394 2298 1431 2339 5,
1450 2291 1515 2332 28.
1545 2286 1585 2324 B.

279 2348 377 2399 prie,
399 2345 466 2396 qui
486 2342 619 2395 procul
645 2356 668 2381 a
692 2338 843 2381 sedibus
861 2338 936 2380 suis

277 2411 450 2455 vagatur.

1039 2409 1089 2450 19
1134 2397 1330 2437 Hominem
1370 2396 1527 2450 pistrino
1575 2394 1638 2434 di-

343 2465 388 2507 13
421 2456 529 2511 Qyid
553 2468 618 2509 ego
650 2453 852 2508 nestiam'ss
882 2456 935 2494 Vt
978 2453 1110 2509 gnum]
1140 2453 1358 2507 Ambigue,
1390 2467 1439 2492 an
1466 2451 1516 2490 de
1542 2453 1638 2491 Dro-

278 2513 428 2554 facilius
458 2511 608 2551 seruum
634 2509 815 2549 dominus
844 2510 935 2548 inci·
982 2523 1112 2558 mone,
1133 2522 1183 2548 an
1204 2509 1254 2548 de
1275 2512 1385 2562 Syro,
1406 2520 1518 2558 aquo
1528 2506 1635 2547 bene

279 2582 360 2610 tare
382 2565 513 2618 poss'et,
539 2566 642 2618 quod
662 2565 840 2617 cupiebat
858 2563 935 2604 ser·
983 2576 1259 2604 annotarentur
1278 2564 1408 2604 senum
1431 2564 1531 2603 vitia.
1587 2565 1637 2603 Et

280 2641 330 2667 uo
350 2625 565 2666 adiutorem
586 2636 675 2665 eum
685 2620 775 2675 effe,
794 2621 932 2667 adten-
981 2619 1110 2668 seeum
1129 2620 1223 2663 haec
1243 2621 1351 2668 dixit.
1409 2622 1454 2665 C.
