1815 3168
470 135 636 190 ,ΗΕΑ
651 133 1018 178 VTONTIM.

1321 146 1412 191 577

99 283 156 313 20
196 257 415 307 Monuisse
438 258 590 306 frustra
605 277 614 304 z
632 305 634 307 ,
649 274 792 321 neque
820 253 1007 322 potuisse
1031 272 1133 303 eum
1153 274 1345 321 vnquam
1365 258 1415 304 ab

285 337 372 382 hae
395 351 465 380 me
502 334 714 398 expellere

192 411 325 466 Quod
348 423 491 456 tamen
514 427 633 455 nunc
656 409 830 455 faciam:
869 418 978 459 tum,
1001 422 1137 470 quum
1149 416 1320 467 gratum
1333 409 1416 455 mi-

287 486 333 530 hi
360 482 441 530 esse
462 487 620 548 potuit,
646 478 795 530 nolui.¹

189 566 340 610 Nemo
362 559 420 605 est
442 560 635 607 miserior
655 575 742 606 me.
775 556 863 606 S-Y.
903 557 975 604 hic
1011 556 1064 603 de
1094 553 1250 603 nostris
1272 556 1415 605 verbis

289 648 403 681 errat
426 635 637 688 videlicet,

192 716 316 766 Quae
352 712 422 757 hic
444 710 587 756 sumus
616 710 764 756 locuti.
803 707 992 761 eunias
1006 707 1126 755 aliter
1148 716 1276 754 tuum
1299 724 1418 754 amo-

284 802 392 840 rem,
415 797 541 850 atque
562 784 633 839 est,
657 785 840 850 accipis:

57 1007 142 1055 det,
181 1005 439 1045 verecundiae
469 1003 557 1044 ests
592 1006 713 1060 Piget,

57 1063 339 1116 poenitentiae.
396 1065 557 1101 Terent.
596 1062 636 1099 in
665 1067 715 1101 A·

58 1119 223 1170 delphis,
250 1119 397 1157 Fratris
422 1132 477 1156 me
497 1117 717 1170 quidempu-

57 1176 136 1224 det,
159 1178 343 1229 pigetque.
400 1175 446 1214 Et
466 1173 569 1213 bene
591 1174 715 1224 pudet,

58 1232 110 1271 de
126 1230 210 1269 filio
222 1233 262 1270 in
276 1241 436 1281 patrem.
494 1232 540 1268 In
554 1229 711 1277 Andria,

63 1289 160 1327 Tum
176 1290 296 1339 patris
311 1286 447 1338 pudor.
502 1285 711 1339 Cantabat]

58 1346 144 1384 Hoc
160 1342 224 1387 est,
244 1341 473 1392 frequenter
484 1339 647 1384 dicebat,
668 1345 714 1381 Et

59 1397 332 1452 significantius
351 1396 447 1434 dixit
458 1396 643 1435 cantabat.
667 1399 714 1436 Et

62 1455 211 1504 antiqui
230 1466 360 1492 canere
377 1465 449 1503 pro
469 1452 589 1505 eloqui
609 1451 713 1490 dixe-

60 1521 164 1550 runt.
225 1511 275 1550 C.

118 1566 229 1605 Cuius
251 1577 348 1603 nunc
366 1578 421 1602 me
435 1562 570 1617 pudet]
598 1563 716 1603 Patris

59 1634 125 1661 me
143 1619 325 1673 puderet
352 1617 522 1667 miseret,
554 1619 618 1670 qui
643 1618 717 1657 fre·

62 1687 230 1729 quenter
251 1675 385 1714 harum
403 1688 530 1715 mores
541 1676 639 1713 dixit
648 1674 718 1713 mi-

59 1733 115 1781 hi,
137 1743 174 1773 et
190 1730 322 1770 frustra
342 1732 507 1770 monuit.
564 1734 606 1771 E.

116 1790 247 1829 Mores
277 1785 452 1826 cantabat
472 1786 581 1839 mihi]
611 1786 718 1825 Plau-

62 1856 123 1885 tus
145 1845 254 1884 Triu.
277 1856 323 1890 11,
350 1856 388 1891 2,
422 1855 483 1884 10.
541 1843 626 1881 Hoc
644 1840 718 1882 tibi

63 1900 224 1956 quotidie
244 1911 350 1937 canto
371 1912 413 1937 vt
432 1911 568 1937 caueas.
622 1900 663 1937 L.

117 1968 171 1997 20
200 1953 257 1995 Ab
280 1953 365 2007 hac]
397 1955 459 1994 Sic
480 1955 597 2001 dixit,
628 1953 717 2003 quia

62 2012 238 2052 nondum
270 2010 470 2063 appulerat
481 2025 504 2062 ;μ
520 2009 586 2048 effi
612 2007 717 2059 supe-

62 2070 151 2115 rius,
171 2068 238 2107 Me
255 2066 449 2119 destruisli‚
463 2066 610 2104 dixerit.
643 2066 687 2106 C.

115 2122 300 2174 Monmffi·
319 2122 491 2175 frustra]
522 2119 592 2162 Ms.
614 2123 655 2161 R.
678 2130 719 2159 et

65 2184 117 2220 V.
145 2182 189 2222 C.
231 2179 412 2230 Monuisse
429 2177 581 2231 frustra
597 2207 608 2227 ,
654 2176 719 2215 do-

67 2235 128 2275 let.
181 2238 223 2276 L.

120 2291 248 2338 Rffle,
261 2289 310 2328 ob
328 2285 485 2337 versum,
498 2300 635 2327 omnes
646 2286 723 2328 col·

69 2348 219 2397 locant,
244 2359 356 2398 neque
384 2340 464 2384 eum
477 2343 631 2397 potug'ffi’
658 2357 724 2381 vn-

69 2416 192 2456 quam.
247 2405 349 2442 Tum
377 2397 554 2453 expellere
581 2400 723 2445 eloco,

68 2463 196 2506 domo,
217 2457 318 2504 vrbe,
338 2456 489 2505 finibus,
500 2456 658 2508 quidem
668 2469 724 2495 re·

68 2516 128 2554 &e
148 2514 304 2558 (licitum
334 2523 370 2551 at
387 2526 598 2564 nunquam,
622 2511 668 2550 ab
688 2525 725 2550 a·

71 2572 178 2609 mica.
237 2573 340 2621 Ergo
369 2565 520 2621 corrige
547 2567 723 2621 adpellere,

71 2626 163 2680 lue.
193 2625 525 2679 abigerehareeie,
548 2637 586 2664 vr
609 2624 723 2663 plaut.

1297 861 1420 905 Nam

763 1005 872 1045 Trin.
891 1015 959 1051 111,
981 1015 1019 1050 2,
1038 1006 1105 1053 46.
1137 1005 1256 1044 Mei-c.
1282 1013 1363 1048 1‚2,
1384 1012 1420 1052 ς.

765 1072 806 1100 et
852 1060 954 1098 alibi.
1021 1055 1251 1099 Gloffarium
1299 1068 1421 1104 vetus,

764 1115 1085 1169 Aspellit‚.c'mw92f.
1143 1118 1186 1155 B.

821 1184 871 1223 21
910 1172 1023 1220 Tum,
1054 1183 1133 1209 cum
1149 1182 1299 1224 gratum
1329 1169 1422 1209 mihi

762 1227 824 1280 este
848 1227 995 1281 potuit]
1027 1227 1132 1277 Quia
1152 1236 1242 1264 tunc
1268 1221 1420 1266 fuissem

763 1285 860 1336 patri
884 1280 1095 1329 obsecutus,
1116 1292 1155 1320 et
1176 1281 1259 1320 eius
1270 1294 1422 1321 morem

765 1336 951 1392 geffiffem
976 1337 1187 1384 voluntati„
1232 1338 1279 1377 C.

819 1407 872 1435 22
903 1396 981 1434 Hic
1018 1395 1060 1432 de
1097 1392 1231 1443 nostris
1271 1390 1417 1446 verbis]

765 1450 968 1501 Superius,
997 1451 1155 1489 Portant
1174 1449 1264 1501 quid
1286 1461 1422 1492 renam,

765 1519 800 1544 et
831 1518 963 1544 aurum
991 1518 1028 1544 et
1050 1503 1176 1554 vestem
1195 1503 1300 1543 dixit.
1363 1505 1423 1543 Vi-

766 1562 911 1615 delicet]
952 1560 1096 1600 Scilicet
1126 1570 1167 1599 et
1193 1559 1362 1599 videlicet
1390 1561 1424 1597 i-

767 1618 857 1657 dem
876 1616 1087 1670 significare
1113 1615 1291 1655 videntur
1318 1615 1422 1667 quod

768 1687 882 1713 certe:
913 1671 978 1712 sed
1013 1671 1157 1711 habent
1183 1669 1286 1710 vsum
1319 1670 1425 1710 suum

769 1743 840 1782 per
870 1729 1166 1769 amaritudinem
1193 1741 1277 1766 cum
1296 1725 1423 1766 derisu

768 1786 1007 1837 permixtam.
1066 1785 1175 1835 Virg.
1208 1784 1327 1833 (Aen.
1366 1796 1425 1831 w,

768 1844 884 1895 379.)
916 1841 1064 1879 Scilicet
1081 1839 1141 1877 hic
1151 1838 1300 1889 sicperis
1318 1838 1424 1877 labor

767 1898 826 1949 est.
885 1896 1053 1947 Quintil.
1085 1896 1170 1934 Hoc
1187 1895 1426 1935 videlice-cex-

753 1953 939 2005 spefttlssl'.
998 1951 1041 1991 C.

819 2021 874 2060 24
918 2009 1019 2047 Nam
1058 2019 1095 2044 et
1126 2005 1264 2059 vita’st]
1300 2007 1426 2045 Prima

765 2062 1029 2117 propositione
1051 2062 1183 2102 volens
1202 2060 1330 2100 seruus
1358 2059 1428 2100 sol-

768 2133 863 2159 uere
901 2132 1071 2160 errorem
1088 2115 1321 2169 ‘suspicionis
1347 2119 1426 2159 Cli-

770 2178 859 2216 niae
879 2175 989 2223 dicit,
1021 2188 1056 2213 et
1073 2176 1152 2213 vita
1179 2171 1224 2223 est
1243 2174 1363 2212 eadem
1388 2188 1424 2211 a·

769 2235 902 2278 micae,
933 2245 967 2269 et
997 2233 1139 2268 animus
1165 2228 1224 2267 ille
1241 2233 1306 2282 qui
1323 2233 1424 2270 circa

770 2303 806 2328 te
839 2289 940 2339 fuit.
1015 2289 1164 2326 Verum
1208 2283 1425 2325 meminisse

761 2343 962 2391 ndebemus
989 2341 1083 2380 duas
1109 2354 1169 2379 res
1189 2339 1266 2381 esse
1286 2354 1426 2393 propo-

770 2399 877 2446 fitas‚
907 2409 946 2438 vt
973 2409 1011 2437 et
1038 2399 1269 2436 vim‘eadem
1290 2398 1425 2447 probe-

772 2468 843 2502 tur,
863 2465 902 2493 et
919 2455 1012 2494 idem
1032 2456 1184 2493 animus.
1239 2454 1366 2492 Potuit
1386 2465 1428 2491 e·-

774 2513 857 2551 nim
880 2512 920 2549 in
946 2510 1082 2550 eadem
1101 2509 1266 2548 munere
1285 2508 1427 2548 castitas

774 2565 1028 2619 perseuerare,
1048 2577 1085 2604 vt
1104 2563 1197 2605 esset
1214 2565 1353 2604 eadem
1377 2567 1427 2604 vi-

774 2635 828 2671 ta,
858 2636 938 2662 nou
965 2633 1094 2665 tamen
1123 2621 1228 2662 idem
1257 2622 1425 2660 animus:

888 2679 922 2717 O
939 2692 959 2717 o
1305 2678 1430 2729 potuit
