1815 3168
288 157 381 205 ¹30

673 138 826 184 ACT.
859 135 932 183 111.
975 133 1174 179 SCEN.
1208 132 1244 181 1.

422 264 537 316 MY.
573 268 695 314 Nam
721 262 842 327 quod
865 255 1113 327 peperiffet,
1141 255 1255 304 iuffit
1272 256 1383 305 toni.
1417 255 1497 306 Sl.
1536 275 1564 307 o
1588 261 1662 307 Iu-

521 344 635 406 piter
654 337 664 388 !

429 416 555 474 Quid
590 432 673 476 ego
713 412 879 459 audio?
917 401 1134 462 astum’st,
1182 405 1396 473 fiquidem
1429 409 1535 457 haec
1562 426 1666 458 vera

494 499 496 501 ’
526 490 757 557 praedicat.

426 565 509 616 LE
523 581 559 613 5.
594 569 771 612 Bonum
793 560 1023 623 ingenium
1041 576 1189 606 narras
1223 547 1519 609 adolescentis,
1553 558 1667 608 MY.

531 652 783 705 optumum.

432 717 518 767 Sed
550 716 726 779 sequere
746 727 817 760 me
836 713 982 766 intro,
1024 726 1083 758 ne
1116 711 1162 759 in
1194 726 1321 757 mora
1348 705 1413 757 ini
1432 709 1498 757 fis.
1535 707 1670 757 LEs.

534 792 704 855 sequor.

345 888 406 923 10
441 866 577 916 DAv.
603 863 739 920 Quod
759 862 1006 910 remedium
1027 877 1147 909 nunc
1167 860 1272 909 huic
1291 860 1406 908 malo
1417 860 1675 908 inueniam?

537 939 568 988 S
584 955 616 987 1.
654 938 761 1003 quid
779 938 900 986 hoc?

441 1016 626 1067 Adeone
650 1013 709 1063 est
730 1012 944 1084 demens?
981 1028 1032 1060 ex
1053 1013 1318 1079 peregrina?
1355 1013 1442 1060 iam
1463 1010 1562 1066 scio,
1596 1007 1674 1059 ah!

311 1239 447 1282 facete.
506 1237 584 1277 Aut
610 1235 670 1276 hic
701 1233 867 1288 fierdus,
902 1234 971 1287 qui

310 1297 447 1336 audire
467 1307 547 1333 non
569 1292 696 1343 poffit:
727 1305 795 1331 aut
805 1291 973 1330 haecma-

310 1352 470 1405 tasszc‘ta
503 1347 574 1399 sit,
609 1361 663 1387 ne
688 1348 798 1398 possit
831 1345 973 1386 dicere.

312 1412 389 1448 Aut
408 1407 466 1444 hic
475 1403 636 1453 fier-dus,
667 1416 735 1442 aut
765 1402 851 1441 haec
869 1414 975 1441 muta

303 1464 408 1517 fadi
430 1460 502 1515 fit]
546 1458 707 1504 σύλληψις
739 1471 812 1511 per
853 1469 977 1512 gene-

317 1534 373 1561 ra.
433 1520 483 1559 D.

372 1578 399 1617 6
431 1569 532 1625 Juffit
568 1570 669 1625 tolli]
716 1572 827 1610 Haec
854 1568 910 1609 est
937 1567 977 1608 fi-

317 1632 409 1671 des:
438 1627 572 1679 suscipi
591 1625 690 1666 filios
707 1626 904 1679 legitimos
926 1623 980 1665 fa-

321 1689 430 1726 ciunt
459 1692 650 1737 parentes.
692 1685 781 1733 (Pro
805 1694 981 1734 parentes

317 1743 438 1783 habet
457 1737 526 1781 ΜΓ.
545 1738 667 1778 Hulst.
687 1749 727 1777 et
747 1735 808 1777 ed.
829 1740 981 1777 Veneta

318 1810 482 1849 vti-aque
509 1806 654 1849 partus.
709 1795 824 1833 Forte
844 1793 981 1846 legen-

319 1855 432 1894 dum:
463 1853 563 1891 Haec
585 1850 631 1902 est
639 1847 744 1902 fides,
765 1848 909 1902 fics'cipi
929 1845 980 1898 fi.

321 1913 392 1951 lios
412 1910 611 1963 legitimos,
629 1905 729 1959 quod
743 1905 902 1956 faciunt
916 1917 980 1955 pa-

322 1979 456 2006 rentes.
511 1962 588 2004 Sed
613 1961 812 2014 postquam
832 1960 982 1999 intelle-

323 2024 376 2068 xi,
404 2023 445 2060 in
462 2017 531 2060 Ms.
548 2017 696 2064 Boend‚
719 2027 760 2056 et
780 2016 841 2056 ed.
860 2019 924 2057 Du
941 2018 982 2055 B.

326 2092 396 2132 pro
423 2088 590 2130 parentes
615 2070 693 2113 effe
714 2084 866 2125 partus,
895 2084 985 2110 con-

327 2135 435 2183 iicio}
456 2129 670 2185 legendum
695 2125 793 2176 effe,
817 2125 986 2181 fiascepti

319 2189 397 2243 filii
431 2188 612 2242 legitimos
638 2185 794 2238 faciunt
816 2184 984 2238 partus).

327 2250 374 2288 Et
395 2243 554 2284 sublatio
573 2242 700 2281 matris
728 2240 782 2280 est
803 2253 811 2277 :
857 2239 985 2291 patris,

328 2303 477 2341 tollere.
534 2298 693 2351 Iupiter!
724 2295 816 2349 quid
830 2309 896 2350 ego
925 2307 989 2333 au-

328 2358 446 2412 di0?]
479 2358 586 2394 Bene
612 2350 756 2393 rursum
789 2351 989 2390 adducitur

329 2414 376 2453 ad
408 2410 721 2464 desperationem
755 2405 872 2448 senex
899 2409 988 2460 My-

329 2469 416 2509 fidis
435 2467 574 2507 verbis.
629 2467 679 2509 D.

383 2537 411 2576 7
440 2525 571 2563 smum
597 2520 661 2576 qli]
691 2522 737 2560 In
759 2516 904 2558 summa
928 2532 987 2559 re-

328 2594 416 2622 tum
440 2576 711 2630 desperatione
728 2576 905 2630 ponitur,
935 2577 986 2617 A·

1591 1087 1678 1135 Vix

1021 1236 1116 1276 c‘tum
1137 1231 1196 1286 est,
1221 1233 1340 1283 Ilicet,
1367 1231 1522 1284 Periisti.
1569 1233 1680 1270 Haec

1023 1305 1082 1331 res
1109 1288 1325 1329 seeundum
1355 1289 1414 1327 ius
1446 1287 1562 1326 ciuile
1589 1286 1681 1325 dici-

1024 1358 1104 1385 tur:
1134 1345 1177 1383 in
1206 1357 1285 1395 quo
1312 1354 1487 1391 cauetur,
1514 1355 1568 1382 ne
1594 1341 1682 1393 quis

1024 1415 1108 1441 rem
1140 1400 1260 1439 aetam
1288 1399 1391 1451 apud
1409 1399 1556 1438 iudices
1573 1410 1684 1448 repe-

1026 1468 1089 1497 tat.
1149 1456 1212 1497 Sic
1252 1454 1333 1506 ipse
1361 1457 1404 1495 in
1434 1454 1684 1502 Phormione,

1025 1513 1169 1561 «derum,
1192 1513 1309 1560 aiunt,
1332 1525 1376 1551 ne
1394 1525 1496 1567 agas.
1551 1513 1602 1552 D.

1084 1575 1107 1618 8
1148 1567 1291 1608 Bonum
1318 1567 1529 1624 ingenium]
1576 1566 1686 1621 lnge.

1028 1627 1147 1673 nium,
1170 1634 1355 1663 naturam.
1410 1626 1460 1664 D.

1089 1693 1140 1722 10
1167 1680 1275 1736 Qid
1300 1678 1420 1735 ἰαυοῖ]
1468 1679 1610 1719 Secum
1634 1675 1688 1718 se·

1029 1748 1110 1776 nex
1142 1738 1380 1781 {mma-mag:
1426 1733 1535 1776 deest
1565 1735 1688 1783 enim,

1030 1795 1088 1833 rei
1109 1791 1166 1844 eft.
1224 1794 1277 1833 D,

1088 1859 1134 1890 11
1167 1848 1316 1888 Adeone
1332 1846 1379 1900 eft
1396 1848 1559 1888 demens?
1574 1855 1690 1897 expe·

1029 1904 1198 1959 regrina]
1229 1899 1380 1948 ἔλλειψις
1406 1917 1478 1955 per
1501 1898 1688 1945 ἀποσιώπη-

1029 1975 1097 2006 σιν,
1135 1970 1225 2012 apta
1258 1960 1456 2013 cogitanti.
1495 1958 1688 2009 reliquum

1032 2026 1162 2054 autem
1179 2013 1228 2054 fic
1252 2015 1491 2066 pronunciat,
1512 2013 1613 2064 quasi
1632 2025 1690 2052 re·

1034 2082 1144 2124 pei-to
1166 2070 1336 2111 confilio.
1388 2074 1436 2111 Et
1452 2070 1557 2110 bene
1575 2069 1663 2109 adeo
1675 2080 1688 2107 t

1035 2128 1125 2179 quia
1157 2137 1237 2166 tam
1275 2126 1437 2167 demens
1471 2124 1544 2174 est,
1584 2122 1689 2176 quod

1035 2182 1135 2222 amat
1162 2195 1212 2221 ex
1235 2184 1462 2236 peregrina,
1492 2180 1535 2220 id
1560 2180 1616 2220 est
1641 2193 1691 2221 ex

1034 2239 1252 2279 meretrice.
1276 2240 1490 2291 (Corrupta
1508 2238 1621 2276 leffio
1635 2235 1691 2275 est

1036 2295 1113 2334 iarn
1140 2294 1235 2334 inde
1258 2295 1305 2335 ab
1323 2294 1385 2334 ed.
1404 2298 1445 2335 R.
1464 2291 1595 2345 steph.
1615 2294 1693 2332 Ve-

1038 2349 1213 2390 tustiores
1234 2361 1274 2390 et
1292 2349 1367 2393 Ms.
1401 2348 1511 2390 Hulst
1537 2350 1609 2388 ita:
1639 2349 1693 2386 Et

1038 2405 1125 2446 bene
1145 2419 1172 2446 Α
1185 2418 1252 2446 DE
1266 2420 1315 2455 o,
1345 2409 1429 2460 quia
1458 2405 1619 2444 demens
1637 2403 1692 2445 est

1037 2461 1142 2515 quod
1171 2474 1283 2502 amat.
1332 2474 1402 2502 Ex
1425 2471 1693 2502 PEREGR1·

1036 2529 1126 2568 NA,
1157 2518 1200 2557 id
1215 2518 1272 2570 est,
1301 2533 1349 2559 ex
1365 2518 1566 2557 meretrice.
1622 2517 1693 2555 Le·

1034 2587 1115 2629 ge:
1164 2573 1216 2615 Es
1251 2573 1337 2625 bene
1372 2586 1557 2624 Anto,
1603 2572 1692 2624 quia

1615 2639 1693 2666 nm
