1815 3168
331 163 429 219 478

722 155 886 202 ACT.
916 155 976 202 V.
1009 154 1202 203 SCEN.
1230 157 1306 204 ΙΙΙ.

467 283 724 341 Quidnam?
761 284 838 346 qui
857 283 1041 330 referam
1061 282 1122 329 illi
1145 282 1349 346 sacrilego
1371 287 1568 347 gratiam,

467 362 561 416 Qui
582 360 700 406 hunc
725 359 946 424 supposuit
967 358 1126 405 nobis?
1164 357 1261 408 CH.
1291 377 1424 408 moue
1443 379 1548 408 vero
1573 365 1692 409 ocius

466 440 565 489 Te.
618 436 777 482 nutrix.
821 431 913 480 So.
948 448 1127 480 moueo.
1162 428 1268 482 CH.
1301 436 1455 490 video,
1490 436 1561 483 sed
1581 438 1693 485 nihil

564 526 819 576 PYOIUOUeS.

407 601 435 651 5
473 586 569 636 ΡΥ.
612 589 761 631 Iamne
784 581 999 634 ostendisti
1017 581 1136 644 signa
1158 587 1352 632 nutrici?
1392 583 1495 638 (ΞΗ,
1527 591 1691 634 omnia.

465 661 505 712 P
517 675 563 708 Υ.
607 659 804 712 Amabo,
857 660 964 724 quid
1004 660 1091 707 ait?
1141 661 1453 724 cognoscitne?
1495 658 1599 710 CH.
1646 681 1692 710 ac

564 736 836 784 memoriter.

390 970 436 1001 2·
453 940 696 1013 Quidnami]
743 956 807 998 Sic
847 957 988 999 Cicero

331 1017 467 1069 (Verr.
489 1027 555 1062 lv,
585 1014 663 1065 3.),
697 1013 768 1054 Sed
792 1025 915 1052 earum
932 1027 987 1051 re·

332 1085 420 1112 rum
451 1067 648 1119 aruficem,
688 1071 824 1120 quem?
873 1082 990 1120 quem·

330 1131 442 1168 nam?
480 1126 573 1165 recte
598 1125 789 1170 admones,
831 1124 990 1177 Polycle-

332 1196 411 1224 tum
448 1181 510 1233 effiae
548 1179 727 1220 dicebant.
781 1179 860 1235 Qi
894 1180 990 1233 refe-

331 1238 434 1292 ram]
454 1238 544 1292 Qti,
559 1236 769 1288 quomodO,
782 1237 844 1276 vel
856 1248 905 1276 vt.
936 1238 987 1277 D.

388 1296 538 1334 Omnes
555 1292 640 1333 fere
659 1292 770 1331 codd.
780 1294 983 1343 collocant,

328 1348 685 1405 referamfizcrilego
712 1348 776 1389 illi.
833 1353 874 1390 B.

388 1420 411 1459 3
443 1404 628 1464 Qihunc
640 1403 986 1459 fiappoficitnobis?]

330 1464 494 1515 Proprie
524 1462 740 1514 fitppofiait.
803 1464 903 1501 Nam
950 1472 988 1500 vt

317 1517 482 1571 fitbduci
509 1518 709 1566 dicuntur,
752 1530 852 1568 quae
880 1516 986 1556 nolu-

328 1588 416 1615 mus
435 1575 625 1620 amittere,
644 1575 697 1613 ita
703 1572 869 1627 ficpponi
887 1586 988 1625 quae

327 1645 414 1671 non
447 1630 716 1670 defideramus.
785 1631 849 1671 Sic
884 1629 990 1668 Plau-

328 1699 389 1726 tus
407 1686 560 1738 (Cafin.
580 1688 685 1726 Grex
703 1684 809 1726 versu
825 1687 908 1738 7.),
939 1685 988 1724 Ei

323 1755 397 1797 pro
404 1742 538 1794 storto
546 1742 783 1796 supponetur
792 1742 913 1782 hircus
922 1755 988 1781 vn-

329 1801 408 1840 aas
427 1813 575 1841 nautea.
631 1799 749 1838 Moue
772 1813 858 1838 vero
880 1800 986 1838 ocius

328 1868 375 1903 te,
395 1856 547 1908 nutrix]
587 1856 705 1903 Vero,
744 1855 984 1905 prointerie·

327 1912 459 1951 &ione
477 1908 600 1962 posuit
623 1909 902 1949 stomachantis.
933 1912 983 1949 D.

383 1969 462 2023 Qi
502 1965 596 2005 hunc
627 1965 851 2019 Jitppofitit]
898 1968 984 2004 Fre-

326 2034 491 2075 quentes
519 2019 735 2061 huiusmodi
767 2019 985 2073 suppositio-

325 2092 398 2119 nes
419 2078 465 2117 ab
486 2079 653 2129 antiquis
665 2077 982 2117 introducuntur:

323 2132 390 2174 sed
424 2134 718 2185 frequentiores
746 2134 790 2172 in
816 2135 982 2176 Comoe-

324 2191 409 2239 diis,
439 2204 553 2242 quarn
571 2189 816 2242 Tragoediis.
873 2190 982 2241 lei-

323 2260 422 2286 anus
439 2246 487 2299 ad
506 2247 616 2284 illum
632 2245 907 2286 Demosthenis
927 2246 982 2284 lo-

323 2315 413 2342 cum
451 2301 539 2341 κατιὶ
563 2307 686 2342 Mam.
743 2302 810 2346 Τὰς
836 2299 984 2354 &rofi-(325-

321 2375 383 2401 τιςς
410 2357 517 2405 ὅσπερ
538 2363 568 2396 ἐν
586 2364 773 2407 τραγωδίᾳ,
802 2359 864 2402 τοὶς
892 2357 982 2398 τέτκ

321 2416 439 2466 γονάς]
468 2421 604 2464 amelec,
647 2416 793 2466 inquit,
832 2421 908 2453 εἰσὶν
946 2415 981 2452 ἐν

322 2477 401 2514 ταῖς
419 2477 597 2515 κωμωδίαις
617 2470 846 2517 ιῖποβολιμοεῖοι
859 2502 868 2520 ,
896 2468 981 2519 ἥπερ

324 2527 358 2565 ἔν
396 2532 472 2569 ταῖς
504 2532 716 2574 τραγωδίαιις,
772 2531 905 2579 Itaque
931 2526 979 2566 fic

322 2583 366 2629 in
395 2583 515 2622 Plauti
535 2585 773 2624 Truculento
797 2584 980 2624 meretrix

323 2639 472 2679 alienos
502 2638 655 2680 dolores
682 2640 751 2681 libi
776 2637 980 2694 supposue-

1601 811 1636 861 P
1651 828 1698 860 Y.

1035 967 1103 1006 rat,
1127 957 1423 1010 Stratophanem
1439 958 1608 998 militem
1628 958 1693 997 do-

1035 1013 1082 1053 lis
1110 1023 1150 1052 vt
1187 1014 1370 1055 dueaoet.
1407 1018 1451 1055 In
1481 1015 1692 1067 Capteiuis.

1038 1070 1196 1110 Cateru.
1215 1083 1253 1111 2.
1288 1093 1343 1102 --
1370 1084 1482 1124 neque
1500 1070 1573 1110 vlla
1592 1086 1692 1110 ama-

1037 1126 1110 1172 tio,
1133 1137 1198 1171 nec
1211 1128 1318 1177 pueri
1331 1125 1550 1179 fitppofitio.
1607 1128 1692 1167 Mo²

1036 1193 1080 1219 ue
1106 1193 1193 1220 vero
1221 1181 1339 1235 ocius]
1376 1183 1438 1223 Sic
1465 1189 1562 1224 κινεῖν
1586 1182 1691 1236 apud

1034 1235 1232 1277 Theocrit.
1261 1237 1372 1290 Idyll.
1399 1250 1472 1288 xv,
1503 1236 1593 1279 vers.
1624 1252 1690 1292 29.

1035 1315 1090 1324 -—·
1115 1296 1198 1331 κινεῦ
1214 1291 1267 1341 δή,
1287 1301 1365 1342 φέςε
1379 1296 1504 1333 θᾶσσον
1526 1293 1621 1341 ὕδωρ.
1651 1299 1692 1335 L.

1091 1351 1209 1402 Lege,
1221 1348 1440 1402 Jisppofiuit‚
1459 1347 1585 1390 versus
1608 1364 1693 1404 gra-

1036 1405 1102 1448 tia,
1156 1405 1308 1445 Plautus
1333 1403 1472 1459 saepe,
1499 1409 1689 1460 expofiuit‚

1036 1460 1245 1515 tleffmfiuit.>
1282 1464 1324 1501 B.

1092 1529 1120 1569 4
1150 1518 1275 1566 Video,
1288 1518 1363 1568 fid
1374 1517 1474 1559 nihil
1484 1521 1694 1576 promoues]

1036 1574 1141 1614 Hinc
1187 1573 1240 1614 est
1283 1574 1382 1614 illud
1432 1576 1693 1630 Virgilianum

1036 1632 1158 1682 (Aen.
1178 1643 1251 1678 lv,
1277 1633 1388 1684 641.)
1402 1629 1423 1680 ‚'
1439 1630 1508 1671 Illa
1534 1633 1692 1687 gradum

1038 1685 1192 1726 celerans
1202 1685 1329 1738 fludio
1349 1687 1576 1740 properabat
1585 1691 1690 1729 anili.

1034 1742 1192 1783 Scilicet
1210 1755 1294 1781 non
1311 1756 1354 1782 re
1373 1745 1525 1792 celerat,
1547 1742 1613 1785 sed
1623 1745 1693 1785 stu·

1036 1798 1114 1838 dio.
1170 1798 1386 1843 Promoues]
1415 1799 1582 1842 proficis.
1610 1804 1658 1841 D.

1092 1854 1210 1893 Nihil
1242 1858 1456 1908 promoues]
1504 1858 1692 1909 Expressit

1035 1910 1163 1949 tardos
1197 1910 1338 1963 gradus
1371 1912 1537 1951 ancillae
1560 1913 1692 1952 ambu-

1030 1966 1154 2005 lantis.
1206 1968 1370 2013 Motum,
1397 1968 1537 2018 inquit,
1556 1981 1693 2020 corpo·

1031 2022 1082 2060 ris
1101 2021 1228 2069 video,
1250 2019 1315 2062 sed
1326 2022 1475 2063 itineris
1487 2025 1594 2064 nulla
1604 2039 1690 2078 pro-

1031 2078 1170 2131 greffio
1189 2077 1254 2117 est.
1306 2082 1350 2119 Ε.

1085 2134 1143 2182 Te,
1169 2136 1319 2187 nutrix]
1351 2132 1422 2176 Ms.
1432 2137 1475 2176 R.
1504 2149 1610 2176 moue
1629 2150 1690 2177 ve-

1031 2203 1073 2229 ro
1093 2203 1214 2240 oqyur,
1245 2188 1436 2230 Genetrix.
1494 2195 1535 2233 L.

1087 2249 1113 2288 6
1140 2245 1293 2295 Amalm,
1320 2248 1414 2300 quid
1430 2249 1512 2288 ait?
1545 2247 1689 2304 cognqfi

1031 2302 1182 2356 citne?]
1225 2302 1450 2343 Exhibitum
1483 2301 1688 2355 speetatori

1029 2357 1094 2407 est,
1126 2357 1220 2410 quid
1237 2358 1320 2410 post
1336 2361 1500 2400 Scenam
1520 2371 1685 2414 geratur,

1029 2413 1071 2453 id
1110 2413 1184 2463 est,
1227 2416 1375 2468 agnitio
1409 2417 1574 2468 puellae.
1615 2420 1687 2457 -Ac

1027 2471 1255 2524 memoriter]
1295 2472 1382 2511 Plus
1409 2473 1540 2512 intulit
1568 2486 1685 2525 quam

1027 2526 1363 2580 interrogabatur:
1412 2542 1503 2567 nam
1541 2542 1715 2582 magna?

1026 2580 1113 2622 sunt
1131 2582 1249 2636 signa,
1270 2584 1312 2622 in
1332 2583 1470 2636 quibus
1480 2585 1592 2624 anilis
1601 2597 1685 2623 me-

1026 2639 1148 2681 moria
1165 2652 1250 2682 non
1270 2651 1380 2683 errat.
1439 2643 1496 2683 Ac
1518 2643 1684 2753 memori]-

1603 2710 1662 2739 ter
