1815 3168
565 121 569 124 Δ
619 78 1032 127 EVNVCHVS.

1412 94 1506 147 333

278 208 422 257 PAR.
471 211 591 268 Age,
622 208 788 271 inepte.
833 199 940 251 CH.
975 203 1061 250 hoc
1095 203 1241 251 hercle
1278 202 1509 256 fastum’st.

377 285 443 331 fac
465 281 515 328 fis
541 298 659 327 nunc
688 277 895 345 promissa
916 290 1177 343 appareant:

184 379 247 412 20
280 357 384 408 Siue
419 358 526 404 adeo
561 356 692 418 digna
718 373 788 403 res
815 354 899 409 est,
939 354 1014 403 vbi
1045 365 1095 400 tu
1125 371 1286 402 neruos
1309 356 1509 404 intendas

376 443 491 482 tuos,

141 656 243 698 bent
266 658 428 696 lacunae
454 652 619 707 iignum.
650 649 724 695 Ms.
750 653 801 692 H.

142 714 208 753 Sic
231 727 280 752 an
308 716 339 752 is
366 713 431 764 qui
460 723 551 750 etc..
577 712 710 757 Forte,
742 708 802 747 Sic

144 771 262 817 dicit,
296 780 458 807 annuens
485 769 519 804 ei
529 794 538 811 ,
577 767 641 818 qui
667 776 803 816 accepe-

146 839 213 867 rat
240 822 458 874 beneficium.
516 823 647 871 Qua'rn
669 821 804 860 leffio-

144 894 240 922 nem
277 880 461 918 adiuuare
492 877 672 917 videntur
707 874 803 915 libb.

142 948 237 978 vett.
279 948 385 975 CVM
416 947 476 973 IN
506 944 805 973 CELLVLAM

146 1006 216 1035 AD
247 994 349 1042 TE).
389 990 521 1029 Patris
534 1001 669 1041 penum
680 987 802 1041 omne]

144 1047 277 1102 Ipsum
297 1059 467 1097 penumt
494 1058 579 1084 non
596 1058 646 1084 ex
664 1057 712 1084 eo
741 1044 806 1082 ali-

146 1104 254 1158 quid,
275 1103 509 1150 ὖπερβολικῶς.
538 1104 586 1141 Et
603 1100 678 1139 hoc
694 1112 804 1153 penu,

146 1172 190 1202 et
208 1159 270 1198 hic
285 1171 407 1212 penus,
419 1168 458 1197 et
467 1156 563 1196 haec
580 1169 695 1211 penus
704 1167 806 1196 vete-

145 1231 209 1258 res
229 1216 419 1254 dixerunt.
474 1217 580 1267 Ergo
609 1224 649 1252 et
669 1227 806 1252 omnem

146 1283 195 1312 et
215 1285 318 1309 omne
343 1270 499 1322 legitur.
557 1269 807 1322 Congerebam

150 1326 370 1380 clanculum]
402 1329 507 1371 λάθρα
527 1321 547 1366 ἢ
568 1323 692 1376 κρύφα.
726 1325 778 1363 D.

210 1384 300 1423 Cum
321 1383 367 1419 in'
380 1379 557 1432 cellulam]
587 1381 672 1419 Hoc
691 1379 734 1417 in
753 1380 807 1417 lo·

148 1452 199 1478 co
213 1434 417 1491 persuadet
434 1433 552 1480 seruo,
573 1445 611 1474 vt
621 1436 809 1475 auxilium

148 1494 219 1534 fibi
251 1505 290 1533 et
307 1492 505 1531 confilium
524 1491 789 1530 accommodet
797 1505 808 1537 3

149 1562 191 1590 et
209 1550 351 1601 reperit
370 1548 540 1600 gratiam,
575 1560 691 1597 quam
716 1546 808 1584 dicit

146 1605 192 1648 ,se
212 1616 301 1645 ante
321 1599 549 1654 praestitisse.
600 1605 656 1642 Vt
673 1602 714 1640 in
724 1605 806 1643 An-

149 1662 253 1701 dria:
285 1660 326 1698 Si
358 1674 392 1699 te
411 1662 450 1697 in
474 1658 645 1713 germani
658 1656 806 1707 fratris

149 1718 271 1758 dilexi
305 1716 406 1763 loco,
430 1714 499 1764 stu
523 1711 595 1753 tibi
620 1717 806 1769 morigera

140 1771 210 1826 fici
227 1776 264 1811 in
283 1769 388 1810 rebus
409 1768 585 1809 omnibus.
641 1769 688 1809 In
707 1768 808 1808 cellu-

150 1831 226 1870 lam
244 1828 294 1867 ad
309 1841 345 1866 te
368 1829 491 1878 patris
506 1826 653 1879 penum]
692 1828 807 1877 Apte,

146 1883 191 1926 se
209 1895 298 1924 ante
316 1880 552 1921 beneficium
573 1878 807 1932 praestitisse,

150 1940 258 1994 quod
279 1939 508 1978 conueniret
524 1935 722 1988 personae,
754 1937 809 1976 di·

150 1999 219 2046 xit,
237 2008 325 2035 cum
345 1991 503 2033 seruulis
521 1993 571 2032 de
591 1994 729 2032 cellula
746 2007 811 2045 pa·

151 2055 220 2094 tris
246 2063 405 2091 omnem
432 2062 582 2102 penum
608 2048 654 2088 fit
681 2047 810 2089 solitus

151 2107 372 2149 transferre.
429 2107 571 2146 Penum
601 2115 729 2144 autern
754 2106 811 2143 in-

152 2164 365 2216 telligimus
394 2175 513 2202 omne
547 2161 731 2212 quicquid
762 2159 812 2199 ad

153 2220 297 2260 vistum
346 2218 410 2258 est.
487 2217 659 2268 Quidam
705 2217 812 2257 enim

155 2273 423 2316 tantummodo
456 2273 715 2325 pulmentaria
736 2272 813 2312 hoc

156 2329 332 2372 sermone
356 2328 565 2384 significata
592 2330 814 2369 voluerunt.

157 2390 212 2429 Vt
247 2386 380 2439 Virgil.
408 2389 529 2437 (Aen.
549 2401 587 2431 1,
613 2387 730 2437 708.)
758 2408 814 2415 —

157 2467 216 2476 .-
251 2441 383 2495 quihus
410 2442 536 2481 ordine
562 2441 674 2496 longo
697 2442 811 2481 -Cura

154 2511 287 2553 penum
296 2496 448 2549 struere,
469 2511 504 2539 et
511 2496 676 2554 flammis
693 2498 810 2541 adole·

156 2569 197 2595 re
212 2566 373 2609 penates.
429 2556 472 2596 E.
622 2557 624 2560 ’

1386 508 1512 555 Haut

908 649 1002 689 Cum
1019 650 1060 688 in
1080 648 1264 700 cellulam]
1277 650 1511 704 Hieronym-

850 702 993 745 aduers.
1013 704 1136 745 Rufin.
1154 706 1220 744 lib.
1241 718 1272 745 Ι.
1331 707 1371 745 L.
1402 732 1404 734 -

906 765 1005 802 Tres
1044 771 1194 800 tantum
1220 774 1244 799 e
1272 761 1410 801 nostris
1449 761 1512 800 ha·

850 816 953 861 berit
978 831 1083 856 omne
1117 830 1189 870 pro
1223 830 1374 858 omnem.
1429 820 1516 861 Ma-

851 874 903 914 le.
958 876 1002 914 Β.

911 941 962 982 19
990 931 1097 985 Age,
1125 932 1249 981 inepte
1260 933 1278 970 ,Ι
1286 930 1306 985 ]
1337 929 1419 980 Qui
1446 929 1515 969 du-

854 985 954 1025 bites
974 986 1023 1026 de
1044 987 1249 1038 promiffis:
1278 998 1329 1026 an
1348 990 1437 1033 (aut
1451 987 1516 1037 Ζ.)

855 1043 922 1094 qui
964 1042 1178 1094 exprobres
1216 1053 1256 1082 te
1286 1039 1407 1082 multa
1437 1039 1517 1082 effe

853 1099 1036 1152 largitum
1047 1100 1066 1143 ’ζ
1077 1099 1161 1137 Hoc
1170 1097 1288 1138 hercle
1286 1099 1434 1149 fac'tum
1446 1098 1518 1192 {lq

853 1156 999 1195 Inueni
1020 1154 1126 1206 quod
1145 1167 1286 1194 amem.
1310 1153 1486 1205 hoc‚quo

857 1210 1017 1258 dicebas,
1037 1211 1175 1263 inquit,
1201 1222 1336 1250 morae
1361 1207 1438 1250 esse
1456 1210 1519 1262 (de

856 1280 981 1305 amore
1000 1266 1075 1317 else,
1114 1266 1231 1306 Liber
1247 1278 1420 1317 vterque.
1449 1268 1518 1307 W.

857 1325 976 1373 Lege,
995 1323 1090 1368 Hoc,
1115 1323 1218 1376 quod
1234 1320 1387 1368 dicebas,
1406 1322 1517 1361 inue-

856 1377 899 1415 ni
908 1376 1025 1415 modo
1037 1377 1144 1428 quod
1155 1389 1269 1425 ames,
1290 1378 1519 1430 iamfizc‘tum

857 1432 929 1484 est,-
949 1445 1031 1472 amo
1057 1435 1139 1484 Z),
1178 1433 1253 1472 iam
1282 1432 1426 1472 saetam
1439 1433 1518 1481 est3

857 1501 957 1528 arno,
1014 1488 1194 1540 Promzffiz
1216 1489 1435 1543 appareant]
1465 1492 1520 1531 V-

857 1545 1035 1583 tilitatem
1088 1556 1130 1584 vt
1187 1542 1418 1597 cognoscam
1461 1556 1520 1585 tu·

855 1612 928 1639 am.
986 1601 1037 1639 D.
1290 1599 1293 1601 ’
1510 1640 1511 1644 ,

911 1657 999 1710 Age,
1019 1657 1140 1708 inepte
1149 1658 1166 1695 !
1173 1655 1193 1709 ]
1223 1655 1389 1708 Ineptum
1409 1669 1520 1708 pror.

856 1709 914 1751 sus
942 1711 1014 1759 est,
1044 1710 1149 1762 quod
1181 1724 1266 1750 non
1289 1723 1424 1764 aptum
1450 1712 1521 1764 est,

857 1767 948 1806 ideo
969 1781 1036 1821 age
1054 1770 1184 1821 inepte.
1241 1770 1286 1807 E.

913 1827 985 1863 Pro
1002 1823 1074 1885 fite
1094 1822 1151 1874 fik
1181 1823 1282 1862 liber
1310 1823 1523 1865 Bembinus

857 1881 1006 1927 Faerni,
1029 1890 1069 1918 et
1085 1881 1226 1931 vnussse
1242 1879 1379 1919 nostris
1399 1880 1520 1923 habet

857 1935 1070 1975 admodum
1090 1935 1231 1987 inepte
1234 1937 1358 1987 fizxis.
1413 1940 1471 1977 Β..

911 2004 966 2033 20
995 1993 1083 2032 Siue
1108 1992 1198 2030 adeo
1233 1993 1346 2046 digna
1370 2003 1427 2032 res
1452 1990 1519 2048 eli]

858 2049 895 2090 Si
917 2045 1077 2098 persona
1090 2049 1346 2088 Parmenonis
1367 2047 1522 2097 est‚fi'ue

859 2104 1049 2144 abundat:
1081 2114 1121 2143 et
1137 2117 1207 2155 pro
1225 2104 1420 2154 expletiua
1431 2118 1522 2146 con-

862 2161 1064 2200 iunfflone
1096 2158 1213 2197 modo
1240 2159 1304 2198 est.
1362 2163 1407 2200 In
1435 2164 1522 2213 qui-

860 2214 1018 2255 busdam
1045 2216 1209 2253 omnino
1244 2228 1330 2255 non
1362 2216 1518 2270 legitur.

861 2273 964 2312 Adeo
986 2282 1115 2310 autem
1133 2269 1315 2320 abundat,
1339 2277 1522 2318 autnimiae

862 2326 1059 2381 fignificat,
1089 2327 1149 2367 vel
1163 2327 1279 2377 finis.
1338 2329 1379 2369 Si
1396 2329 1522 2372 Chae÷

863 2397 929 2423 rea
941 2384 1042 2432 dicit,
1064 2382 1127 2422 hic
1147 2382 1243 2422 ordo
1256 2392 1295 2422 et
1305 2379 1431 2424 sensus
1443 2388 1520 2430 est:

863 2443 936 2480 Fae
962 2439 988 2478 fi
1017 2441 1069 2478 vis
1089 2450 1216 2488 nune,
1245 2439 1326 2479 siue
1345 2441 1444 2481 adeo
1465 2444 1521 2484 di-

862 2510 941 2550 gua
967 2509 1026 2535 res
1054 2495 1128 2544 est,
1163 2495 1226 2535 vbi
1246 2505 1286 2535 tu
1305 2510 1445 2537 neruos
1464 2501 1521 2545 iu-

858 2552 993 2594 tendas
1021 2561 1117 2602 tum,
1150 2562 1190 2594 vt
1207 2551 1389 2605 promiffa
1406 2569 1522 2606 appa-

1393 2623 1512 2651 ream,
