1815 3168
600 114 1010 164 EVNVCHVS.

1392 135 1486 188 289

261 245 380 291 Nam
407 240 480 289 hic
511 258 690 308 quoque
722 243 885 291 bonam
915 249 1207 310 magnamque
1239 261 1409 313 partem
1431 255 1484 302 ad

352 329 396 365 tc
418 318 574 369 attulit.

253 389 370 440 ΤΗ.
410 388 545 440 Ita'st:
582 393 651 441 sed
676 393 763 442 fine
783 412 855 441 me
875 399 1124 460 peruenire,
1145 414 1234 461 quo
1256 400 1374 448 volo.

151 484 218 532 45
255 472 427 516 Interea
453 469 590 523 mileS,
616 472 692 533 qui
712 487 783 517 me
809 487 951 517 amare
976 485 1216 537 occeperat,

251 549 305 593 In
333 547 502 592 Cariam
524 544 584 592 est
603 544 854 611 profestus:
893 556 936 594 te
957 549 1123 595 interea
1147 548 1234 596 loci

169 774 224 818 43
257 763 359 805 Nam
378 763 437 805 hic
456 765 614 821 quoque]
645 777 774 807 Λευιτι-

115 821 192 864 κῶς.
220 833 303 860 non
324 820 523 871 Phaedria,
548 821 615 862 sed
639 824 699 862 hic
719 823 774 862 di-

115 877 181 925 xit,
202 886 368 930 tangens
389 878 512 927 illum,
532 889 571 917 et
594 879 696 931 quafi
715 880 772 918 in‹

113 932 194 971 uiro
221 932 288 972 illo
309 933 515 985 h0c{(huic
543 936 603 986 Z.)
633 947 773 988 expro-

112 986 205 1028 brat.
263 990 402 1030 Bonam
420 1002 662 1046 magnamque
687 1002 771 1045 par·

111 1056 184 1084 tem
201 1043 251 1084 ad
268 1059 304 1084 te
323 1046 472 1101 attulit]
503 1048 610 1087 Haec
633 1047 770 1087 dicun-

111 1111 171 1139 tur
190 1104 448 1147 ἲσοδυναμὲνταε
480 1113 529 1152 vt,
559 1101 636 1142 Abs
656 1117 693 1143 te
709 1115 771 1156 pe·

110 1168 187 1197 tere
205 1157 412 1211 ‘’t-poscere.
474 1161 539 1199 An
560 1159 687 1211 potius
706 1159 771 1200 ho·

109 1225 197 1252 nam
231 1209 368 1265 specie,
387 1222 563 1268 &magnam
583 1217 769 1266 quantita·

110 1271 175 1308 te?
205 1279 246 1308 et
273 1280 380 1308 nunc
400 1269 605 1310 discretiue
623 1271 766 1311 dieffum

108 1324 185 1364 est:
217 1337 307 1364 nam
324 1326 423 1364 *alias
451 1325 582 1364 bonam
601 1339 672 1377 pro
691 1340 766 1366 ma·

109 1393 189 1434 gna
210 1390 250 1419 et
267 1381 386 1420 multa
418 1381 634 1433 accipimus.
672 1385 720 1422 D⁴

166 1448 221 1489 44
249 1437 309 1474 Ita
327 1436 392 1490 est]
422 1439 510 1476 Non
529 1446 610 1476 erat
621 1448 767 1490 negan-

109 1489 214 1539 dum,
243 1491 348 1543 quod
366 1492 460 1531 dixit
477 1494 665 1533 Parmeno
687 1505 765 1533 me-

107 1548 236 1586 retrici
265 1547 475 1587 satisfacere
503 1549 693 1599 cupienti,
725 1559 765 1588 et

106 1617 190 1643 non
220 1604 363 1642 tacenti
387 1604 539 1655 culpam
563 1605 606 1643 in
625 1600 764 1643 consci-

104 1660 212 1700 entia
229 1657 318 1699 effe.
375 1661 426 1700 D.

159 1714 382 1755 Contendit·
413 1713 552 1767 mulier
591 1714 640 1755 ad
677 1728 763 1756 nar·

103 1773 306 1819 rationem,
335 1768 490 1810 rediens
510 1773 611 1819 dicit,
638 1771 763 1824 profe-

103 1828 206 1868 &um
234 1828 398 1867 militem
425 1840 638 1867 amatorem
669 1829 761 1869 ado-

102 1880 278 1923 lescentis
314 1883 525 1923 Phaedriae
568 1884 757 1934 notitiam,

101 1937 166 1980 sed
185 1937 286 1978 hunc
303 1939 435 1990 (forte,
449 1938 546 1991 adst
564 1953 671 1980 nunc.
691 1943 755 1980 W.

101 2001 153 2039 At
179 1994 280 2034 haut
299 1995 418 2035 dubie
434 1995 539 2036 locus
558 1995 756 2036 restituen-

76 2051 167 2091 ,das
189 2051 242 2092 est
259 2052 330 2091 ita:
354 2051 434 2104 post
460 2054 667 2105 profec‘tum
694 2055 758 2093 mi·

101 2107 210 2155 litem,
229 2121 439 2157 amator-em,
461 2111 501 2148 in
520 2108 755 2160 adolescentis

103 2163 302 2203 Phaedriae
335 2166 506 2204 notitiam
536 2164 582 2216 fi
614 2167 754 2205 demum

97 2218 301 2272 peruemffi.
312 2222 370 2268 Z.)
397 2217 628 2273 peruenisse.
664 2224 753 2273 Qua

100 2275 143 2313 in
165 2277 459 2317 recommendat
468 2277 650 2326 anifnum,
666 2289 751 2318 cum

101 2329 211 2369 dicit:
242 2330 332 2370 'I'ute
350 2332 438 2383 fiis,
461 2332 621 2386 postilla
641 2346 750 2387 quam

99 2387 270 2426 intimum
287 2386 432 2429 habeam
451 2403 486 2428 te
495 2405 510 2433 ;
528 2404 564 2430 et
580 2403 656 2429 mea
667 2404 750 2430 con-

91 2442 180 2494 fi'lia
198 2455 242 2482 vt
259 2441 329 2482 tibi
345 2447 484 2484 credam
503 2449 636 2488 omnia.
661 2449 749 2487 Per·

99 2498 158 2551 git
181 2498 300 2551 igitur
316 2502 542 2542 narrationis
565 2514 688 2553 partes
710 2516 747 2543 v-

98 2553 267 2594 niuei-sas
290 2557 494 2607 complere,
518 2559 632 2610 qnod,
650 2573 748 2599 mor-

98 2619 162 2652 tua
179 2622 311 2662 matre,
331 2611 443 2654 frater
461 2625 633 2657 materna
642 2616 749 2657 bona

1307 629 1483 690 Cogno·

821 764 1022 817 inuaserit‚
1049 769 1242 823 virginem
1261 772 1482 815 venumde-

822 823 941 871 derit,
969 834 1008 862 et
1029 821 1230 876 speciosam
1256 838 1294 866 et
1315 831 1480 879 peritam

821 881 921 929 artis,
940 880 1045 931 quod
1065 879 1203 921 fidibus
1222 880 1343 924 sciret.
1400 889 1482 925 De-

819 936 916 974 inde
936 935 1041 987 quod
1066 950 1153 977 eam
1169 937 1235 978 ille
1252 951 1396 980 amator
1420 940 1481 980 su-

820 1004 864 1029 us
883 992 1020 1031 emerit
1038 993 1163 1040 miles,
1192 994 1296 1046 quod
1316 999 1479 1046 venerit,

820 1058 860 1088 et
877 1045 1064 1096 irascatur,
1086 1049 1189 1100 quod
1200 1053 1381 1091 meretrix
1394 1066 1481 1093 coe-

819 1105 919 1154 perit
945 1104 1064 1143 alium
1091 1117 1301 1146 amatorem
1319 1107 1477 1150 habere.

817 1161 896 1198 Hic
929 1158 1239 1213 intelligendum
1266 1165 1402 1204 acriter
1431 1167 1479 1205 il-

816 1215 884 1255 lud
903 1216 969 1262 est,
992 1217 1096 1267 quod
1116 1213 1226 1269 snpra
1243 1218 1341 1258 dixit
1349 1222 1477 1272 miles,

816 1282 856 1310 te
886 1281 1100 1312 amatorem
1124 1272 1280 1325 (forte,
1321 1277 1477 1318 militem

815 1330 1051 1380 amatorem).
1080 1330 1150 1368 ·Ε

869 1386 924 1434 46
961 1383 1012 1422 Te
1030 1387 1164 1423 inzcrea
1192 1385 1266 1425 loci
1293 1389 1473 1444 cognom]

815 1437 994 1477 Oratorie
1011 1442 1179 1490 priorem
1199 1453 1409 1484 amatorem
1418 1445 1474 1486 fa—

814 1495 864 1532 cit
886 1495 1059 1544 militem,
1092 1508 1207 1547 quam
1232 1496 1473 1541 Phaedriam.

815 1550 914 1589 Nam
940 1550 1125 1601 posterius
1153 1552 1246 1592 dicit
1280 1553 1384 1595 hunc
1413 1570 1474 1596 co·

815 1605 969 1658 gnitum
996 1618 1067 1657 per
1093 1605 1301 1648 absentiam
1320 1612 1467 1652 militis.

812 1662 917 1714 Ergo
937 1673 1024 1700 cum
1043 1663 1153 1701 militi
1167 1663 1359 1705 Phaedria
1371 1670 1471 1707 riua-

811 1714 858 1755 lis
877 1713 1127 1768 superdquS
1145 1718 1198 1767 fit,
1225 1720 1472 1774 consequens

811 1772 888 1819 est,
926 1783 966 1811 vt
996 1773 1108 1813 miles
1137 1777 1246 1826 queri
1278 1776 1470 1828 debuerit,

809 1840 892 1866 non
909 1826 1114 1869 Phaedria:
1136 1841 1177 1870 et
1195 1838 1471 1885 propter-eani-

808 1883 864 1923 hil
883 1895 1094 1936 peccatum,
1113 1887 1139 1926 fi
1159 1888 1299 1928 ordine
1317 1887 1468 1934 seruato

807 1941 917 1981 miles
936 1942 1166 1994 antepoiitus
1186 1944 1303 1985 fuerit
1318 1958 1468 1988 amato-

807 1998 838 2038 ri
859 1995 1101 2048 postmodum
1129 2002 1286 2053 cognito
1333 2014 1373 2042 et
1390 2003 1465 2044 hoc

803 2051 885 2092 {ine
918 2055 1050 2105 puella
1080 2055 1254 2107 (puellae,
1284 2056 1354 2098 ΜΓ.
1376 2061 1462 2112 H.),

803 2119 843 2148 et
859 2122 1063 2149 munerum
1076 2108 1192 2157 causa,
1213 2114 1377 2154 multum
1390 2125 1462 2166 pro

802 2165 930 2204 milite
946 2177 1079 2205 contra
1100 2166 1326 2209 Phaedriam
1347 2172 1458 2211 valet.

801 2219 878 2262 Sed
891 2220 980 2260 vide
998 2224 1252 2273 meretricem,
1275 2226 1364 2276 quia
1378 2241 1461 2268 rem

801 2276 898 2315 dixit
916 2289 1179 2328 pet-urentem,
1199 2292 1294 2331 quot
1312 2292 1353 2321 et
1370 2296 1461 2336 qua-

798 2333 850 2372 lia
868 2331 1134 2375 blandimenta
1145 2331 1304 2386 subiicit,
1326 2339 1461 2379 dicen·

799 2388 874 2433 do,
912 2389 1008 2429 Tute
1024 2390 1102 2442 fiis
1127 2392 1210 2443 post
1234 2393 1317 2441 illa,
1346 2409 1459 2448 quam

796 2446 969 2486 intimum
1001 2446 1150 2486 habeam
1176 2461 1236 2498 te,
1268 2461 1308 2489 et
1334 2463 1459 2491 caete-

795 2515 846 2542 ra.
904 2503 952 2542 D.

852 2558 998 2598 Interea
1028 2558 1101 2598 loci
1126 2572 1162 2599 te
1188 2561 1360 2616 cognoui]
1402 2566 1457 2604 Vt

796 2612 886 2655 ideo
911 2616 1021 2656 miles
1049 2616 1219 2673 puellam
1246 2627 1350 2659 tanto
1368 2631 1453 2671 pre-

906 2672 944 2711 T
1067 2674 1069 2677 ”
1397 2677 1450 2716 tie
