1815 3168
489 141 1021 190 HEAVTONTIM.

1329 144 1421 202 565

191 265 428 321 Scitum'st,
462 271 709 334 periculum
742 285 793 316 ex
821 270 913 317 aliis
944 270 1099 321 facere,
1131 269 1211 317 tibi
1231 269 1350 333 quod
1370 286 1419 315 ex

287 348 360 394 vsu
399 344 488 391 fiet.

186 418 292 469 CL.
321 425 385 468 Ita
404 420 548 467 credo.
584 416 681 467 CH.
724 437 808 482 ego
846 420 920 467 ibo
942 420 1046 466 hinc
1069 420 1201 477 intro,
1235 430 1282 465 vt
1303 419 1418 466 vide·

284 514 352 543 am
372 497 505 543 'nobis
532 497 637 560 quid
662 514 825 551 coenae
843 495 934 542 fiet.

189 576 282 625 Tu',
315 583 361 620 vt
381 582 556 637 tempus
584 571 642 619 est
665 572 762 626 diei,
784 571 883 619 vide
906 569 958 616 fis
980 586 1036 617 ne
1057 586 1147 634 quo
1168 568 1272 615 hinc
1294 567 1417 613 abeas

284 647 479 708 longius.

190 774 538 855 Achss

47 975 164 1092 G

49 1185 255 1230 corruptus
294 1175 370 1222 est,
418 1174 545 1215 indies
574 1175 616 1214 fit
643 1188 709 1228 pe-

45 1233 116 1273 ior.
176 1233 222 1273 C.
719 1264 723 1267 .

100 1288 184 1326 Hoc
199 1286 341 1338 fiitum
368 1285 433 1339 est]
465 1287 627 1339 Optima
648 1300 708 1326 oc-

49 1343 200 1382 casione
231 1340 372 1388 senex,
411 1341 503 1381 dum
539 1343 705 1383 aliorum

45 1412 172 1438 mores
194 1409 233 1436 et
252 1396 348 1436 fa&a
370 1396 612 1445 demonstrat,
647 1411 705 1437 oc-

47 1455 240 1494 caliouem
270 1452 339 1491 filii
373 1452 596 1506 corrigendi
622 1467 706 1504 rep-

47 1512 159 1563 perit,
182 1520 219 1548 vt
241 1520 429 1548 moneret.
487 1510 628 1548 Scitum
647 1509 703 1561 est,

45 1567 194 1617 inquit,
228 1576 267 1603 et
295 1565 527 1618 perelegans
560 1579 606 1605 ex
620 1566 704 1605 aliis

38 1622 248 1674 periculum
257 1622 405 1672 sincere,
439 1622 513 1658 hoc
533 1620 597 1668 est,
617 1632 704 1661 ten-

47 1689 275 1724 tamentum,
296 1676 398 1728 quod
413 1676 482 1715 tibi
496 1676 707 1716 vehemen-

48 1746 107 1773 ter
128 1734 324 1785 expediat.
380 1735 421 1772 E.

101 1789 297 1829 Bentleius
340 1789 382 1827 in
427 1787 507 1829 fine
556 1788 706 1828 addidit

45 1847 139 1887 Hoc.
199 1837 326 1892 Vnde]
353 1842 495 1884 nescio.
551 1849 590 1885 Ζ.

59 1930 62 1932 -
99 1904 151 1954 36
180 1901 379 1940 Periculum
412 1914 457 1939 ex
485 1901 572 1940 aliis
595 1900 701 1952 face-

45 1958 102 2011 re]
135 1956 360 2007 Aliquando
372 1955 520 1995 videtur
530 1969 598 2007 pro
609 1969 699 1995 con-

43 2015 124 2053 filio
146 2014 269 2064 capio.
326 2012 464 2052 Cicero
492 2012 538 2051 ad
558 2012 701 2052 Treba-

43 2073 138 2108 tium
159 2072 258 2120 (vn,
289 2070 364 2121 8.):
404 2069 579 2107 Cornelio
607 2068 704 2107 nihil

44 2126 159 2166 audeo
178 2125 316 2173 dicerr,
348 2125 447 2164 cuius
472 2124 634 2177 periculo
660 2137 702 2164 tu

39 2181 171 2234 stultus
191 2193 236 2219 en
291 2181 337 2220 C.

102 2234 240 2278 Versus
276 2234 384 2275 causa
421 2237 538 2290 lege,
586 2237 703 2288 peric-

47 2292 143 2335 lum·;
179 2304 217 2332 et
249 2306 320 2345 pro
351 2293 449 2345 quod
474 2306 561 2330 cum
588 2291 702 2330 codd.

49 2361 130 2401 reg.
153 2349 251 2400 quid.
294 2351 394 2389 Nam
405 2347 561 2402 quodad
580 2345 702 2399 ipsum

50 2403 145 2443 illud
175 2405 357 2454 periclum
386 2405 504 2444 modo
535 2402 701 2453 respicit,

49 2460 142 2512 quid
166 2458 214 2497 ad
237 2461 309 2499 alia
331 2460 484 2509 similia,
517 2470 633 2511 atque
651 2470 702 2498 et-

50 2529 126 2554 iam
148 2517 345 2556 contraria.
401 2521 442 2557 B.

297 1058 461 1105 iudices
474 1062 488 1110 l

107 2582 161 2624 37
194 2571 317 2611 Nobis
345 2573 436 2624 quid
458 2570 598 2618 coenae]
631 2572 702 2613 Mi-

50 2641 123 2668 nus
143 2626 254 2674 dixit,
271 2640 384 2678 quam
402 2627 427 2667 fi
440 2626 600 2669 dixifi'eb
614 2641 703 2681 quae

52 2697 171 2729 coma.
228 2684 290 2725 Sic
308 2683 405 2725 illud
423 2684 616 2738 (Eunueb.
631 2697 704 2734 111,

742 1510 840 1561 stet,
879 1510 932 1549 est
973 1509 1135 1548 datiuus.

552 768 1273 850 ECVNDLSCENAI.

574 864 884 906 CLlTIPHO.

193 1001 220 1031 v
250 1001 274 1029 A
305 1000 342 1029 M
394 984 534 1046 iniqui
576 982 673 1030 sunt
704 993 849 1048 patres
884 984 930 1028 in
963 981 1107 1029 omnis
1138 976 1416 1025 adolescentis

1323 1053 1417 1106 Qui
1450 1108 1453 1109 ⁷

758 1190 796 1229 4,
826 1177 907 1228 8.),
941 1173 1048 1228 Qid
1070 1171 1137 1212 hoc
1163 1170 1319 1210 hominis
1345 1168 1417 1220 est?

758 1234 870 1271 aliter
890 1231 1115 1283 exprimitur
1135 1241 1248 1278 quam
1268 1225 1293 1264 fi
1316 1225 1418 1264 dice-

757 1301 896 1335 remus,
919 1288 1002 1338 quis
1024 1286 1085 1324 hie
1099 1283 1216 1322 homo
1233 1281 1314 1322 est?
1340 1283 1386 1322 C.

811 1346 852 1384 Si
879 1345 1024 1382 retines
1055 1341 1146 1393 quid
1173 1352 1320 1383 coenae,
1360 1336 1414 1377 est

757 1401 980 1452 genitiuus;
1009 1397 1064 1435 sm
1096 1409 1182 1434 cum
1208 1393 1343 1433 nostris
1371 1393 1414 1430 li-

755 1456 833 1494 bris
852 1453 1023 1506 praefers
1043 1450 1147 1491 nobis
1174 1463 1300 1489 coenae
1323 1447 1418 1501 quid

1191 1507 1254 1546 Sic
1294 1506 1413 1544 Plaut.

754 1571 870 1607 True.
898 1579 971 1612 111,
998 1578 1031 1613 1,
1053 1578 1091 1606 2.
1126 1562 1174 1601 Vt
1186 1560 1414 1615 buhusglan-

754 1625 831 1663 dem
850 1623 1008 1675 prandio
1031 1621 1288 1672 depromerem.
1315 1619 1355 1656 B.

809 1688 859 1732 38
899 1681 975 1726 Tu,
1018 1689 1061 1714 vt
1090 1686 1227 1724 tempus
1254 1672 1301 1723 est
1319 1670 1411 1722 diei]

755 1736 907 1787 Tempus
925 1748 950 1772 n
956 1748 1006 1772 on
1017 1731 1135 1771 solum
1145 1728 1332 1769 summum
1345 1726 1410 1773 est,

753 1791 818 1831 sed
841 1803 879 1830 et
897 1803 982 1842 pars
1003 1789 1117 1840 partis
1128 1786 1202 1831 est3
1232 1784 1334 1823 ficuti
1349 1782 1412 1820 hic

752 1846 887 1900 posuit,
901 1847 974 1885 diei
992 1855 1142 1895 tempus,
1160 1854 1246 1880 cum
1260 1851 1411 1890 tempo-

751 1906 801 1942 ris
821 1903 908 1953 dies!
925 1899 1002 1940 effe
1022 1900 1207 1939 videatur.
1265 1899 1309 1936 E.

806 1959 1016 2010 Quaeritur
1035 1985 1045 2003 ,
1094 1968 1161 1993 eur
1212 1951 1409 1993 Chremes

751 2029 833 2055 non
858 2014 981 2053 statim
1000 2010 1127 2053 secum
1137 2007 1410 2059 Clitiphonem

752 2073 801 2112 ad
836 2083 998 2109 coenam
1036 2065 1259 2111 abduxerit,
1300 2062 1408 2101 cuius

751 2139 904 2179 tempus
933 2124 998 2164 sub
1026 2126 1176 2165 Scenae
1203 2117 1408 2176 superioris

750 2184 871 2223 finem
894 2179 1033 2228 adeffe,
1051 2180 1127 2218 iam
1140 2177 1312 2216 dixerat?
1332 2178 1410 2216 Da-

751 2241 853 2278 ceria
876 2238 969 2276 haut
986 2236 1089 2275 male
1113 2230 1291 2279 coniicit,
1321 2242 1409 2268 cum

750 2306 842 2335 ante
860 2306 1023 2332 coenam
1035 2290 1133 2329 hanc
1151 2281 1296 2328 fuerint
1309 2283 1410 2324 sacra

751 2350 943 2404 quaedam
960 2345 1150 2390 facienda,
1173 2355 1213 2382 et
1230 2341 1331 2382 forte
1352 2350 1409 2380 et-

752 2409 827 2447 iam
858 2419 943 2444 cum
975 2403 1151 2442 conuiuis
1178 2396 1405 2450 aequalibus

751 2460 1096 2506 confabulandum,
1121 2466 1270 2508 patrem
1295 2453 1405 2492 nolu-

751 2517 819 2560 iss'e
831 2518 887 2556 his
897 2517 1010 2556 rebus
1022 2509 1203 2554 interesse
1211 2509 1344 2549 filium.
1362 2511 1405 2549 Z.

814 2587 829 2615 1
864 2575 988 2628 Qum
1009 2571 1130 2623 iniqui
1145 2568 1239 2619 stmt
1256 2563 1404 2618 patres]

752 2631 863 2672 Solus
884 2627 1053 2680 Clitipho
1084 2622 1310 2678 promanlit·‚
1340 2620 1410 2671 qui

921 2689 995 2727 Nn
1023 2696 1046 2737 3
1358 2675 1410 2713 de
