1815 3168
486 147 1004 208 ΗΕΑνΤοΝΊζΙΜ.

1325 168 1415 214 593

190 271 220 321 S
235 288 279 319 Y.
316 272 564 320 Ridiculum
586 271 656 324 est,
680 271 839 319 teistuc
851 289 919 318 me
933 273 1181 328 admonere,
1197 278 1414 343 Clitip1103

191 348 320 404 Quasi
346 349 433 394 istic
455 351 601 394 minor
622 364 718 394 mea
738 364 806 393 res
828 359 992 407 agatur,
1017 366 1147 411 quam
1172 364 1258 398 tua.

187 427 276 471 Hic
296 422 327 481 fi
351 423 456 486 quid
480 423 606 469 nobis
629 424 741 470 forte
759 422 921 471 aducrfi
944 427 1153 476 euenerit,

62 517 80 548 ι
97 517 113 548 1
127 515 152 562 5
188 499 295 545 Tibi
316 510 445 544 erunt
467 509 613 562 parata
635 498 786 546 verba:
824 498 926 544 huic
947 498 1117 544 homini
1138 499 1331 550 verbera.

186 578 469 638 Quapropter
494 574 598 620 haec
619 591 688 620 res
710 575 974 635 neutiquam*
993 571 1246 634 neglestffst
1272 579 1404 624 mihi:

183 649 268 697 Sed
293 648 428 694 istunc
461 665 614 702 exora,
650 659 697 696 vt
717 648 834 694 suam
855 645 937 693 esse
962 646 1183 696 affiniulet.
1223 646 1310 697 CL
1326 667 1405 699 IN.

277 723 433 770 scilicet

179 796 421 846 Faffiirum
441 815 510 846 me
531 795 637 845 effe:
674 801 720 845 in
743 813 844 844 eum
866 798 951 844 iam
969 814 1038 846 res
1061 799 1189 847 rediit
1207 800 1369 856 locum,

104 1029 180 1070 113
219 1015 344 1071 Qast
366 1015 443 1067 istic
467 1018 591 1056 minor
619 1031 698 1055 mea

47 1088 104 1115 res
132 1074 289 1128 agatur]
320 1074 496 1114 Securius
526 1075 698 1113 commit·

46 1132 160 1170 timus
188 1129 246 1168 his
276 1129 324 1169 ad
343 1142 439 1181 quos
465 1138 545 1168 non
569 1131 698 1168 minus

44 1186 214 1239 pertinet
232 1185 334 1238 quod
354 1185 561 1238 agendum,
582 1198 698 1236 quam

42 1242 92 1282 ad
123 1255 209 1282 nos,
263 1241 406 1296 Quasi]
445 1240 560 1290 Quasi
586 1239 696 1289 dicat,

45 1298 191 1337 videris
211 1297 263 1335 ita
280 1295 529 1336 admonendo
547 1310 611 1336 me
629 1310 697 1348 pu·

45 1366 143 1399 tare,
176 1353 279 1404 quod
310 1352 439 1391 minus
463 1351 563 1390 mihi
580 1365 629 1391 ex
651 1366 696 1391 ea

44 1423 87 1449 re
111 1410 336 1460 impendeat
353 1408 562 1460 periculum
582 1421 696 1458 quam

46 1465 129 1503 tibi.
186 1465 259 1505 Vel
287 1463 389 1516 quod
421 1471 548 1501 minus
567 1463 614 1501 ad
632 1475 696 1501 me

43 1519 198 1572 spectet,
234 1533 348 1570 quam
368 1519 415 1558 ad
434 1530 492 1568 te,
527 1517 567 1557 id
587 1529 695 1558 caute

1342 883 1405 926 Vt

748 1016 788 1056 bi
804 1016 915 1057 verba
923 1016 1019 1068 fimt
1032 1030 1257 1071 praeparata
1268 1051 1277 1069 ,
1307 1021 1402 1060 mihi

746 1087 833 1113 vero
850 1073 1015 1112 verbera.
1072 1074 1188 1114 Vnde
1207 1075 1305 1115 hanc
1320 1092 1402 1117 rem

746 1130 955 1182 negligere
995 1131 1158 1170 omnino
1195 1145 1279 1171 non
1315 1132 1401 1186 pos-

746 1183 837 1225 sum.
895 1188 937 1225 E.

799 1245 978 1291 Repone,
1008 1238 1131 1297 Qafi‘
1143 1241 1225 1295 {stic
1244 1244 1322 1283 ηιέα
1343 1259 1400 1285 res

743 1300 868 1336 minor
887 1309 1037 1351 agatur.
1092 1300 1132 1337 B.

807 1365 898 1405 115.
918 1353 1017 1391 Huic
1052 1351 1195 1392 homini
1226 1349 1399 1411 verbera]

744 1409 939 1448 Amabant
965 1419 1114 1447 veteres
1145 1409 1193 1447 de
1220 1413 1400 1462 proximo

745 1464 877 1502 similia
888 1464 1027 1502 dicere.
1057 1465 1140 1505 Cic.
1161 1466 1219 1516 (in
1236 1470 1397 1508 Verrem

745 1532 805 1567 lv,
841 1521 934 1571 12),
957 1519 1088 1559 Minus
1109 1534 1232 1559 carum
1247 1533 1398 1574 putauit

43 1576 139 1615 fieri.
196 1578 293 1615 Nam
313 1588 401 1614 cum
413 1575 593 1614 Horatius
612 1576 694 1625 (ep.
733 1575 825 1628 sore
836 1575 935 1627 quod
946 1576 988 1613 de
999 1572 1284 1629 armai-io‚quan1
1297 1579 1401 1631 quod

45 1633 70 1670 1.
101 1644 133 1678 Ι,
159 1644 279 1678 xviii,
310 1634 396 1683 84.)
414 1631 560 1681 inquit,
593 1632 696 1669 Nam

44 1701 108 1728 tua
129 1701 186 1726 res
205 1689 350 1741 agitur,
372 1689 494 1738 paries
512 1699 592 1725 cum
605 1698 696 1738 pro-

43 1747 165 1783 ximus
181 1744 298 1790 ardet,
317 1743 546 1794 intelligitur
562 1742 619 1789 fic,
655 1743 693 1779 ti-

41 1800 83 1838 bi
103 1800 282 1837 imminet
298 1799 511 1849 periculum
523 1799 698 1849 proxime

43 1855 208 1895 ardente
229 1865 266 1892 te
286 1855 414 1891 vicino
437 1854 581 1904 pariete
593 1867 604 1901 3
637 1853 696 1892 vel

40 1911 242 1963 negotium
269 1909 319 1948 de
338 1908 522 1948 incendio
540 1909 695 1960 parietis

42 1967 161 2006 vicini
200 1966 248 2004 ad
260 1973 325 2005 “‘te
357 1965 536 2016 pertinet.
594 1966 695 2003 Nam

41 2037 99 2063 res
125 2023 166 2060 in
184 2033 232 2065 eo
251 2020 405 2059 dicendi
424 2033 576 2074 genere
597 2021 696 2071 capi-

40 2091 100 2117 tur
144 2091 212 2129 pro
258 2078 429 2129 negotio.
495 2079 694 2115 Praeterea

41 2134 137 2173 haee
165 2133 347 2184 particula
373 2129 477 2184 quast
501 2130 563 2169 hic
593 2133 692 2182 capi-

43 2201 104 2229 tur
123 2190 279 2236 ironice,
301 2200 336 2227 vt
352 2185 474 2239 saepe,
486 2189 694 2239 praecipue

43 2259 130 2284 cum
151 2245 323 2298 iungitur
339 2257 425 2282 cum
445 2258 547 2288 vero,
579 2245 695 2281 etiam

41 2301 122 2340 {ine
139 2314 232 2340 vero.
287 2301 560 2352 Exemplorum
579 2300 696 2351 plena

42 2355 128 2396 sunt
149 2356 288 2395 omnia'.
343 2357 393 2397 C.

95 2467 183 2521 Qu]
198 2481 211 2503 z
229 2464 291 2516 ista
301 2466 442 2521 minor]
462 2465 592 2506 Inhoc
604 2478 693 2504 con-

40 2522 121 2561 filio
145 2523 266 2574 magis
283 2523 377 2560 mihi
390 2523 599 2573 periculum
611 2535 694 2573 pro-

41 2577 201 2630 politum
224 2576 298 2627 est,
327 2591 437 2628 quain
461 2577 538 2619 tibi.
595 2579 693 2616 Nam

31 2632 228 2689 stallquid
245 2631 390 2684 aduetfi
403 2635 612 2690 contigerit,
648 2637 694 2674 η’·

745 1632 788 1669 de
823 1630 994 1681 stzcrario
1035 1632 1171 1683 futffrt
1217 1634 1395 1677 ablatum,

745 1688 902 1726 Homini
920 1685 1017 1733 huic]
1049 1691 1220 1731 Δεικτικῶς
1240 1689 1333 1728 haec
1345 1691 1400 1730 di-

745 1743 809 1790 xit,
843 1740 880 1781 se
900 1740 1018 1792 ipsum
1035 1743 1259 1784 ostendens.
1317 1748 1398 1785 Ho-

745 1800 837 1837 mini
856 1799 953 1846 huic]
987 1798 1028 1836 ld
1050 1799 1113 1846 est,
1133 1800 1239 1838 mihi.
1298 1805 1398 1841 Nam

744 1855 802 1892 hic
816 1854 960 1892 dicitur
981 1853 1030 1892 de
1050 1852 1210 1905 persona
1238 1856 1401 1907 loquen-

744 1911 815 1953 τῖες
846 1909 906 1962 este
937 1909 986 1947 de
1007 1909 1166 1960 persona
1183 1912 1398 1959 audientis;

743 1965 800 2004 ille
819 1965 869 2004 de
890 1962 1051 2016 persona
1070 1979 1217 2006 remota
1233 1968 1280 2007 ab
1302 1981 1400 2007 vtro-

744 2034 831 2073 que.
887 2021 930 2060 (ἶ.

802 2078 878 2118 116
908 2078 1091 2127 Haecres]
1123 2079 1248 2116 Immo
1261 2079 1400 2117 estma-

742 2133 847 2170 xime
869 2130 962 2170 mihi
979 2145 1111 2176 curae;
1131 2146 1221 2171 nam
1241 2146 1300 2172 res
1312 2148 1397 2174 mea

744 2189 877 2240 agitur,
899 2198 941 2226 et
958 2190 997 2225 in
1018 2200 1063 2226 ea
1081 2190 1291 2239 periculum
1305 2191 1398 2229 mihi

745 2257 951 2282 commune
968 2254 1093 2281 tecum
1106 2244 1319 2295 impendet.
1349 2248 1396 2288 C.

798 2299 1015 2352 Neglec‘tu’st
1035 2298 1141 2346 mihi]
1172 2299 1242 2341 Ms.
1269 2306 1309 2342 R.
1340 2317 1399 2341 ne-

742 2355 885 2410 glec‘tm'.
939 2357 981 2394 L.

803 2417 877 2459 118
910 2409 953 2449 In
984 2423 1061 2449 eum
1085 2413 1161 2449 iam
1192 2425 1248 2450 res
1266 2412 1397 2467 rediitj

743 2466 934 2518 Intelligit
953 2465 1093 2510 Clinia,
1125 2479 1212 2505 cum
1231 2469 1331 2518 apud
1355 2470 1398 2506 il-

743 2522 821 2559 lum
840 2521 881 2560 fit
893 2520 1040 2573 hospes,
1061 2522 1319 2562 neceffitatem
1333 2524 1398 2562 fibi

743 2576 965 2628 impolitam,
993 2579 1042 2616 vti
1061 2579 1134 2616 hoc
1154 2580 1257 2629 quod
1278 2580 1324 2618 ab
1349 2594 1411 2618 eusv
1452 2618 1454 2620 ,

743 2635 894 2685 petitur,
920 2645 1067 2688 negare
1080 2635 1242 2687 (excidit
1253 2650 1321 2675 non
1340 2641 1400 2687 21..)

854 2692 879 2729 P
900 2703 923 2740 p

1322 2707 1343 2741 Ρ
1353 2693 1405 2729 m·-
