1815 3168
621 195 912 244 ANDRIA.

1369 211 1434 259 59

80 367 85 369 s
113 338 176 394 30
209 320 364 381 Quid?
399 324 485 371 hoc
507 321 781 370 intellextin'?
817 339 871 368 an
896 316 1099 368 nondum
1122 323 1251 369 etiam
1273 339 1329 370 ne
1349 325 1436 372 hoe

308 395 518 462 quidem?
553 397 710 445 DAv.
750 399 842 444 imo
867 396 1038 443 callide:

209 479 273 522 Ita
303 486 451 539 aperte
482 473 615 539 ipsam
638 489 732 520 rem
754 471 889 519 modo
914 473 1111 526 locutus,
1153 472 1262 521 nihil
1286 475 1435 521 circui-

306 552 426 596 tione
446 549 541 596 vsus
572 565 633 595 es.

207 624 285 674 Sl.
321 624 475 671 Vbiuis
507 623 672 670 facilius
702 604 844 690 paffus
874 620 977 677 fim,
1021 638 1155 687 quam
1185 624 1231 669 in
1265 622 1346 670 hac
1376 639 1440 678 re,

309 715 384 746 me
411 699 620 748 deludier.

209 773 375 823 DAV.
434 778 556 821 Bona
589 774 720 821 verba
750 773 919 837 quaeso.
970 769 1049 820 SI.
1099 772 1288 819 irrides?
1328 772 1441 820 nihil

308 867 380 897 me
402 849 527 897 fallis.
559 849 630 896 sed
653 849 750 896 dico
775 848 868 902 tibi,

210 930 288 975 Ne
316 936 481 972 temere
501 925 650 971 facias:
684 941 829 988 neque
859 935 907 972 tu
928 923 1037 970 haut
1067 922 1209 976 dicas,
1249 921 1331 969 tibi
1352 938 1447 981 non

309 997 600 1066 praediRum.
629 1015 747 1048 caue.

79 1180 210 1228 omine,
231 1179 320 1231 quia
338 1180 446 1232 leges
466 1175 639 1230 auspiciis
666 1174 738 1216 ser-

79 1237 172 1273 uatis
213 1233 306 1285 (Ms.
347 1234 468 1276 Hulst.
505 1235 738 1285 seruatitiis,

80 1289 188 1341 quod
214 1302 251 1330 et
278 1291 543 1343 Lindenbrog.
569 1291 738 1335 inuenit,

81 1358 198 1395 quem
222 1346 327 1398 vide)
346 1346 583 1385 ferebantur.
635 1349 739 1398 Ergo

81 1401 131 1440 fic
159 1400 355 1454 intellige,
384 1401 484 1452 quali
504 1401 663 1449 dixerit,
694 1413 743 1438 ea

84 1457 173 1508 lege
191 1468 228 1494 et
248 1457 487 1496 conditione.
533 1460 582 1496 Et
594 1456 742 1506 antiqui

81 1510 272 1563 auspicato
334 1513 464 1551 omnia
525 1511 737 1559 faciebant,

83 1581 184 1620 quae
203 1579 282 1608 rata
299 1566 375 1607 ess'e
395 1568 549 1607 vellent.
604 1570 653 1607 D.

143 1637 197 1677 30
226 1623 590 1676 Annondumetiam]
619 1625 743 1673 Quar-

84 1688 169 1717 tum
186 1686 360 1727 πκςέλκον,
393 1680 483 1730 quia
500 1677 674 1718 abundat
691 1690 742 1716 et-

81 1736 171 1773 iam.
228 1738 276 1775 D.

141 1802 190 1843 31
224 1788 345 1841 Iletm
364 1786 457 1841 rem]
502 1783 627 1838 Ipsam
646 1797 741 1832 rem,

82 1845 125 1885 id
143 1844 207 1890 est,
230 1845 469 1884 voluntatem
478 1839 591 1889 suam,
611 1852 675 1880 aut
685 1842 742 1879 in-

82 1901 398 1942 terminationem
422 1895 549 1943 suam;
581 1896 655 1936 hoe
675 1895 741 1944 est,

81 1957 284 2011 pistrinum
323 1965 361 1993 et
394 1966 542 2006 poenas
573 1951 740 1992 semiles.

86 2012 204 2053 Nihtl
229 2010 472 2064 circuitione]
518 2010 641 2058 Nihil,
672 2021 741 2059 pro

84 2084 180 2110 non.
244 2069 489 2115 circuitione,
523 2064 742 2118 periphrafi.

89 2127 180 2178 Vsus
191 2126 244 2180 es]
271 2125 426 2177 Legitur
435 2133 474 2161 et
483 2124 570 2174 var
580 2136 627 2162 es.
662 2124 711 2162 D.

141 2182 364 2222 circuitione
405 2178 493 2230 vste:
535 2177 608 2234 est]
672 2174 743 2219 Ms.

89 2239 365 2280 circ-ammone.
421 2240 464 2277 L.

143 2298 248 2348 Lege
275 2296 412 2332 circum
438 2293 553 2331 itione
564 2287 743 2330 obsidem

90 2351 369 2396 nonnullorum
388 2347 499 2387 codd.
519 2349 586 2400 qui
598 2346 744 2386 habent

91 2408 369 2454 circumitione,
407 2414 448 2444 et
481 2404 661 2456 inprimis
698 2403 747 2442 ob

1185 1069 1448 1122 ACTVS

787 1175 897 1215 uitio.
952 1174 1084 1216 Vhiuis
1102 1175 1286 1230 fizciIius]
1334 1177 1452 1216 Cice-

787 1245 852 1280 ro,
885 1232 976 1270 Non
1004 1233 1050 1285 est
1077 1236 1116 1271 in
1141 1233 1208 1271 hac
1236 1232 1345 1283 caufiz
1368 1244 1451 1285 pec·

789 1288 896 1328 candi
914 1287 1014 1328 locus
1036 1287 1140 1327 vllus.
1196 1291 1244 1329 D.

846 1356 895 1397 33
928 1344 1035 1383 Bona
1055 1343 1169 1383 verba
1192 1342 1344 1397 quaqsb]
1373 1342 1450 1382 Hie

790 1400 833 1437 in
853 1405 996 1448 εἰρωνείᾳ
1021 1400 1076 1439 est
1095 1403 1310 1446 ἐυφημισμός.
1346 1397 1451 1450 quast

792 1453 914 1501 dicat,
953 1456 1115 1495 meliora
1144 1456 1328 1506 loquere,
1354 1467 1453 1507 rogo

793 1521 844 1547 te.
866 1523 960 1563 ergo
972 1524 1059 1549 cum
1077 1511 1359 1559 admonitione,
1382 1515 1454 1549 ho-

792 1579 844 1604 na
865 1568 990 1614 verba,
1019 1569 1156 1619 inquit,
1178 1580 1285 1620 rogo.
1337 1564 1455 1604 Nihil

791 1634 846 1659 me
852 1622 981 1676 fallis]
1017 1624 1112 1662 Non
1132 1636 1169 1662 te
1189 1625 1340 1676 ignoro,
1370 1635 1453 1660 non

791 1689 856 1715 me
893 1678 1050 1728 decipis,
1113 1680 1175 1718 Sic
1212 1677 1457 1719 Menander:

791 1735 843 1769 νῦν
869 1734 906 1772 δὲ
937 1736 1015 1772 ις’ὂέν
1040 1738 1175 1778 λέληθάς
1204 1752 1243 1780 με
1258 1738 1306 1771 [εν.
1342 1733 1459 1772 Nihil

791 1802 846 1827 me
847 1789 976 1842 fallis]
990 1790 1127 1842 Figura
1141 1789 1195 1829 est
1207 1792 1409 1834 ἑὼηνισμός.
1432 1803 1454 1828 a

791 1846 878 1885 loco
907 1848 986 1889 κ’δέν
1011 1860 1048 1891 με
1069 1846 1314 1890 λανθάνοιςὲν.
1372 1845 1458 1884 Fa!-

791 1901 863 1955 lis]
912 1905 1035 1949 Lares,
1055 1911 1094 1941 vt
1111 1901 1155 1942 fit
1185 1902 1260 1942 ἐδέν
1286 1919 1327 1949 με
1360 1909 1456 1945 aian·

793 1962 860 2000 eac.
913 1958 1029 1998 Nihil
1061 1972 1115 1998 me
1138 1958 1271 2013 fallis]
1326 1956 1456 2008 Nihil,

792 2027 862 2066 pro
883 2015 1132 2054 etiamnunc.
1191 2016 1242 2055 D.

849 2071 964 2110 Κεξὶε
982 2081 1072 2110 vett.
1093 2071 1212 2109 nostri
1231 2068 1343 2110 codd.
1364 2071 1458 2110 irri-

792 2126 854 2165 des
872 2124 954 2165 sine
975 2127 1282 2181 interrogatione
1293 2137 1459 2178 ponunt.

790 2180 890 2222 Illud
909 2193 1035 2222 autem
1040 2183 1114 2235 fid
1130 2186 1211 2223 dico
1237 2196 1327 2222 cum
1355 2183 1397 2222 in
1416 2195 1461 2223 re

794 2248 873 2277 tam
902 2240 1010 2292 graui
1045 2240 1161 2278 nimis
1196 2239 1239 2278 sit
1266 2239 1461 2289 tepidum,

793 2296 1070 2346 reponendum
1088 2294 1227 2336 censeo
1244 2297 1344 2335 edico
1367 2296 1406 2335 h.
1421 2309 1458 2335 e.

797 2351 996 2390 denuntio.
1054 2356 1095 2392 B.

857 2419 910 2460 34
938 2409 1070 2460 Neque
1093 2422 1135 2448 tu
1154 2407 1244 2447 haut
1264 2409 1366 2449 dicas
1389 2406 1463 2447 tibi

92 2461 198 2503 vsum
227 2461 418 2514 loquendi
445 2461 549 2512 apud
576 2461 754 2499 Plautum
804 2477 877 2503 non.
890 2465 1135 2520 praedictum]
1173 2466 1288 2505 Duae
1312 2466 1463 2517 negati-

94 2530 136 2559 et
151 2520 338 2568 Nostrum,
367 2521 431 2571 qui
451 2517 603 2570 semper
619 2516 753 2556 dicunt
803 2534 876 2561 uae
926 2519 1075 2559 faciunt
1130 2533 1246 2561 vnam
1298 2521 1465 2561 affirma-

97 2576 309 2615 circumire.
363 2578 405 2615 B.

149 2642 204 2685 32
234 2630 367 2675 Vhiuis
385 2629 570 2687 fiscilius]
607 2632 751 2678 Admo-

804 2579 950 2618 tiuam:
997 2588 1072 2615 tres
1124 2578 1335 2632 negatiuae
1389 2589 1461 2630 pro

800 2648 878 2678 vna
944 2634 1129 2688 negatiua
1191 2634 1462 2689 accipiuntur:

1422 2698 1464 2731 vt
