1815 3168
572 95 987 143 EVNVCHVS.

1355 113 1443 160 37¹

219 231 284 275 Ex
321 227 503 272 homine
538 224 658 270 hunc
690 233 842 269 natum
875 221 1003 268 dicas.
1052 214 1211 268 THA.
1238 223 1333 274 ,vbi
1365 228 1444 281 vis,

320 318 411 347 non
438 316 602 346 moror.

218 373 254 423 Ρ
269 390 299 422 A
317 389 363 422 R.
401 375 559 428 Adibo,
586 385 713 437 atque
734 369 992 425 affimulabo,
1017 369 1133 435 quali
1153 388 1270 418 nunc
1282 389 1443 422 exeam.

217 446 395 503 Ituran'‚
431 451 587 503 Thais,
610 450 821 514 quopiam
843 446 920 496 es?
954 443 1052 494 ΤΗ
1072 462 1123 493 A.
1161 444 1315 500 ehem!
1347 453 1445 497 Par-

317 543 463 574 meno,

132 619 190 652 10
221 604 340 649 Bene
375 599 532 647 fecisti:
580 599 712 647 hodie
742 599 887 645 itura?
934 594 1016 645 PA
1030 610 1076 645 R.
1120 598 1241 662 quo?
1286 595 1339 648 T
1348 613 1445 650 HA.

315 675 453 741 quid?
484 676 604 723 hunc
625 669 893 740 nonlvides‘l

83 895 261 951 alterum]
290 895 478 943 Alterum,
506 910 589 936 non
614 893 740 948 respe-

82 954 197 999 ftiue,
220 950 283 993 sed
304 951 472 992 absolute
480 967 490 1001 ;
521 966 564 991 ac
584 952 610 992 si
631 950 741 991 dixis-

83 1007 150 1060 set,
171 1009 272 1048 aliud
293 1009 457 1059 dicium,
489 1009 552 1049 vel
578 1009 740 1048 alterum

77 1065 250 1115 stultum.
308 1067 358 1105 D.

78 1122 80 1128 ⁸
138 1132 166 1172 7
200 1123 258 1161 Ex
277 1118 418 1160 homine
435 1120 528 1160 hunc
544 1134 674 1160 natum
687 1122 741 1160 di·

83 1177 177 1230 cas]
195 1177 307 1216 Re'ste
328 1176 582 1226 reprehendit
592 1180 741 1217 Parme-

83 1245 138 1272 no
160 1231 266 1279 duos,
296 1245 463 1282 quorum
481 1245 575 1271 vnus
596 1232 740 1272 benefi-

83 1289 187 1327 cium
213 1286 354 1326 Thaidi
383 1287 607 1338 exprobrat,
644 1289 740 1328 alter

82 1357 153 1396 pro
171 1342 363 1382 beneficio
382 1355 543 1382 coenam
561 1343 739 1392 ostendit,

82 1410 269 1450 tanquam
308 1398 357 1437 ad
392 1411 477 1437 eam
510 1399 739 1439 currendum

83 1454 149 1494 fit:
182 1468 271 1493 nam
297 1454 370 1492 hoc
398 1453 602 1506 fignificat,
633 1455 740 1510 Quid

75 1509 186 1563 stas?
216 1509 316 1560 quasi
342 1509 383 1548 fit
406 1507 514 1548 causa
535 1525 742 1562 properan-

83 1565 140 1608 di.
198 1564 271 1604 Vbi
296 1569 375 1613 vis,
405 1579 476 1604 non
502 1568 646 1621 moror]
680 1565 741 1606 Ad

82 1624 222 1662 Eamus
238 1621 291 1660 ad
306 1635 460 1669 coenam,
483 1622 553 1660 Vln'
569 1624 624 1660 vis
642 1634 742 1661 retu·

83 1678 129 1716 lit
145 1678 222 1729 (ad,
245 1678 348 1716 reete
367 1675 551 1716 insertum
570 1678 623 1717 est
644 1680 685 1717 in
705 1690 742 1716 e-

84 1733 153 1772 dit.
184 1731 373 1772 Westerh.
402 1737 482 1787 2.):
513 1732 624 1789 Qid
636 1733 741 1786 flas?

84 1789 179 1829 Non
200 1801 336 1827 moror.
394 1790 458 1839 D„

138 1843 211 1884 Vbi
239 1847 313 1892 vis,
345 1857 418 1883 non
435 1843 616 1898 moror?]
647 1845 740 1885 Non

27 1947 30 1953 ι
82 1914 224 1948 moror,
246 1913 330 1938 non
347 1900 632 1952 impedimento
647 1899 738 1940 sum.

139 2012 192 2059 Si,
213 2025 259 2052 ex·
278 2011 422 2051 homine
441 2010 675 2052 huncnatum
685 2013 741 2052 di-

85 2080 154 2117 cas,
165 2067 244 2106 {ine
261 2068 570 2121 interrogatione
580 2071 719 2120 accipis
729 2083 740 2116 3

83 2120 211 2163 sensus
242 2122 314 2172 est,
354 2134 556 2175 vti-umque
585 2124 741 2163 stultitia

87 2176 165 2218 esse
183 2192 328 2230 parem.
382 2181 449 2220 Sin
470 2194 555 2219 cum
576 2182 739 2220 interro-

88 2235 265 2288 gatione:
299 2235 465 2275 eandem
488 2236 637 2276 habent
648 2238 737 2285 vim,

88 2304 203 2342 quam
221 2291 285 2329 illa
308 2291 408 2342 apud
427 2296 462 2333 N
465 2292 615 2341 ostrum,
631 2293 736 2333 Non-

86 2359 131 2387 ne
149 2345 220 2400 'hoc-
237 2347 384 2396 monstri
392 2347 509 2398 fimile
528 2348 600 2399 est?
629 2351 737 2389 Mon-

77 2401 199 2457 strum
219 2401 398 2442 hominis!
424 2403 539 2458 Qod
566 2404 739 2456 istucnam

87 2457 286 2508 monstrum
317 2457 387 2508 est?
425 2461 502 2499 Sed
529 2461 738 2500 admodum

88 2510 297 2567 ingeniosa
329 2513 382 2552 est
409 2517 572 2556 Bentleii
610 2518 739 2558 conie-

84 2569 204 2620 θυῖε,
222 2568 419 2611 Abdomini
438 2571 533 2614 hunc
550 2586 676 2615 natum
687 2574 740 2615 di-

1298 752 1447 801 Pan.

790 906 860 935 cas,
915 895 1016 935 Nam
1036 892 1213 946 parasitus
1231 905 1325 936 ante
1336 896 1447 938 dixe-

789 961 867 999 rat,
904 948 1043 989 Eamus
1071 951 1120 990 ad
1147 965 1320 990 coenam:
1356 956 1451 1008 quid

780 1007 884 1058 stas?
931 1005 1091 1046 Deinde
1119 1006 1266 1048 ,eadem
1300 1009 1446 1061 phrasis

789 1063 952 1101 occurrit
976 1062 1056 1102 Cic.
1088 1064 1131 1101 in
1162 1061 1230 1103 Pis.
1255 1076 1314 1118 17.
1377 1067 1446 1107 Ille

787 1132 922 1174 gurges
951 1132 1059 1171 atque
1081 1118 1212 1157 heluo:
1241 1134 1351 1162 natus
1374 1122 1446 1163 ab-

789 1176 931 1214 domini
947 1173 1043 1223 suo,
1081 1188 1159 1216 non
1185 1174 1289 1216 laudi
1306 1191 1344 1218 et
1361 1181 1447 1236 glo-

789 1233 878 1270 riae.
934 1233 975 1270 Z.

847 1292 869 1334 g
900 1283 1022 1339 Qafi
1032 1298 1129 1325 nunc
1150 1288 1294 1342 exeam]
1322 1291 1450 1343 Mire,‘

789 1341 905 1381 Nunc
922 1355 1054 1385 exeam,
1087 1343 1235 1393 quippe
1255 1345 1320 1395 qui
1351 1346 1448 1386 iam-

787 1396 935 1436 dudum
946 1397 1080 1447 procul
1096 1396 1240 1437 steterit
1250 1400 1448 1453 (Vterque

788 1452 889 1491 liber
905 1452 1022 1499 addit,
1046 1451 1100 1491 ibi
1117 1454 1310 1506 videlicet).
1339 1460 1390 1499 D.

842 1521 867 1560 9
899 1508 1070 1556 hurane,
1108 1508 1240 1556 Thais,
1271 1517 1448 1564 quopiam

789 1564 873 1618 es?]
909 1566 958 1604 Vt
985 1565 1202 1615 experiatur
1219 1565 1380 1607 Thaidis
1407 1584 1449 1609 a-

791 1621 956 1667 nimum,
986 1618 1101 1672 fingit
1119 1617 1266 1659 nescire
1277 1635 1354 1672 quo
1374 1636 1447 1665 eat.

791 1676 911 1714 Hem!
938 1674 1139 1729 Parmeno]
1180 1676 1280 1716 Vide
1305 1678 1448 1730 depre-

790 1728 947 1770 hensam
966 1732 1210 1770 meretricem
1223 1733 1324 1773 velle
1337 1734 1448 1777 blan-

789 1787 973 1826 dimentis
1003 1784 1218 1826 satisfacere
1245 1791 1450 1833 Parmeno-

788 1844 841 1882 ni.
897 1843 947 1881 D.

844 1898 988 1937 Ituran’
1020 1897 1188 1953 Thais?]
1225 1903 1446 1957 Interrogat

787 1957 990 2002 ParmenQ
1009 1968 1059 1993 an
1071 1956 1200 2006 aliquo
1210 1958 1307 1997 itura
1318 1959 1371 1999 fit.
1402 1964 1448 2002 E.

849 2021 901 2052 10
933 2010 1181 2065 Beneficisti]
1212 2015 1318 2064 Quid
1342 2014 1447 2057 bene

788 2065 880 2106 fecit
894 2069 1107 2107 Parmeno?
1135 2071 1200 2106 An
1229 2069 1330 2120 quafi
1359 2085 1447 2123 per-

789 2121 939 2162 turbata
966 2120 1060 2160 haec
1089 2122 1284 2173 loquitur,
1325 2128 1445 2168 etiam

788 2177 839 2217 de
873 2177 996 2216 nihilo
1034 2176 1261 2229 blandiens,
1309 2176 1446 2235 vtpote

787 2234 966 2273 meretrix
986 2243 1027 2271 et
1054 2233 1204 2276 faceta?
1242 2240 1307 2277 An
1338 2239 1445 2290 quod

786 2287 944 2328 illuserit
955 2291 1160 2330 conuicio?
1196 2292 1332 2347 Hodae]
1353 2286 1448 2336 Dul-

788 2347 885 2384 citer
902 2345 1072 2384 additum
1093 2346 1208 2395 hodie,
1229 2350 1336 2405 quali
1356 2365 1447 2391 cum

789 2402 1042 2452 exceptione:
1074 2415 1151 2453 quo
1182 2400 1218 2442 se
1245 2399 1444 2458 fignificat,

788 2471 870 2497 non
891 2468 1083 2509 perpetuo
1102 2456 1366 2502 obsecuturam
1378 2465 1448 2502 mi-

788 2514 866 2553 liti:
899 2522 937 2553 et
962 2523 1001 2551 vt
1031 2526 1131 2564 quae
1163 2514 1257 2567 (Sed
1285 2529 1327 2557 ut
1348 2532 1448 2571 quo-

788 2582 877 2626 qu23
905 2580 978 2616 aut,
998 2568 1070 2622 fi‘d
1092 2572 1135 2625 ‚id
1150 2572 1251 2624 quod
1276 2575 1338 2628 Z.)
1359 2588 1445 2626 pro-

899 2629 970 2668 Aa
998 2637 1025 2667 2
1340 2632 1446 2670 mile-
