1815 3168
312 147 380 203 48

725 137 885 187 ACT.
918 136 950 186 1.
993 136 1188 183 SCEN.
1224 135 1256 183 1.

452 263 484 315 S
500 279 531 314 1.
569 268 692 312 Tute
713 264 801 329 ipse
819 263 887 310 his
914 262 1045 310 rebus
1068 261 1200 310 finem
1209 259 1520 329 praescripsisti,
1541 273 1680 329 pater.

325 358 345 394 1
358 361 415 409 ις
447 347 592 405 Prope
613 338 740 392 adest,
764 355 904 402 quum
924 339 1064 385 alieno
1077 355 1200 386 more
1220 340 1460 386 viuendum
1475 337 1534 387 est
1543 340 1678 387 mihi:

453 421 557 468 Sine
587 433 706 462 nunc
728 431 827 461 meo
848 430 919 459 me
944 415 1093 460 viuere
1113 416 1276 460 interea
1297 414 1446 461 modo.

453 493 546 543 So.
588 493 699 545 Quis
724 491 857 550 igitur
877 485 1056 534 reliEtus
1078 487 1137 534 est
1162 488 1424 549 obiurgandi
1444 490 1604 536 locus?

452 568 483 617 S
498 583 530 615 Ι.
576 568 621 612 Si
640 574 825 629 propter
850 579 1046 609 amorem
1068 580 1246 610 onrem
1269 564 1380 610 nolit
1399 564 1587 617 ducere.

451 648 514 692 Ea
535 643 733 708 primum
753 633 906 685 ab'illo
930 638 1312 685 animaduertenda
1327 640 1486 688 iniuria
1505 639 1580 686 est.

1581 731 1675 777 130

374 856 454 898 124
489 842 547 881 Tu
561 854 596 880 te
613 837 669 879 his
687 836 814 893 rebus]
843 836 970 881 Modo
1014 849 1102 890 pter
1127 838 1302 888 amorem]
1344 837 1503 877 Initium
1531 835 1678 877 confilii

318 915 400 942 non
423 897 571 939 addidit
586 898 733 936 diceret.
784 897 835 936 D.

371 957 462 996 Tute
480 954 553 1007 ''Pfi'
571 953 627 993 his
636 950 741 991 rebus
746 950 860 1004 finem
869 961 970 1003 prae-

303 1010 490 1067 firipfisti,
506 1010 634 1064 pater]
665 1007 792 1049 Potest
811 1008 918 1046 enim
928 1005 970 1045 fi-

314 1071 388 1110 lius
409 1069 557 1114 dicere,
589 1077 747 1105 onrem
766 1076 873 1103 nunc
892 1061 970 1102 sum

315 1126 510 1172 dufihirus,
549 1133 698 1172 tempus
726 1121 861 1159 veniet
883 1131 970 1157 cum

314 1183 443 1222 aliena
467 1181 558 1232 lege
584 1187 623 1218 et
643 1177 778 1216 alienis
797 1174 969 1215 moribus

314 1239 455 1278 vinam.
491 1235 651 1276 Interim
661 1232 752 1281 fine,
773 1232 867 1271 dum
877 1242 972 1270 tem·

313 1307 384 1347 pus
407 1293 460 1333 est
472 1322 480 1338 ,
507 1303 597 1329 meo
616 1303 682 1329 me
698 1301 807 1327 more
825 1288 969 1326 viuere.

311 1349 431 1391 Vnde
461 1345 590 1386 seruus
625 1354 664 1384 et
695 1343 767 1382 hac
795 1356 838 1381 re
864 1342 971 1381 deie-

310 1408 404 1454 &us‚
424 1400 655 1455 obiurgandi
663 1401 876 1453 interrogat
885 1409 971 1437 cau-

310 1461 376 1504 sas.
433 1462 479 1501 E.

371 1527 449 1567 125
482 1515 604 1566 Prope
622 1510 738 1565 adest]
767 1513 894 1562 Prope
907 1507 970 1548 ad-

311 1571 401 1614 sunt
426 1570 613 1620 nuptiae:
634 1570 676 1608 in
697 1567 876 1620 proximo
886 1563 972 1604 sunt

309 1640 439 1675 metae
466 1625 675 1665 libertatis:
705 1634 744 1663 et
773 1622 865 1662 ideo
893 1621 972 1661 aui·

310 1687 396 1727 dius
417 1682 632 1732 voluptaria
654 1677 720 1718 sub
741 1677 861 1718 finem
888 1690 966 1717 car·

310 1741 441 1797 penda
487 1736 586 1778 sunt.
655 1735 780 1790 Qum
818 1733 964 1788 alieno]

309 1800 437 1853 Qum
448 1808 518 1847 pro
532 1807 609 1845 quo
620 1806 630 1839 3
644 1791 718 1831 hoc
729 1791 838 1831 enim
848 1789 965 1844 figni-

309 1856 397 1896 ficat
415 1865 534 1906 quum.
592 1854 638 1890 D.
762 1888 768 1892 ,
867 1893 871 1895 ,

363 1911 488 1961 Prope
518 1904 641 1960 adqst]
685 1900 862 1945 Priscian.
898 1901 966 1942 lib.

310 1980 390 2009 x1v.
444 1967 485 2004 L.
571 1977 577 1980 ·
749 1973 752 1975 ’

369 2024 448 2065 126
477 2019 568 2059 Meo
598 2032 653 2057 me
682 2020 810 2056 viuere
827 2016 968 2055 interea

309 2078 441 2132 modo]
480 2076 573 2115 Meo
592 2073 711 2121 modo,
731 2085 820 2111 mea
839 2071 970 2110 volun-

310 2147 398 2182 tate,
417 2145 506 2173 meo
529 2130 697 2170 arbitrio.
751 2132 803 2169 D.

368 2202 445 2242 127
481 2187 640 2228 Reliezus
673 2183 718 2236 est
750 2181 970 2237 obiurgandi

308 2248 424 2300 locus]
472 2245 577 2285 Mire
605 2240 854 2295 obiurgandi:
883 2249 966 2277 tan-

307 2297 423 2357 quarn
448 2297 622 2340 incensus
650 2307 761 2350 pater
784 2297 827 2335 in
846 2294 967 2334 filium

305 2360 513 2401 videretur.
545 2368 636 2395 nam
661 2351 771 2405 supra
798 2363 967 2390 commo-

305 2427 366 2460 tus
392 2415 475 2465 plus
500 2424 570 2464 per
587 2409 808 2453 ἀποσιώπησιν
826 2404 966 2460 fignifi-

305 2481 467 2516 eauerat.
524 2469 566 2508 Si
576 2464 746 2520 propter]
778 2467 865 2505 Hoc
881 2472 965 2501 erat

308 2526 522 2571 secundum
539 2525 580 2563 in
602 2521 801 2568 dfflifione,
820 2521 872 2559 Et
882 2532 961 2557 con-

299 2584 430 2641 filium
446 2594 562 2623 meum
580 2578 778 2635 cognosces.
817 2574 860 2617 Si
872 2587 964 2630 pro-

361 2655 373 2668 ,
566 2652 584 2657 ..

1017 892 1074 933 sui
1094 893 1395 933 demonstrandi.
1448 895 1500 934 D.

1073 949 1171 1003 Qis
1187 952 1310 1005 igitur
1328 950 1470 990 relic‘tus
1491 948 1537 1000 est
1555 947 1678 993 obiur-

1017 1008 1135 1061 gandi
1152 1007 1266 1049 locus]
1292 1009 1341 1047 Et
1358 1005 1461 1046 bene
1473 1005 1679 1060 obiurgan-

1020 1065 1058 1102 di
1089 1063 1196 1102 dixit.
1222 1076 1312 1102 nam
1341 1061 1391 1102 de
1420 1062 1584 1101 crimine
1600 1063 1680 1101 iam

1021 1119 1176 1168 constat,
1201 1118 1305 1169 quod
1327 1126 1432 1157 amat
1456 1116 1577 1158 filius:
1611 1115 1678 1159 sed

1021 1174 1251 1228 obiurgandi
1268 1175 1462 1226 quaeritur
1480 1173 1596 1213 locus.
1631 1177 1679 1215 E.

1071 1234 1117 1271 In
1148 1229 1284 1269 nostris
1312 1229 1398 1269 fere
1424 1229 1605 1268 omnibus
1635 1230 1680 1269 li-

1019 1286 1095 1325 bris
1108 1286 1171 1334 est,
1188 1285 1269 1338 Qi
1278 1287 1411 1340 igitur,
1437 1285 1543 1337 quod
1554 1284 1609 1324 est
1618 1298 1679 1324 re·

1020 1341 1258 1394 cipiendum.
1281 1340 1381 1382 Cod.
1394 1341 1603 1380 Vaticanus
1617 1354 1682 1380 ve·

1022 1398 1222 1444 terrimus,
1261 1396 1357 1436 teste
1384 1396 1433 1435 ad
1458 1395 1680 1436 Phaedrum

1022 1454 1175 1502 Gudi0‚
1207 1452 1367 1506 legebat
1391 1451 1549 1492 relicuus
1574 1451 1615 1492 h.
1640 1465 1676 1492 e.

1021 1510 1196 1563 reliquus.
1259 1508 1338 1549 Sed
1370 1518 1530 1562 recepta
1563 1508 1679 1550 lecffio

1021 1566 1076 1606 est
1090 1564 1310 1606 retinenda.
1373 1567 1415 1605 Β.

1077 1629 1152 1670 128
1183 1622 1309 1675 Nolit]
1340 1621 1504 1675 Legitur
1529 1630 1569 1661 et
1595 1621 1678 1662 nol.

1017 1677 1097 1718 Iet.·
1135 1679 1187 1717 D.

1053 1734 1096 1774 Si
1103 1744 1258 1786 propter
1266 1746 1427 1772 amorem
1436 1746 1592 1773 vxorem
1601 1746 1679 1773 non

1015 1790 1099 1829 vult
1108 1787 1253 1835 ducere]
1283 1792 1370 1829 Hoc
1379 1787 1434 1827 est
1443 1788 1550 1838 illud,
1571 1788 1678 1840 quod

1017 1844 1226 1886 secundum
1265 1842 1516 1897 proposuerat
1542 1845 1674 1886 Simo:

1017 1914 1054 1941 et
1098 1901 1285 1953 consilium
1315 1915 1430 1940 meum
1464 1899 1671 1954 cognosces.

1019 1957 1155 1999 Credit
1200 1959 1306 1997 enim
1352 1956 1401 1996 ad
1438 1955 1676 1997 iracundiam

1019 2014 1120 2053 hanc
1143 2010 1222 2052 effe
1248 2010 1416 2061 causam,
1449 2025 1533 2052 non
1567 2011 1675 2064 quod

1020 2079 1123 2110 amet
1153 2068 1261 2116 filius,
1294 2083 1384 2109 nam
1408 2068 1447 2108 id
1465 2070 1593 2108 aetatis
1618 2067 1674 2108 est

1021 2136 1061 2166 et
1087 2127 1278 2177 tempotiS,
1305 2122 1369 2164 sed
1401 2123 1506 2163 vnde
1531 2124 1673 2176 incipit

1018 2179 1125 2221 causa
1143 2182 1311 2233 peccati,
1344 2180 1370 2220 fi
1388 2190 1547 2232 propter
1566 2193 1672 2225 arno·
1734 2216 1738 2220 ,

1014 2251 1098 2278 rem
1116 2238 1215 2277 nolit
1232 2237 1377 2276 ducere
1389 2248 1561 2275 vxorem.
1597 2239 1643 2277 E.

1068 2297 1140 2335 Pro
1156 2294 1304 2346 vulgari
1323 2293 1423 2332 nolit
1430 2321 1440 2340 ‚
1467 2302 1506 2331 et
1521 2292 1670 2333 Donati

1014 2349 1136 2397 nollet,
1149 2349 1414 2401 reponenda.
1471 2351 1513 2388 B.

1071 2418 1152 2458 -129
1184 2404 1244 2444 Ab
1261 2402 1322 2443 illo
1341 2402 1680 2456 animaduertenda,

1013 2458 1176 2508 iniuria]
1228 2464 1329 2501 Nota
1365 2460 1610 2512 participium
1645 2474 1669 2499 a

1012 2518 1168 2568 paffiuo.
1195 2517 1544 2563 Animaduertenda‚
1565 2513 1670 2553 casti·
1735 2552 1737 2554 ,

1011 2572 1150 2628 ganda,
1171 2572 1404 2615 vindicanda
1424 2571 1488 2613 est.
1522 2569 1587 2635 Ab·
1603 2568 1666 2635 iilo

1571 2639 1669 2669 tmu-
