<?xml version="1.0" encoding="UTF-8"?>
<!DOCTYPE html PUBLIC "-//W3C//DTD XHTML 1.0 Transitional//EN"
    "http://www.w3.org/TR/xhtml1/DTD/xhtml1-transitional.dtd">
<html xmlns="http://www.w3.org/1999/xhtml" xml:lang="en" lang="en">
 <head>
  <title>
</title>
<meta http-equiv="Content-Type" content="text/html;charset=utf-8" />
  <meta name='ocr-system' content='tesseract 3.04.00' />
  <meta name='ocr-capabilities' content='ocr_page ocr_carea ocr_par ocr_line ocrx_word'/>
</head>
<body>
  <div class='ocr_page' id='page_1' title='image "./comoediaesexexre01tereuoft_0738.png"; bbox 0 0 1815 3168; ppageno 0'>
   <div class='ocr_carea' id='block_1_1' title="bbox 316 94 412 151">
    <p class='ocr_par' dir='ltr' id='par_1_1' title="bbox 316 94 412 151">
     <span class='ocr_line' id='line_1_1' title="bbox 316 94 412 151; baseline -0.021 -13"><span class='ocrx_word' id='word_1_1' title='bbox 316 94 412 151; x_wconf 81' lang='lat'>640</span> 
     </span>
    </p>
   </div>
   <div class='ocr_carea' id='block_1_2' title="bbox 715 85 984 134">
    <p class='ocr_par' dir='ltr' id='par_1_2' title="bbox 715 85 984 134">
     <span class='ocr_line' id='line_1_2' title="bbox 715 85 984 134; baseline 0.004 -3"><span class='ocrx_word' id='word_1_2' title='bbox 715 88 756 131; x_wconf 92' lang='lat' dir='ltr'>A</span> <span class='ocrx_word' id='word_1_3' title='bbox 769 85 804 132; x_wconf 96' lang='lat' dir='ltr'>C</span> <span class='ocrx_word' id='word_1_4' title='bbox 817 86 877 134; x_wconf 87' lang='lat' dir='ltr'>T.</span> <span class='ocrx_word' id='word_1_5' title='bbox 910 86 984 132; x_wconf 90' lang='lat' dir='ltr'>IV.</span> 
     </span>
    </p>
   </div>
   <div class='ocr_carea' id='block_1_3' title="bbox 1031 85 1295 137">
    <p class='ocr_par' dir='ltr' id='par_1_3' title="bbox 1031 85 1295 137">
     <span class='ocr_line' id='line_1_3' title="bbox 1031 85 1295 137; baseline 0.019 -6"><span class='ocrx_word' id='word_1_6' title='bbox 1031 85 1227 134; x_wconf 88' lang='lat' dir='ltr'><strong>SCEN.</strong></span> <span class='ocrx_word' id='word_1_7' title='bbox 1259 87 1295 137; x_wconf 89' lang='grc' dir='ltr'>Ι.</span> 
     </span>
    </p>
   </div>
   <div class='ocr_carea' id='block_1_4' title="bbox 355 212 1711 431">
    <p class='ocr_par' dir='ltr' id='par_1_4' title="bbox 355 212 1711 431">
     <span class='ocr_line' id='line_1_4' title="bbox 452 212 1711 280; baseline 0.002 -17"><span class='ocrx_word' id='word_1_8' title='bbox 452 219 563 264; x_wconf 82' lang='lat' dir='ltr'>Non</span> <span class='ocrx_word' id='word_1_9' title='bbox 578 212 775 260; x_wconf 74' lang='lat' dir='ltr'>fimu1are</span> <span class='ocrx_word' id='word_1_10' title='bbox 790 224 980 260; x_wconf 83' lang='lat' dir='ltr'>mortem</span> <span class='ocrx_word' id='word_1_11' title='bbox 990 213 1147 267; x_wconf 81' lang='lat' dir='ltr'>verbis,</span> <span class='ocrx_word' id='word_1_12' title='bbox 1160 215 1305 279; x_wconf 85' lang='lat' dir='ltr'>reipsa</span> <span class='ocrx_word' id='word_1_13' title='bbox 1320 215 1436 280; x_wconf 86' lang='lat' dir='ltr'>spem</span> <span class='ocrx_word' id='word_1_14' title='bbox 1449 218 1558 264; x_wconf 86' lang='lat' dir='ltr'>vitae</span> <span class='ocrx_word' id='word_1_15' title='bbox 1571 216 1685 264; x_wconf 84' lang='lat' dir='ltr'>dare.</span> <span class='ocrx_word' id='word_1_16' title='bbox 1706 259 1711 266; x_wconf 75' lang='grc'>,.</span> 
     </span>
     <span class='ocr_line' id='line_1_5' title="bbox 456 289 1686 343; baseline 0 -6"><span class='ocrx_word' id='word_1_17' title='bbox 456 300 515 337; x_wconf 85' lang='lat' dir='ltr'>At</span> <span class='ocrx_word' id='word_1_18' title='bbox 538 290 581 336; x_wconf 83' lang='lat' dir='ltr'>id</span> <span class='ocrx_word' id='word_1_19' title='bbox 603 294 781 337; x_wconf 84' lang='lat' dir='ltr'>omitto:</span> <span class='ocrx_word' id='word_1_20' title='bbox 810 289 1113 341; x_wconf 78' lang='lat' dir='ltr'>misericordia,</span> <span class='ocrx_word' id='word_1_21' title='bbox 1127 292 1295 343; x_wconf 78' lang='lat' dir='ltr'>animus</span> <span class='ocrx_word' id='word_1_22' title='bbox 1312 303 1555 338; x_wconf 83' lang='lat' dir='ltr'>maternus:</span> <span class='ocrx_word' id='word_1_23' title='bbox 1578 291 1686 340; x_wconf 81' lang='lat' dir='ltr'>fino.</span> 
     </span>
     <span class='ocr_line' id='line_1_6' title="bbox 355 363 1688 431; baseline 0.004 -20"><span class='ocrx_word' id='word_1_24' title='bbox 355 384 380 416; x_wconf 80' lang='lat'>2</span> <span class='ocrx_word' id='word_1_25' title='bbox 395 385 418 431; x_wconf 75' lang='grc' dir='ltr'><strong><em>ς</em></strong></span> <span class='ocrx_word' id='word_1_26' title='bbox 459 371 604 421; x_wconf 80' lang='lat' dir='ltr'><strong>Quam</strong></span> <span class='ocrx_word' id='word_1_27' title='bbox 628 365 740 412; x_wconf 66' lang='lat' dir='ltr'>bene</span> <span class='ocrx_word' id='word_1_28' title='bbox 762 382 867 410; x_wconf 83' lang='lat' dir='ltr'>vcro</span> <span class='ocrx_word' id='word_1_29' title='bbox 889 364 962 410; x_wconf 86' lang='lat' dir='ltr'>abs</span> <span class='ocrx_word' id='word_1_30' title='bbox 985 375 1027 410; x_wconf 86' lang='lat' dir='ltr'>te</span> <span class='ocrx_word' id='word_1_31' title='bbox 1053 363 1336 429; x_wconf 58' lang='lat' dir='ltr'>prospegmm</span> <span class='ocrx_word' id='word_1_32' title='bbox 1358 365 1434 412; x_wconf 79' lang='lat' dir='ltr'>est!</span> <span class='ocrx_word' id='word_1_33' title='bbox 1476 367 1582 431; x_wconf 86' lang='lat' dir='ltr'>quid</span> <span class='ocrx_word' id='word_1_34' title='bbox 1613 385 1688 416; x_wconf 87' lang='lat' dir='ltr'>vo·</span> 
     </span>
    </p>
   </div>
   <div class='ocr_carea' id='block_1_5' title="bbox 554 439 902 500">
    <p class='ocr_par' dir='ltr' id='par_1_5' title="bbox 554 439 902 500">
     <span class='ocr_line' id='line_1_7' title="bbox 554 439 902 500; baseline -0.009 -14"><span class='ocrx_word' id='word_1_35' title='bbox 554 439 697 486; x_wconf 79' lang='lat' dir='ltr'>luisti?</span> <span class='ocrx_word' id='word_1_36' title='bbox 739 442 902 500; x_wconf 83' lang='lat' dir='ltr'>cogita:</span> 
     </span>
    </p>
   </div>
   <div class='ocr_carea' id='block_1_6' title="bbox 451 513 1686 727">
    <p class='ocr_par' dir='ltr' id='par_1_6' title="bbox 451 513 1686 727">
     <span class='ocr_line' id='line_1_8' title="bbox 453 513 1652 581; baseline -0.002 -17"><span class='ocrx_word' id='word_1_37' title='bbox 453 522 632 581; x_wconf 84' lang='lat' dir='ltr'><strong>Nempe</strong></span> <span class='ocrx_word' id='word_1_38' title='bbox 655 514 1014 578; x_wconf 81' lang='lat' dir='ltr'>anuiilliprodita</span> <span class='ocrx_word' id='word_1_39' title='bbox 1036 513 1109 561; x_wconf 83' lang='lat' dir='ltr'>abs</span> <span class='ocrx_word' id='word_1_40' title='bbox 1133 525 1176 561; x_wconf 87' lang='lat' dir='ltr'>te</span> <span class='ocrx_word' id='word_1_41' title='bbox 1199 513 1282 561; x_wconf 74' lang='lat' dir='ltr'>filia</span> <span class='ocrx_word' id='word_1_42' title='bbox 1296 515 1354 562; x_wconf 85' lang='lat' dir='ltr'>est</span> <span class='ocrx_word' id='word_1_43' title='bbox 1380 513 1652 581; x_wconf 69' lang='lat' dir='ltr'>planissume,</span> 
     </span>
     <span class='ocr_line' id='line_1_9' title="bbox 451 588 1686 656; baseline -0.001 -17"><span class='ocrx_word' id='word_1_44' title='bbox 451 598 534 641; x_wconf 82' lang='lat' dir='ltr'>Per</span> <span class='ocrx_word' id='word_1_45' title='bbox 547 606 587 638; x_wconf 83' lang='lat' dir='ltr'>te</span> <span class='ocrx_word' id='word_1_46' title='bbox 601 591 668 638; x_wconf 86' lang='lat' dir='ltr'>vel</span> <span class='ocrx_word' id='word_1_47' title='bbox 681 588 976 654; x_wconf 81' lang='lat' dir='ltr'>vtiquaestum</span> <span class='ocrx_word' id='word_1_48' title='bbox 991 591 1159 643; x_wconf 84' lang='lat' dir='ltr'>faceret,</span> <span class='ocrx_word' id='word_1_49' title='bbox 1184 591 1251 637; x_wconf 81' lang='lat' dir='ltr'>vel</span> <span class='ocrx_word' id='word_1_50' title='bbox 1278 594 1332 636; x_wconf 85' lang='lat' dir='ltr'>vti</span> <span class='ocrx_word' id='word_1_51' title='bbox 1348 593 1517 638; x_wconf 81' lang='lat' dir='ltr'>veniret</span> <span class='ocrx_word' id='word_1_52' title='bbox 1529 593 1686 656; x_wconf 82' lang='lat' dir='ltr'>palam.</span> 
     </span>
     <span class='ocr_line' id='line_1_10' title="bbox 455 663 1685 727; baseline -0.002 -12"><span class='ocrx_word' id='word_1_53' title='bbox 455 667 660 721; x_wconf 83' lang='lat' dir='ltr'>Credo,id</span> <span class='ocrx_word' id='word_1_54' title='bbox 674 663 863 727; x_wconf 80' lang='lat' dir='ltr'>cogitasti</span> <span class='ocrx_word' id='word_1_55' title='bbox 876 682 886 722; x_wconf 83' lang='lat'>3</span> <span class='ocrx_word' id='word_1_56' title='bbox 903 666 1091 720; x_wconf 86' lang='lat' dir='ltr'>Quiduis</span> <span class='ocrx_word' id='word_1_57' title='bbox 1105 665 1197 713; x_wconf 84' lang='lat' dir='ltr'>satis</span> <span class='ocrx_word' id='word_1_58' title='bbox 1211 664 1392 720; x_wconf 85' lang='lat' dir='ltr'>est,durn</span> <span class='ocrx_word' id='word_1_59' title='bbox 1406 670 1523 715; x_wconf 82' lang='lat' dir='ltr'>viuat</span> <span class='ocrx_word' id='word_1_60' title='bbox 1536 668 1685 714; x_wconf 85' lang='lat' dir='ltr'>modo.</span> 
     </span>
    </p>
   </div>
   <div class='ocr_carea' id='block_1_7' title="bbox 319 898 1365 955">
    <p class='ocr_par' dir='ltr' id='par_1_7' title="bbox 319 898 1365 955">
     <span class='ocr_line' id='line_1_11' title="bbox 319 898 1365 955; baseline -0.005 -9"><span class='ocrx_word' id='word_1_61' title='bbox 319 917 509 947; x_wconf 75' lang='lat' dir='ltr'>teremtam</span> <span class='ocrx_word' id='word_1_62' title='bbox 540 902 725 955; x_wconf 80' lang='lat' dir='ltr'>oportuit]</span> <span class='ocrx_word' id='word_1_63' title='bbox 766 902 841 941; x_wconf 86' lang='lat' dir='ltr'>Hic</span> <span class='ocrx_word' id='word_1_64' title='bbox 867 902 978 953; x_wconf 84' lang='lat' dir='ltr'>poni·</span> <span class='ocrx_word' id='word_1_65' title='bbox 1020 898 1135 953; x_wconf 85' lang='lat' dir='ltr'>ficere</span> <span class='ocrx_word' id='word_1_66' title='bbox 1175 900 1365 941; x_wconf 79' lang='lat' dir='ltr'>dicuntur.</span> 
     </span>
    </p>
   </div>
   <div class='ocr_carea' id='block_1_8' title="bbox 1567 755 1690 812">
    <p class='ocr_par' dir='ltr' id='par_1_8' title="bbox 1567 755 1690 812">
     <span class='ocr_line' id='line_1_12' title="bbox 1567 755 1690 812; baseline 0.008 -8"><span class='ocrx_word' id='word_1_67' title='bbox 1567 755 1690 812; x_wconf 82' lang='lat' dir='ltr'>Quid</span> 
     </span>
    </p>
   </div>
   <div class='ocr_carea' id='block_1_9' title="bbox 1435 899 1683 953">
    <p class='ocr_par' dir='ltr' id='par_1_9' title="bbox 1435 899 1683 953">
     <span class='ocr_line' id='line_1_13' title="bbox 1435 899 1683 953; baseline -0.004 -11"><span class='ocrx_word' id='word_1_68' title='bbox 1435 899 1570 942; x_wconf 77' lang='lat' dir='ltr'>Sallust</span> <span class='ocrx_word' id='word_1_69' title='bbox 1619 903 1683 953; x_wconf 78' lang='lat' dir='ltr'>(in</span> 
     </span>
    </p>
   </div>
   <div class='ocr_carea' id='block_1_10' title="bbox 318 957 1686 1012">
    <p class='ocr_par' dir='ltr' id='par_1_10' title="bbox 318 957 1686 1012">
     <span class='ocr_line' id='line_1_14' title="bbox 318 957 1686 1012; baseline -0.004 -10"><span class='ocrx_word' id='word_1_70' title='bbox 318 975 377 1002; x_wconf 83' lang='lat' dir='ltr'>tur</span> <span class='ocrx_word' id='word_1_71' title='bbox 398 960 640 1012; x_wconf 73' lang='lat' dir='ltr'>participium</span> <span class='ocrx_word' id='word_1_72' title='bbox 663 958 861 1007; x_wconf 66' lang='lat' dir='ltr'>praeteriti</span> <span class='ocrx_word' id='word_1_73' title='bbox 884 969 977 995; x_wconf 87' lang='lat' dir='ltr'>tem·</span> <span class='ocrx_word' id='word_1_74' title='bbox 1028 959 1286 1011; x_wconf 78' lang='lat' dir='ltr'>Fragmentis)</span> <span class='ocrx_word' id='word_1_75' title='bbox 1320 957 1417 1008; x_wconf 76' lang='lat' dir='ltr'>Post</span> <span class='ocrx_word' id='word_1_76' title='bbox 1450 958 1686 1010; x_wconf 61' lang='lat' dir='ltr'>dqfeffYionem</span> 
     </span>
    </p>
   </div>
   <div class='ocr_carea' id='block_1_11' title="bbox 319 1012 1206 1070">
    <p class='ocr_par' dir='ltr' id='par_1_11' title="bbox 319 1012 1206 1070">
     <span class='ocr_line' id='line_1_15' title="bbox 319 1012 1206 1070; baseline -0.008 -13"><span class='ocrx_word' id='word_1_77' title='bbox 319 1019 421 1070; x_wconf 85' lang='lat' dir='ltr'>poris</span> <span class='ocrx_word' id='word_1_78' title='bbox 460 1029 528 1067; x_wconf 84' lang='lat' dir='ltr'>pro</span> <span class='ocrx_word' id='word_1_79' title='bbox 564 1012 759 1052; x_wconf 79' lang='lat' dir='ltr'>infinitiuo</span> <span class='ocrx_word' id='word_1_80' title='bbox 796 1015 976 1052; x_wconf 81' lang='lat' dir='ltr'>interimi.</span> <span class='ocrx_word' id='word_1_81' title='bbox 1017 1013 1206 1063; x_wconf 73' lang='lat' dir='ltr'>fimorum</span> 
     </span>
    </p>
   </div>
   <div class='ocr_carea' id='block_1_12' title="bbox 311 1068 980 2635">
    <p class='ocr_par' dir='ltr' id='par_1_12' title="bbox 315 1068 977 1170">
     <span class='ocr_line' id='line_1_16' title="bbox 315 1068 977 1118; baseline -0.009 -5"><span class='ocrx_word' id='word_1_82' title='bbox 315 1075 358 1116; x_wconf 91' lang='lat' dir='ltr'>Id</span> <span class='ocrx_word' id='word_1_83' title='bbox 389 1073 496 1111; x_wconf 86' lang='lat' dir='ltr'>enim</span> <span class='ocrx_word' id='word_1_84' title='bbox 524 1069 565 1107; x_wconf 79' lang='lat' dir='ltr'>fit</span> <span class='ocrx_word' id='word_1_85' title='bbox 583 1071 625 1107; x_wconf 87' lang='lat' dir='ltr'>in</span> <span class='ocrx_word' id='word_1_86' title='bbox 649 1068 801 1108; x_wconf 83' lang='lat' dir='ltr'>duobus</span> <span class='ocrx_word' id='word_1_87' title='bbox 823 1068 977 1118; x_wconf 85' lang='lat' dir='ltr'>cafibus‚</span> 
     </span>
     <span class='ocr_line' id='line_1_17' title="bbox 317 1125 892 1170; baseline -0.012 -1"><span class='ocrx_word' id='word_1_88' title='bbox 317 1126 531 1170; x_wconf 74' lang='lat' dir='ltr'>accusatiuo</span> <span class='ocrx_word' id='word_1_89' title='bbox 553 1136 592 1164; x_wconf 83' lang='lat' dir='ltr'>et</span> <span class='ocrx_word' id='word_1_90' title='bbox 609 1125 789 1165; x_wconf 85' lang='lat' dir='ltr'>ablatiuo.</span> <span class='ocrx_word' id='word_1_91' title='bbox 846 1126 892 1166; x_wconf 92' lang='lat' dir='ltr'>C.</span> 
     </span>
    </p>

    <p class='ocr_par' dir='ltr' id='par_1_13' title="bbox 313 1181 977 1563">
     <span class='ocr_line' id='line_1_18' title="bbox 375 1181 976 1237; baseline -0.008 -13"><span class='ocrx_word' id='word_1_92' title='bbox 375 1198 424 1234; x_wconf 78' lang='lat'>23</span> <span class='ocrx_word' id='word_1_93' title='bbox 457 1184 561 1237; x_wconf 80' lang='lat' dir='ltr'>Spem</span> <span class='ocrx_word' id='word_1_94' title='bbox 582 1182 698 1236; x_wconf 61' lang='lat' dir='ltr'>vitae]</span> <span class='ocrx_word' id='word_1_95' title='bbox 728 1181 976 1221; x_wconf 83' lang='lat' dir='ltr'>Scilicetnou</span> 
     </span>
     <span class='ocr_line' id='line_1_19' title="bbox 318 1233 976 1294; baseline -0.008 -14"><span class='ocrx_word' id='word_1_96' title='bbox 318 1233 487 1294; x_wconf 49' lang='lat' dir='ltr'>oportuit</span> <span class='ocrx_word' id='word_1_97' title='bbox 513 1238 688 1278; x_wconf 80' lang='lat' dir='ltr'>fimulare</span> <span class='ocrx_word' id='word_1_98' title='bbox 717 1250 759 1276; x_wconf 85' lang='lat' dir='ltr'>re</span> <span class='ocrx_word' id='word_1_99' title='bbox 781 1235 881 1289; x_wconf 87' lang='lat' dir='ltr'>ipsa,</span> <span class='ocrx_word' id='word_1_100' title='bbox 913 1235 976 1276; x_wconf 82' lang='lat' dir='ltr'>sed</span> 
     </span>
     <span class='ocr_line' id='line_1_20' title="bbox 315 1291 976 1345; baseline -0.008 -9"><span class='ocrx_word' id='word_1_101' title='bbox 315 1297 454 1336; x_wconf 84' lang='lat' dir='ltr'>verbis.</span> <span class='ocrx_word' id='word_1_102' title='bbox 542 1294 646 1334; x_wconf 87' lang='lat' dir='ltr'>Huic</span> <span class='ocrx_word' id='word_1_103' title='bbox 702 1291 976 1345; x_wconf 82' lang='lat' dir='ltr'>respondetur:</span> 
     </span>
     <span class='ocr_line' id='line_1_21' title="bbox 313 1348 976 1408; baseline -0.006 -18"><span class='ocrx_word' id='word_1_104' title='bbox 313 1353 443 1408; x_wconf 61' lang='lat' dir='ltr'><em>,Quam</em></span> <span class='ocrx_word' id='word_1_105' title='bbox 462 1350 546 1390; x_wconf 85' lang='lat' dir='ltr'>bene</span> <span class='ocrx_word' id='word_1_106' title='bbox 558 1348 621 1390; x_wconf 82' lang='lat' dir='ltr'>abs</span> <span class='ocrx_word' id='word_1_107' title='bbox 635 1364 669 1389; x_wconf 87' lang='lat' dir='ltr'>te</span> <span class='ocrx_word' id='word_1_108' title='bbox 682 1349 908 1402; x_wconf 64' lang='lat' dir='ltr'>prospec‘ium</span> <span class='ocrx_word' id='word_1_109' title='bbox 919 1348 976 1400; x_wconf 85' lang='lat' dir='ltr'>est,</span> 
     </span>
     <span class='ocr_line' id='line_1_22' title="bbox 316 1406 976 1458; baseline -0.008 -9"><span class='ocrx_word' id='word_1_110' title='bbox 316 1423 390 1452; x_wconf 88' lang='lat' dir='ltr'>etc.</span> <span class='ocrx_word' id='word_1_111' title='bbox 463 1406 580 1446; x_wconf 87' lang='lat' dir='ltr'>Vnde</span> <span class='ocrx_word' id='word_1_112' title='bbox 610 1407 859 1458; x_wconf 82' lang='lat' dir='ltr'>epilogorum</span> <span class='ocrx_word' id='word_1_113' title='bbox 891 1406 976 1444; x_wconf 92' lang='lat' dir='ltr'>loco</span> 
     </span>
     <span class='ocr_line' id='line_1_23' title="bbox 317 1462 977 1513; baseline -0.008 -8"><span class='ocrx_word' id='word_1_114' title='bbox 317 1464 541 1506; x_wconf 64' lang='lat' dir='ltr'>adiunffiim</span> <span class='ocrx_word' id='word_1_115' title='bbox 555 1462 617 1510; x_wconf 81' lang='lat' dir='ltr'>est,</span> <span class='ocrx_word' id='word_1_116' title='bbox 630 1472 819 1513; x_wconf 85' lang='lat' dir='ltr'>quantum</span> <span class='ocrx_word' id='word_1_117' title='bbox 831 1463 977 1501; x_wconf 86' lang='lat' dir='ltr'>incom-</span> 
     </span>
     <span class='ocr_line' id='line_1_24' title="bbox 314 1516 863 1563; baseline -0.011 0"><span class='ocrx_word' id='word_1_118' title='bbox 314 1522 424 1563; x_wconf 82' lang='lat' dir='ltr'>modi</span> <span class='ocrx_word' id='word_1_119' title='bbox 443 1516 692 1558; x_wconf 84' lang='lat' dir='ltr'>eonsecutum</span> <span class='ocrx_word' id='word_1_120' title='bbox 709 1517 765 1559; x_wconf 80' lang='lat' dir='ltr'>fit.</span> <span class='ocrx_word' id='word_1_121' title='bbox 820 1521 863 1558; x_wconf 79' lang='lat' dir='ltr'>E.</span> 
     </span>
    </p>

    <p class='ocr_par' dir='ltr' id='par_1_14' title="bbox 316 1573 980 1729">
     <span class='ocr_line' id='line_1_25' title="bbox 369 1573 979 1630; baseline -0.008 -12"><span class='ocrx_word' id='word_1_122' title='bbox 369 1590 425 1630; x_wconf 86' lang='lat'>24</span> <span class='ocrx_word' id='word_1_123' title='bbox 452 1575 561 1629; x_wconf 71' lang='lat' dir='ltr'>Sino]</span> <span class='ocrx_word' id='word_1_124' title='bbox 594 1573 800 1616; x_wconf 81' lang='lat' dir='ltr'>Concedo:</span> <span class='ocrx_word' id='word_1_125' title='bbox 831 1575 920 1625; x_wconf 88' lang='lat' dir='ltr'>quia</span> <span class='ocrx_word' id='word_1_126' title='bbox 943 1588 979 1613; x_wconf 89' lang='lat' dir='ltr'>a·</span> 
     </span>
     <span class='ocr_line' id='line_1_26' title="bbox 316 1631 980 1682; baseline -0.005 -9"><span class='ocrx_word' id='word_1_127' title='bbox 316 1634 446 1674; x_wconf 86' lang='lat' dir='ltr'>nimus</span> <span class='ocrx_word' id='word_1_128' title='bbox 465 1643 660 1671; x_wconf 81' lang='lat' dir='ltr'>maternus</span> <span class='ocrx_word' id='word_1_129' title='bbox 680 1631 890 1682; x_wconf 85' lang='lat' dir='ltr'>plurimum</span> <span class='ocrx_word' id='word_1_130' title='bbox 920 1644 980 1671; x_wconf 90' lang='lat' dir='ltr'>ve-</span> 
     </span>
     <span class='ocr_line' id='line_1_27' title="bbox 318 1689 711 1729; baseline -0.013 0"><span class='ocrx_word' id='word_1_131' title='bbox 318 1691 411 1729; x_wconf 81' lang='lat' dir='ltr'>niae</span> <span class='ocrx_word' id='word_1_132' title='bbox 429 1698 610 1727; x_wconf 84' lang='lat' dir='ltr'>meretur.</span> <span class='ocrx_word' id='word_1_133' title='bbox 665 1689 711 1727; x_wconf 90' lang='lat' dir='ltr'>C.</span> 
     </span>
    </p>

    <p class='ocr_par' dir='ltr' id='par_1_15' title="bbox 316 1740 976 1903">
     <span class='ocr_line' id='line_1_28' title="bbox 375 1740 976 1796; baseline -0.007 -11"><span class='ocrx_word' id='word_1_134' title='bbox 375 1748 528 1785; x_wconf 70' lang='lat' dir='ltr'>Animus</span> <span class='ocrx_word' id='word_1_135' title='bbox 551 1756 762 1786; x_wconf 84' lang='lat' dir='ltr'>maternus;</span> <span class='ocrx_word' id='word_1_136' title='bbox 777 1740 881 1796; x_wconf 77' lang='lat' dir='ltr'>fluo]</span> <span class='ocrx_word' id='word_1_137' title='bbox 901 1740 976 1784; x_wconf 85' lang='lat' dir='ltr'>Ms.</span> 
     </span>
     <span class='ocr_line' id='line_1_29' title="bbox 316 1804 976 1848; baseline -0.003 -8"><span class='ocrx_word' id='word_1_138' title='bbox 316 1805 358 1845; x_wconf 83' lang='lat' dir='ltr'>R.</span> <span class='ocrx_word' id='word_1_139' title='bbox 381 1804 556 1845; x_wconf 10' lang='lat' dir='ltr'>&amp;Animus</span> <span class='ocrx_word' id='word_1_140' title='bbox 582 1812 790 1848; x_wconf 83' lang='lat' dir='ltr'>maternus,</span> <span class='ocrx_word' id='word_1_141' title='bbox 837 1813 912 1848; x_wconf 76' lang='lat' dir='ltr'>mv,</span> <span class='ocrx_word' id='word_1_142' title='bbox 940 1812 976 1838; x_wconf 82' lang='lat' dir='ltr'>te</span> 
     </span>
     <span class='ocr_line' id='line_1_30' title="bbox 317 1859 563 1903; baseline -0.012 -6"><span class='ocrx_word' id='word_1_143' title='bbox 317 1859 466 1903; x_wconf 77' lang='lat' dir='ltr'>deuicit.</span> <span class='ocrx_word' id='word_1_144' title='bbox 522 1859 563 1895; x_wconf 94' lang='lat' dir='ltr'>L.</span> 
     </span>
    </p>

    <p class='ocr_par' dir='ltr' id='par_1_16' title="bbox 311 1908 979 2525">
     <span class='ocr_line' id='line_1_31' title="bbox 370 1908 978 1965; baseline -0.007 -13"><span class='ocrx_word' id='word_1_145' title='bbox 370 1925 423 1965; x_wconf 86' lang='lat'>25</span> <span class='ocrx_word' id='word_1_146' title='bbox 456 1910 681 1963; x_wconf 61' lang='lat' dir='ltr'>Prospec&#39;tum</span> <span class='ocrx_word' id='word_1_147' title='bbox 699 1909 798 1962; x_wconf 83' lang='lat' dir='ltr'>est!]</span> <span class='ocrx_word' id='word_1_148' title='bbox 830 1909 906 1948; x_wconf 75' lang='lat' dir='ltr'>Hic</span> <span class='ocrx_word' id='word_1_149' title='bbox 924 1908 978 1948; x_wconf 87' lang='lat' dir='ltr'>est</span> 
     </span>
     <span class='ocr_line' id='line_1_32' title="bbox 315 1961 979 2022; baseline -0.009 -14"><span class='ocrx_word' id='word_1_150' title='bbox 315 1961 574 2022; x_wconf 68' lang='lat' dir='ltr'>imperso&#39;iiale</span> <span class='ocrx_word' id='word_1_151' title='bbox 594 1967 761 2018; x_wconf 83' lang='lat' dir='ltr'>paffiuae</span> <span class='ocrx_word' id='word_1_152' title='bbox 780 1966 896 2014; x_wconf 82' lang='lat' dir='ltr'>vocis,</span> <span class='ocrx_word' id='word_1_153' title='bbox 916 1979 979 2003; x_wconf 88' lang='lat' dir='ltr'>an-</span> 
     </span>
     <span class='ocr_line' id='line_1_33' title="bbox 317 2021 978 2069; baseline -0.009 -5"><span class='ocrx_word' id='word_1_154' title='bbox 317 2037 356 2064; x_wconf 88' lang='lat' dir='ltr'>te</span> <span class='ocrx_word' id='word_1_155' title='bbox 378 2022 414 2064; x_wconf 82' lang='lat' dir='ltr'>se</span> <span class='ocrx_word' id='word_1_156' title='bbox 433 2023 581 2063; x_wconf 82' lang='lat' dir='ltr'>habens</span> <span class='ocrx_word' id='word_1_157' title='bbox 606 2022 828 2069; x_wconf 80' lang='lat' dir='ltr'>ablatiuum‚</span> <span class='ocrx_word' id='word_1_158' title='bbox 856 2021 978 2059; x_wconf 84' lang='lat' dir='ltr'>medi-</span> 
     </span>
     <span class='ocr_line' id='line_1_34' title="bbox 314 2075 976 2129; baseline -0.005 -10"><span class='ocrx_word' id='word_1_159' title='bbox 314 2093 407 2121; x_wconf 80' lang='lat' dir='ltr'>ante</span> <span class='ocrx_word' id='word_1_160' title='bbox 424 2080 468 2119; x_wconf 82' lang='lat' dir='ltr'>ab</span> <span class='ocrx_word' id='word_1_161' title='bbox 494 2080 557 2118; x_wconf 87' lang='lat' dir='ltr'>vel</span> <span class='ocrx_word' id='word_1_162' title='bbox 576 2077 651 2124; x_wconf 82' lang='lat' dir='ltr'><em>abs,</em></span> <span class='ocrx_word' id='word_1_163' title='bbox 683 2076 827 2129; x_wconf 82' lang='lat' dir='ltr'>etpost</span> <span class='ocrx_word' id='word_1_164' title='bbox 850 2075 976 2116; x_wconf 87' lang='lat' dir='ltr'>casum</span> 
     </span>
     <span class='ocr_line' id='line_1_35' title="bbox 313 2133 977 2186; baseline -0.005 -10"><span class='ocrx_word' id='word_1_165' title='bbox 313 2135 369 2186; x_wconf 69' lang='lat' dir='ltr'>sui</span> <span class='ocrx_word' id='word_1_166' title='bbox 392 2136 512 2175; x_wconf 81' lang='lat' dir='ltr'>verbi.</span> <span class='ocrx_word' id='word_1_167' title='bbox 571 2134 721 2174; x_wconf 83' lang='lat' dir='ltr'>Eodem</span> <span class='ocrx_word' id='word_1_168' title='bbox 740 2133 858 2172; x_wconf 87' lang='lat' dir='ltr'>modo</span> <span class='ocrx_word' id='word_1_169' title='bbox 877 2134 918 2172; x_wconf 89' lang='lat' dir='ltr'>in</span> <span class='ocrx_word' id='word_1_170' title='bbox 930 2136 977 2173; x_wconf 94' lang='lat' dir='ltr'>E-</span> 
     </span>
     <span class='ocr_line' id='line_1_36' title="bbox 316 2186 977 2242; baseline -0.005 -11"><span class='ocrx_word' id='word_1_171' title='bbox 316 2192 460 2242; x_wconf 81' lang='lat' dir='ltr'>pistolis</span> <span class='ocrx_word' id='word_1_172' title='bbox 495 2186 636 2232; x_wconf 81' lang='lat' dir='ltr'>Cicero</span> <span class='ocrx_word' id='word_1_173' title='bbox 658 2190 851 2240; x_wconf 69' lang='lat' dir='ltr'>¹loquitur.</span> <span class='ocrx_word' id='word_1_174' title='bbox 908 2190 977 2229; x_wconf 87' lang='lat' dir='ltr'>Ait</span> 
     </span>
     <span class='ocr_line' id='line_1_37' title="bbox 316 2242 977 2301; baseline -0.006 -14"><span class='ocrx_word' id='word_1_175' title='bbox 316 2250 424 2287; x_wconf 82' lang='lat' dir='ltr'>enim</span> <span class='ocrx_word' id='word_1_176' title='bbox 443 2248 510 2301; x_wconf 83' lang='lat' dir='ltr'>(ad</span> <span class='ocrx_word' id='word_1_177' title='bbox 528 2248 628 2286; x_wconf 86' lang='lat' dir='ltr'>Fam.</span> <span class='ocrx_word' id='word_1_178' title='bbox 642 2259 715 2291; x_wconf 90' lang='lat'>111,</span> <span class='ocrx_word' id='word_1_179' title='bbox 733 2259 770 2286; x_wconf 88' lang='lat'>2.</span> <span class='ocrx_word' id='word_1_180' title='bbox 801 2244 900 2284; x_wconf 85' lang='lat' dir='ltr'>Edit.</span> <span class='ocrx_word' id='word_1_181' title='bbox 914 2242 977 2286; x_wconf 78' lang='lat' dir='ltr'>As-</span> 
     </span>
     <span class='ocr_line' id='line_1_38' title="bbox 317 2301 977 2355; baseline -0.006 -12"><span class='ocrx_word' id='word_1_182' title='bbox 317 2302 417 2343; x_wconf 81' lang='lat' dir='ltr'>cens.</span> <span class='ocrx_word' id='word_1_183' title='bbox 450 2307 484 2343; x_wconf 85' lang='lat' dir='ltr'><em>A</em></span> <span class='ocrx_word' id='word_1_184' title='bbox 512 2316 548 2341; x_wconf 85' lang='lat' dir='ltr'>te</span> <span class='ocrx_word' id='word_1_185' title='bbox 570 2301 778 2355; x_wconf 67' lang='lat' dir='ltr'>prouifiam.</span> <span class='ocrx_word' id='word_1_186' title='bbox 838 2301 919 2340; x_wconf 81' lang='lat' dir='ltr'>Alii</span> <span class='ocrx_word' id='word_1_187' title='bbox 938 2315 977 2340; x_wconf 91' lang='lat' dir='ltr'>o-</span> 
     </span>
     <span class='ocr_line' id='line_1_39' title="bbox 314 2358 976 2409; baseline -0.006 -10"><span class='ocrx_word' id='word_1_188' title='bbox 314 2362 472 2399; x_wconf 87' lang='lat' dir='ltr'>mittunt</span> <span class='ocrx_word' id='word_1_189' title='bbox 510 2362 543 2397; x_wconf 84' lang='lat' dir='ltr'><em>A</em></span> <span class='ocrx_word' id='word_1_190' title='bbox 588 2372 632 2398; x_wconf 84' lang='lat' dir='ltr'>te.</span> <span class='ocrx_word' id='word_1_191' title='bbox 667 2358 741 2397; x_wconf 85' lang='lat' dir='ltr'>vid.</span> <span class='ocrx_word' id='word_1_192' title='bbox 773 2358 976 2409; x_wconf 83' lang='lat' dir='ltr'>Inrerpp.)</span> 
     </span>
     <span class='ocr_line' id='line_1_40' title="bbox 314 2411 973 2473; baseline -0.002 -20"><span class='ocrx_word' id='word_1_193' title='bbox 314 2417 437 2473; x_wconf 72' lang='lat' dir='ltr'>Qod</span> <span class='ocrx_word' id='word_1_194' title='bbox 463 2414 506 2466; x_wconf 76' lang='grc' dir='ltr'>[ι’</span> <span class='ocrx_word' id='word_1_195' title='bbox 524 2417 612 2454; x_wconf 80' lang='lat' dir='ltr'>meis</span> <span class='ocrx_word' id='word_1_196' title='bbox 650 2411 861 2454; x_wconf 69' lang='lat' dir='ltr'>rationibus</span> <span class='ocrx_word' id='word_1_197' title='bbox 888 2429 910 2453; x_wconf 84' lang='lat' dir='ltr'><em>a</em></span> <span class='ocrx_word' id='word_1_198' title='bbox 937 2426 973 2452; x_wconf 84' lang='lat' dir='ltr'>te</span> 
     </span>
     <span class='ocr_line' id='line_1_41' title="bbox 311 2469 945 2525; baseline -0.003 -15"><span class='ocrx_word' id='word_1_199' title='bbox 311 2471 540 2525; x_wconf 47' lang='lat' dir='ltr'>prossoec‘ium</span> <span class='ocrx_word' id='word_1_200' title='bbox 558 2470 619 2522; x_wconf 80' lang='lat' dir='ltr'>esse</span> <span class='ocrx_word' id='word_1_201' title='bbox 639 2469 864 2509; x_wconf 78' lang='lat' dir='ltr'>intellexero.</span> <span class='ocrx_word' id='word_1_202' title='bbox 897 2471 945 2511; x_wconf 83' lang='lat' dir='ltr'>C.</span> 
     </span>
    </p>

    <p class='ocr_par' dir='ltr' id='par_1_17' title="bbox 314 2521 976 2635">
     <span class='ocr_line' id='line_1_42' title="bbox 371 2521 976 2580; baseline -0.005 -14"><span class='ocrx_word' id='word_1_203' title='bbox 371 2531 424 2570; x_wconf 83' lang='lat'>26</span> <span class='ocrx_word' id='word_1_204' title='bbox 452 2527 512 2566; x_wconf 84' lang='lat' dir='ltr'>Illi</span> <span class='ocrx_word' id='word_1_205' title='bbox 542 2526 720 2580; x_wconf 78' lang='lat' dir='ltr'>Prodita]</span> <span class='ocrx_word' id='word_1_206' title='bbox 764 2521 976 2578; x_wconf 82' lang='lat' dir='ltr'>Signantis-</span> 
     </span>
     <span class='ocr_line' id='line_1_43' title="bbox 314 2582 974 2635; baseline -0.003 -13"><span class='ocrx_word' id='word_1_207' title='bbox 314 2582 419 2634; x_wconf 77' lang='lat' dir='ltr'>fime,</span> <span class='ocrx_word' id='word_1_208' title='bbox 441 2585 615 2635; x_wconf 56' lang='lat' dir='ltr'>Prodita,</span> <span class='ocrx_word' id='word_1_209' title='bbox 674 2582 776 2622; x_wconf 83' lang='lat' dir='ltr'>Socii</span> <span class='ocrx_word' id='word_1_210' title='bbox 797 2583 905 2622; x_wconf 85' lang='lat' dir='ltr'>enirn</span> <span class='ocrx_word' id='word_1_211' title='bbox 919 2582 974 2620; x_wconf 78' lang='lat' dir='ltr'>de-</span> 
     </span>
    </p>
   </div>
   <div class='ocr_carea' id='block_1_13' title="bbox 1022 1014 1688 2412">
    <p class='ocr_par' dir='ltr' id='par_1_18' title="bbox 1022 1014 1688 2412">
     <span class='ocr_line' id='line_1_44' title="bbox 1275 1014 1683 1066; baseline 0.007 -14"><span class='ocrx_word' id='word_1_212' title='bbox 1275 1014 1436 1052; x_wconf 83' lang='lat' dir='ltr'>Prodere</span> <span class='ocrx_word' id='word_1_213' title='bbox 1489 1026 1683 1066; x_wconf 82' lang='lat' dir='ltr'>parentes.</span> 
     </span>
     <span class='ocr_line' id='line_1_45' title="bbox 1028 1070 1682 1121; baseline 0.002 -12"><span class='ocrx_word' id='word_1_214' title='bbox 1028 1071 1136 1121; x_wconf 84' lang='lat' dir='ltr'>Virg.</span> <span class='ocrx_word' id='word_1_215' title='bbox 1155 1071 1278 1119; x_wconf 84' lang='lat' dir='ltr'>(Aen.</span> <span class='ocrx_word' id='word_1_216' title='bbox 1298 1083 1325 1110; x_wconf 83' lang='lat'>1,</span> <span class='ocrx_word' id='word_1_217' title='bbox 1353 1073 1465 1121; x_wconf 85' lang='lat'><em>251.)</em></span> <span class='ocrx_word' id='word_1_218' title='bbox 1498 1072 1616 1110; x_wconf 84' lang='lat' dir='ltr'><em>Vnius</em></span> <span class='ocrx_word' id='word_1_219' title='bbox 1638 1070 1682 1110; x_wconf 88' lang='lat' dir='ltr'>ob</span> 
     </span>
     <span class='ocr_line' id='line_1_46' title="bbox 1027 1125 1685 1175; baseline 0.006 -12"><span class='ocrx_word' id='word_1_220' title='bbox 1027 1127 1124 1163; x_wconf 84' lang='lat' dir='ltr'>iram</span> <span class='ocrx_word' id='word_1_221' title='bbox 1146 1125 1360 1164; x_wconf 82' lang='lat' dir='ltr'>Prodimur.</span> <span class='ocrx_word' id='word_1_222' title='bbox 1416 1125 1592 1175; x_wconf 62' lang='lat' dir='ltr'>Dafirere</span> <span class='ocrx_word' id='word_1_223' title='bbox 1622 1141 1685 1168; x_wconf 78' lang='lat' dir='ltr'>ve-</span> 
     </span>
     <span class='ocr_line' id='line_1_47' title="bbox 1029 1182 1683 1236; baseline 0.006 -16"><span class='ocrx_word' id='word_1_224' title='bbox 1029 1195 1081 1228; x_wconf 83' lang='lat' dir='ltr'>ro,</span> <span class='ocrx_word' id='word_1_225' title='bbox 1103 1182 1268 1233; x_wconf 83' lang='lat' dir='ltr'>patroni.</span> <span class='ocrx_word' id='word_1_226' title='bbox 1323 1182 1428 1221; x_wconf 84' lang='lat' dir='ltr'>Hine</span> <span class='ocrx_word' id='word_1_227' title='bbox 1456 1182 1595 1222; x_wconf 86' lang='lat' dir='ltr'>milites</span> <span class='ocrx_word' id='word_1_228' title='bbox 1617 1196 1683 1236; x_wconf 87' lang='lat' dir='ltr'>pa-</span> 
     </span>
     <span class='ocr_line' id='line_1_48' title="bbox 1027 1237 1683 1291; baseline 0.005 -15"><span class='ocrx_word' id='word_1_229' title='bbox 1027 1241 1123 1277; x_wconf 78' lang='lat' dir='ltr'>triae</span> <span class='ocrx_word' id='word_1_230' title='bbox 1155 1237 1353 1288; x_wconf 69' lang='lat' dir='ltr'>dqle&#39;rtores</span> <span class='ocrx_word' id='word_1_231' title='bbox 1382 1237 1578 1286; x_wconf 77' lang='lat' dir='ltr'>dicuntur,</span> <span class='ocrx_word' id='word_1_232' title='bbox 1618 1241 1683 1291; x_wconf 78' lang='lat' dir='ltr'>qui</span> 
     </span>
     <span class='ocr_line' id='line_1_49' title="bbox 1028 1291 1686 1346; baseline 0.006 -15"><span class='ocrx_word' id='word_1_233' title='bbox 1028 1295 1188 1346; x_wconf 80' lang='lat' dir='ltr'>patriam</span> <span class='ocrx_word' id='word_1_234' title='bbox 1210 1291 1401 1342; x_wconf 84' lang='lat' dir='ltr'>deserunt,</span> <span class='ocrx_word' id='word_1_235' title='bbox 1425 1298 1538 1345; x_wconf 80' lang='lat' dir='ltr'>quam</span> <span class='ocrx_word' id='word_1_236' title='bbox 1549 1294 1686 1336; x_wconf 72' lang='lat' dir='ltr'>desen-</span> 
     </span>
     <span class='ocr_line' id='line_1_50' title="bbox 1028 1349 1686 1403; baseline 0.005 -14"><span class='ocrx_word' id='word_1_237' title='bbox 1028 1350 1122 1390; x_wconf 82' lang='lat' dir='ltr'>dere</span> <span class='ocrx_word' id='word_1_238' title='bbox 1155 1349 1355 1389; x_wconf 81' lang='lat' dir='ltr'>deberent.</span> <span class='ocrx_word' id='word_1_239' title='bbox 1415 1351 1527 1403; x_wconf 73' lang='lat' dir='ltr'>Vix-g.</span> <span class='ocrx_word' id='word_1_240' title='bbox 1562 1353 1686 1403; x_wconf 66' lang='lat' dir='ltr'>(Aen,</span> 
     </span>
     <span class='ocr_line' id='line_1_51' title="bbox 1027 1405 1683 1459; baseline 0.005 -15"><span class='ocrx_word' id='word_1_241' title='bbox 1027 1420 1107 1452; x_wconf 74' lang='grc' dir='ltr'>ΧΠ,</span> <span class='ocrx_word' id='word_1_242' title='bbox 1153 1410 1236 1458; x_wconf 83' lang='lat'><em>15.)</em></span> <span class='ocrx_word' id='word_1_243' title='bbox 1288 1405 1520 1457; x_wconf 49' lang='lat' dir='ltr'>Desertorem</span> <span class='ocrx_word' id='word_1_244' title='bbox 1564 1407 1683 1459; x_wconf 83' lang='lat' dir='ltr'><em>Astae.</em></span> 
     </span>
     <span class='ocr_line' id='line_1_52' title="bbox 1027 1461 1685 1516; baseline 0.005 -14"><span class='ocrx_word' id='word_1_245' title='bbox 1027 1462 1204 1516; x_wconf 72' lang='lat' dir='ltr'>Prodere,</span> <span class='ocrx_word' id='word_1_246' title='bbox 1235 1461 1363 1501; x_wconf 83' lang='lat' dir='ltr'>Festus</span> <span class='ocrx_word' id='word_1_247' title='bbox 1385 1462 1487 1510; x_wconf 85' lang='lat' dir='ltr'>dicit,</span> <span class='ocrx_word' id='word_1_248' title='bbox 1520 1462 1574 1501; x_wconf 82' lang='lat' dir='ltr'>est</span> <span class='ocrx_word' id='word_1_249' title='bbox 1593 1466 1685 1505; x_wconf 85' lang='lat' dir='ltr'>dare</span> 
     </span>
     <span class='ocr_line' id='line_1_53' title="bbox 1027 1517 1688 1572; baseline 0.005 -14"><span class='ocrx_word' id='word_1_250' title='bbox 1027 1530 1067 1558; x_wconf 87' lang='lat' dir='ltr'>et</span> <span class='ocrx_word' id='word_1_251' title='bbox 1097 1517 1242 1557; x_wconf 77' lang='lat' dir='ltr'>fallere.</span> <span class='ocrx_word' id='word_1_252' title='bbox 1296 1521 1346 1559; x_wconf 87' lang='lat' dir='ltr'>Et</span> <span class='ocrx_word' id='word_1_253' title='bbox 1377 1519 1481 1557; x_wconf 84' lang='lat' dir='ltr'>bene</span> <span class='ocrx_word' id='word_1_254' title='bbox 1514 1517 1575 1558; x_wconf 85' lang='lat' dir='ltr'>hic</span> <span class='ocrx_word' id='word_1_255' title='bbox 1604 1522 1688 1572; x_wconf 81' lang='lat' dir='ltr'>capi</span> 
     </span>
     <span class='ocr_line' id='line_1_54' title="bbox 1027 1574 1686 1627; baseline 0.006 -14"><span class='ocrx_word' id='word_1_256' title='bbox 1027 1574 1150 1627; x_wconf 86' lang='lat' dir='ltr'>potest</span> <span class='ocrx_word' id='word_1_257' title='bbox 1196 1587 1245 1613; x_wconf 86' lang='lat' dir='ltr'>eo</span> <span class='ocrx_word' id='word_1_258' title='bbox 1288 1575 1421 1613; x_wconf 91' lang='lat' dir='ltr'>modo.</span> <span class='ocrx_word' id='word_1_259' title='bbox 1487 1576 1686 1617; x_wconf 79' lang='lat' dir='ltr'>Interdum</span> 
     </span>
     <span class='ocr_line' id='line_1_55' title="bbox 1022 1628 1687 1684; baseline 0.008 -16"><span class='ocrx_word' id='word_1_260' title='bbox 1022 1632 1180 1684; x_wconf 86' lang='lat' dir='ltr'><em>prodere</em></span> <span class='ocrx_word' id='word_1_261' title='bbox 1205 1629 1389 1683; x_wconf 79' lang='lat' dir='ltr'>fignificat</span> <span class='ocrx_word' id='word_1_262' title='bbox 1410 1628 1576 1680; x_wconf 83' lang='lat' dir='ltr'>differre,</span> <span class='ocrx_word' id='word_1_263' title='bbox 1606 1633 1687 1673; x_wconf 85' lang='lat' dir='ltr'>fiue</span> 
     </span>
     <span class='ocr_line' id='line_1_56' title="bbox 1027 1687 1682 1743; baseline 0.005 -18"><span class='ocrx_word' id='word_1_264' title='bbox 1027 1688 1227 1742; x_wconf 70' lang='lat' dir='ltr'>elongare,</span> <span class='ocrx_word' id='word_1_265' title='bbox 1248 1697 1283 1725; x_wconf 79' lang='lat' dir='ltr'>vt</span> <span class='ocrx_word' id='word_1_266' title='bbox 1300 1688 1353 1725; x_wconf 87' lang='lat' dir='ltr'>ita</span> <span class='ocrx_word' id='word_1_267' title='bbox 1377 1687 1512 1726; x_wconf 85' lang='lat' dir='ltr'>dicam.</span> <span class='ocrx_word' id='word_1_268' title='bbox 1546 1689 1682 1743; x_wconf 79' lang='lat' dir='ltr'>Virgil.</span> 
     </span>
     <span class='ocr_line' id='line_1_57' title="bbox 1025 1744 1684 1796; baseline 0.002 -13"><span class='ocrx_word' id='word_1_269' title='bbox 1025 1747 1145 1796; x_wconf 80' lang='lat' dir='ltr'>(Aen.</span> <span class='ocrx_word' id='word_1_270' title='bbox 1168 1757 1198 1789; x_wconf 90' lang='lat'>1,</span> <span class='ocrx_word' id='word_1_271' title='bbox 1227 1745 1344 1794; x_wconf 79' lang='lat'><em>252.)</em></span> <span class='ocrx_word' id='word_1_272' title='bbox 1377 1744 1598 1793; x_wconf 81' lang='lat' dir='ltr'>Prodimur,</span> <span class='ocrx_word' id='word_1_273' title='bbox 1628 1759 1684 1784; x_wconf 79' lang='lat' dir='ltr'>at-</span> 
     </span>
     <span class='ocr_line' id='line_1_58' title="bbox 1027 1798 1684 1854; baseline 0.005 -17"><span class='ocrx_word' id='word_1_274' title='bbox 1027 1813 1095 1852; x_wconf 82' lang='lat' dir='ltr'>que</span> <span class='ocrx_word' id='word_1_275' title='bbox 1108 1798 1214 1838; x_wconf 69' lang='lat' dir='ltr'>scalis</span> <span class='ocrx_word' id='word_1_276' title='bbox 1224 1799 1329 1854; x_wconf 72' lang='lat' dir='ltr'>longe</span> <span class='ocrx_word' id='word_1_277' title='bbox 1341 1799 1583 1853; x_wconf 71' lang='lat' dir='ltr'>dtfi&#39;ungimur</span> <span class='ocrx_word' id='word_1_278' title='bbox 1592 1803 1684 1842; x_wconf 77' lang='lat' dir='ltr'>oris.</span> 
     </span>
     <span class='ocr_line' id='line_1_59' title="bbox 1025 1855 1680 1907; baseline 0.002 -13"><span class='ocrx_word' id='word_1_279' title='bbox 1025 1855 1227 1895; x_wconf 81' lang='lat' dir='ltr'>Interdum</span> <span class='ocrx_word' id='word_1_280' title='bbox 1272 1855 1456 1907; x_wconf 80' lang='lat' dir='ltr'>fignificat</span> <span class='ocrx_word' id='word_1_281' title='bbox 1503 1858 1680 1905; x_wconf 84' lang='lat' dir='ltr'>indicare,</span> 
     </span>
     <span class='ocr_line' id='line_1_60' title="bbox 1027 1909 1686 1964; baseline 0.005 -16"><span class='ocrx_word' id='word_1_282' title='bbox 1027 1911 1133 1962; x_wconf 86' lang='lat' dir='ltr'>quod</span> <span class='ocrx_word' id='word_1_283' title='bbox 1153 1909 1317 1949; x_wconf 82' lang='lat' dir='ltr'>deberet</span> <span class='ocrx_word' id='word_1_284' title='bbox 1336 1912 1435 1963; x_wconf 78' lang='lat' dir='ltr'>tegi,</span> <span class='ocrx_word' id='word_1_285' title='bbox 1463 1922 1502 1950; x_wconf 86' lang='lat' dir='ltr'>et</span> <span class='ocrx_word' id='word_1_286' title='bbox 1521 1926 1593 1964; x_wconf 86' lang='lat' dir='ltr'>per</span> <span class='ocrx_word' id='word_1_287' title='bbox 1612 1913 1686 1952; x_wconf 87' lang='lat' dir='ltr'>hoc</span> 
     </span>
     <span class='ocr_line' id='line_1_61' title="bbox 1026 1967 1684 2019; baseline 0.006 -14"><span class='ocrx_word' id='word_1_288' title='bbox 1026 1967 1175 2010; x_wconf 84' lang='lat' dir='ltr'>fallere,</span> <span class='ocrx_word' id='word_1_289' title='bbox 1197 1977 1236 2005; x_wconf 92' lang='lat' dir='ltr'>vt</span> <span class='ocrx_word' id='word_1_290' title='bbox 1251 1968 1380 2019; x_wconf 80' lang='lat' dir='ltr'>prodit</span> <span class='ocrx_word' id='word_1_291' title='bbox 1397 1981 1451 2005; x_wconf 87' lang='lat' dir='ltr'>me</span> <span class='ocrx_word' id='word_1_292' title='bbox 1472 1982 1580 2016; x_wconf 87' lang='lat' dir='ltr'>voce,</span> <span class='ocrx_word' id='word_1_293' title='bbox 1610 1970 1634 2007; x_wconf 86' lang='lat' dir='ltr'>i.</span> <span class='ocrx_word' id='word_1_294' title='bbox 1648 1983 1684 2010; x_wconf 85' lang='lat' dir='ltr'>e.</span> 
     </span>
     <span class='ocr_line' id='line_1_62' title="bbox 1025 2023 1684 2074; baseline 0.006 -13"><span class='ocrx_word' id='word_1_295' title='bbox 1025 2023 1223 2069; x_wconf 82' lang='lat' dir='ltr'>indicauit,</span> <span class='ocrx_word' id='word_1_296' title='bbox 1248 2032 1295 2069; x_wconf 89' lang='lat' dir='ltr'>et,</span> <span class='ocrx_word' id='word_1_297' title='bbox 1321 2023 1426 2074; x_wconf 86' lang='lat' dir='ltr'>quod</span> <span class='ocrx_word' id='word_1_298' title='bbox 1448 2023 1597 2070; x_wconf 82' lang='lat' dir='ltr'>dicitur,</span> <span class='ocrx_word' id='word_1_299' title='bbox 1625 2027 1684 2065; x_wconf 88' lang='lat' dir='ltr'>in-</span> 
     </span>
     <span class='ocr_line' id='line_1_63' title="bbox 1027 2076 1685 2131; baseline 0.006 -13"><span class='ocrx_word' id='word_1_300' title='bbox 1027 2091 1118 2129; x_wconf 89' lang='lat' dir='ltr'>epte</span> <span class='ocrx_word' id='word_1_301' title='bbox 1139 2076 1323 2118; x_wconf 81' lang='lat' dir='ltr'>incusauit</span> <span class='ocrx_word' id='word_1_302' title='bbox 1348 2092 1421 2118; x_wconf 85' lang='lat' dir='ltr'>me.</span> <span class='ocrx_word' id='word_1_303' title='bbox 1478 2083 1685 2131; x_wconf 81' lang='lat' dir='ltr'>Propterea</span> 
     </span>
     <span class='ocr_line' id='line_1_64' title="bbox 1022 2134 1681 2189; baseline 0.006 -16"><span class='ocrx_word' id='word_1_304' title='bbox 1022 2135 1231 2187; x_wconf 80' lang='lat' dir='ltr'>proditores</span> <span class='ocrx_word' id='word_1_305' title='bbox 1250 2134 1435 2182; x_wconf 85' lang='lat' dir='ltr'>dicuntur,</span> <span class='ocrx_word' id='word_1_306' title='bbox 1455 2137 1523 2186; x_wconf 87' lang='lat' dir='ltr'>qui</span> <span class='ocrx_word' id='word_1_307' title='bbox 1538 2137 1681 2189; x_wconf 83' lang='lat' dir='ltr'>decipi-</span> 
     </span>
     <span class='ocr_line' id='line_1_65' title="bbox 1025 2189 1684 2242; baseline 0.006 -13"><span class='ocrx_word' id='word_1_308' title='bbox 1025 2201 1096 2229; x_wconf 79' lang='lat' dir='ltr'>unt</span> <span class='ocrx_word' id='word_1_309' title='bbox 1112 2189 1334 2239; x_wconf 81' lang='lat' dir='ltr'>iudicando,</span> <span class='ocrx_word' id='word_1_310' title='bbox 1361 2190 1464 2242; x_wconf 90' lang='lat' dir='ltr'>quod</span> <span class='ocrx_word' id='word_1_311' title='bbox 1479 2193 1605 2231; x_wconf 78' lang='lat' dir='ltr'>celare</span> <span class='ocrx_word' id='word_1_312' title='bbox 1618 2193 1684 2234; x_wconf 85' lang='lat' dir='ltr'>de-</span> 
     </span>
     <span class='ocr_line' id='line_1_66' title="bbox 1025 2246 1682 2300; baseline 0.005 -15"><span class='ocrx_word' id='word_1_313' title='bbox 1025 2246 1175 2286; x_wconf 83' lang='lat' dir='ltr'>berent.</span> <span class='ocrx_word' id='word_1_314' title='bbox 1233 2247 1325 2286; x_wconf 83' lang='lat' dir='ltr'>Filia</span> <span class='ocrx_word' id='word_1_315' title='bbox 1343 2259 1436 2300; x_wconf 80' lang='lat' dir='ltr'>ergo</span> <span class='ocrx_word' id='word_1_316' title='bbox 1456 2247 1522 2286; x_wconf 83' lang='lat' dir='ltr'>abs</span> <span class='ocrx_word' id='word_1_317' title='bbox 1542 2260 1580 2287; x_wconf 87' lang='lat' dir='ltr'>te</span> <span class='ocrx_word' id='word_1_318' title='bbox 1592 2261 1682 2300; x_wconf 86' lang='lat' dir='ltr'>pro-</span> 
     </span>
     <span class='ocr_line' id='line_1_67' title="bbox 1026 2300 1682 2354; baseline 0.005 -12"><span class='ocrx_word' id='word_1_319' title='bbox 1026 2304 1105 2342; x_wconf 77' lang='lat' dir='ltr'>dita</span> <span class='ocrx_word' id='word_1_320' title='bbox 1125 2303 1188 2352; x_wconf 85' lang='lat' dir='ltr'>est,</span> <span class='ocrx_word' id='word_1_321' title='bbox 1211 2301 1311 2354; x_wconf 74' lang='lat' dir='ltr'>quasi</span> <span class='ocrx_word' id='word_1_322' title='bbox 1331 2300 1527 2344; x_wconf 78' lang='lat' dir='ltr'>commifl&#39;a</span> <span class='ocrx_word' id='word_1_323' title='bbox 1552 2304 1606 2343; x_wconf 87' lang='lat' dir='ltr'>est</span> <span class='ocrx_word' id='word_1_324' title='bbox 1625 2305 1682 2346; x_wconf 74' lang='lat' dir='ltr'>issi</span> 
     </span>
     <span class='ocr_line' id='line_1_68' title="bbox 1025 2358 1640 2412; baseline 0.003 -14"><span class='ocrx_word' id='word_1_325' title='bbox 1025 2360 1128 2408; x_wconf 84' lang='lat' dir='ltr'>anui,</span> <span class='ocrx_word' id='word_1_326' title='bbox 1148 2369 1186 2398; x_wconf 88' lang='lat' dir='ltr'>et</span> <span class='ocrx_word' id='word_1_327' title='bbox 1203 2370 1273 2411; x_wconf 85' lang='lat' dir='ltr'>per</span> <span class='ocrx_word' id='word_1_328' title='bbox 1292 2358 1366 2398; x_wconf 85' lang='lat' dir='ltr'>hoc</span> <span class='ocrx_word' id='word_1_329' title='bbox 1387 2359 1564 2412; x_wconf 83' lang='lat' dir='ltr'>decepta.</span> <span class='ocrx_word' id='word_1_330' title='bbox 1585 2359 1640 2403; x_wconf 90' lang='lat' dir='ltr'>C.</span> 
     </span>
    </p>
   </div>
   <div class='ocr_carea' id='block_1_14' title="bbox 1025 2469 1682 2624">
    <p class='ocr_par' dir='ltr' id='par_1_19' title="bbox 1025 2469 1682 2624">
     <span class='ocr_line' id='line_1_69' title="bbox 1079 2469 1682 2524; baseline 0.005 -14"><span class='ocrx_word' id='word_1_331' title='bbox 1079 2474 1187 2524; x_wconf 80' lang='lat' dir='ltr'>Lege</span> <span class='ocrx_word' id='word_1_332' title='bbox 1218 2470 1355 2524; x_wconf 77' lang='lat' dir='ltr'>Nempe</span> <span class='ocrx_word' id='word_1_333' title='bbox 1394 2469 1447 2510; x_wconf 86' lang='lat' dir='ltr'>illi</span> <span class='ocrx_word' id='word_1_334' title='bbox 1481 2474 1578 2512; x_wconf 77' lang='lat' dir='ltr'><strong><em>anni.</em></strong></span> <span class='ocrx_word' id='word_1_335' title='bbox 1634 2474 1682 2513; x_wconf 87' lang='lat' dir='ltr'>Et</span> 
     </span>
     <span class='ocr_line' id='line_1_70' title="bbox 1025 2525 1681 2583; baseline 0.002 -16"><span class='ocrx_word' id='word_1_336' title='bbox 1025 2525 1118 2567; x_wconf 84' lang='lat' dir='ltr'>vers.</span> <span class='ocrx_word' id='word_1_337' title='bbox 1140 2540 1202 2581; x_wconf 86' lang='lat'>29.</span> <span class='ocrx_word' id='word_1_338' title='bbox 1232 2527 1339 2582; x_wconf 63' lang='lat' dir='ltr'>Quid</span> <span class='ocrx_word' id='word_1_339' title='bbox 1357 2528 1553 2580; x_wconf 81' lang='lat' dir='ltr'>cumillifie</span> <span class='ocrx_word' id='word_1_340' title='bbox 1566 2530 1681 2583; x_wconf 78' lang='lat' dir='ltr'><em>agas?</em></span> 
     </span>
     <span class='ocr_line' id='line_1_71' title="bbox 1025 2583 1308 2624; baseline 0.007 -2"><span class='ocrx_word' id='word_1_341' title='bbox 1025 2596 1106 2623; x_wconf 84' lang='lat' dir='ltr'>non</span> <span class='ocrx_word' id='word_1_342' title='bbox 1125 2583 1212 2624; x_wconf 77' lang='lat' dir='ltr'><em>Illis.</em></span> <span class='ocrx_word' id='word_1_343' title='bbox 1271 2588 1308 2624; x_wconf 74' lang='lat' dir='ltr'>B,</span> 
     </span>
    </p>
   </div>
  </div>
 </body>
</html>
