1815 3168
258 107 355 153 702

655 92 813 138 ACT.
846 93 900 138 V.
931 91 1222 138 SCEN.111.

389 218 480 269 So.
520 220 656 275 Quod
681 218 766 265 filia
786 217 844 264 est
865 219 1074 267 inuenta?
1110 215 1221 266 CH.
1257 237 1373 268 non:
1407 221 1477 269 sed
1499 223 1618 286 quod

489 299 626 356 magis
651 295 918 342 credendum
941 293 1028 347 fiet,

387 373 442 421 Id
464 373 582 435 quod
604 370 663 416 est
683 369 913 418 consimilis
941 368 1152 424 moribus,

392 450 640 496 Conuinces
673 443 795 514 facile
818 462 868 491 ex
898 456 939 492 te
959 457 1133 492 natum:
1174 463 1276 493 nam
1299 449 1363 494 tui
1384 445 1530 495 similis
1561 446 1621 496 est

488 523 652 588 probe:

388 602 508 645 Nam
522 598 582 644 illi
604 597 664 643 nil
689 597 780 643 vitii
804 594 864 642 est
885 593 1102 648 ronchum,
1128 598 1233 659 quin
1248 595 1297 645 fit
1307 597 1474 645 etidem
1490 599 1584 645 tibi.

290 692 354 727 20
390 678 516 721 Tum
538 684 760 738 praeterea
780 673 924 724 talem,
950 670 1026 717 nisi
1050 682 1111 724 tu,
1138 672 1255 719 nulla
1271 686 1446 737 pareret
1460 669 1618 720 filiurn.

386 750 470 798 Sed
488 750 574 813 ipse
597 748 838 808 egreditur:
877 764 1008 811 quam
1030 747 1225 795 seuerus!
1271 765 1392 802 rem,
1428 766 1528 807 cum
1556 750 1616 796 vi-

487 825 599 878 deas,
622 824 805 871 censeas.

317 970 627 1041 ACTVS
691 968 1034 1030 QVINTI
1086 970 1378 1022 SCENA
1441 972 1546 1025 ιν.

420 1060 736 1101 CLITIPHO.
767 1060 1108 1102 SOSTRATA.
1140 1061 1446 1127 CHREMES.
1500 1058 1504 1059 ⁷

247 1195 313 1310 S
329 1218 347 1246 1
390 1214 583 1263 vnquam
612 1198 750 1245 vllum
771 1198 854 1245 fuit
875 1203 1062 1264 tempus,
1088 1209 1240 1253 mater,
1276 1215 1415 1264 quum
1437 1214 1520 1260 ego
1541 1215 1616 1246 vo-

547 1275 704 1340 luptati
727 1274 808 1322 tibi

307 1480 359 1521 56
387 1476 502 1529 Quod
523 1473 608 1527 filia
625 1474 672 1527 est
694 1473 907 1530 ἱζιιιεηηιῗ]

245 1534 401 1576 Exinde
440 1545 548 1585 putas
590 1529 696 1585 poffe
735 1533 909 1571 inueniri

247 1591 354 1631 hunc
374 1587 452 1629 esse
473 1589 594 1628 filium
620 1601 772 1635 meum,
802 1588 908 1640 quod

247 1658 288 1686 et
315 1648 478 1685 iuuenta
506 1646 559 1684 est
586 1644 692 1684 filia?
723 1648 808 1684 Hoc
838 1645 903 1694 est,

249 1702 393 1742 eodem
417 1702 528 1754 pacto
558 1711 599 1741 vt
619 1713 657 1740 et
683 1700 744 1739 hie
764 1700 904 1750 noster,

247 1758 581 1812 quemadmodum
601 1768 640 1796 et
658 1758 723 1796 illa
745 1758 908 1797 inuenta

245 1814 310 1865 est,
328 1815 501 1855 inueniri
528 1814 650 1865 poffir.
708 1818 753 1855 E.

301 1872 373 1912 Sed
389 1872 485 1924 quod
501 1870 633 1924 magis]
666 1868 738 1912 Ms.
760 1872 802 1910 R.
834 1870 909 1910 Sed

245 1941 318 1985 quo
337 1931 466 1982 magis.
524 1929 566 1966 L.
864 1928 868 1931 ’

299 1983 424 2025 Nostri
472 1995 611 2023 ornnes
659 1995 732 2035 quo
769 1982 901 2037 magis.

243 2042 372 2081 Rede.
430 2038 590 2080 Deinde
622 2039 815 2091 elegantia
847 2051 904 2078 re-

241 2095 367 2152 sponfi
384 2109 437 2135 ne
455 2106 599 2145 pereat,
622 2095 711 2134 dele
732 2095 788 2134 Id.
819 2097 861 2134 B.

305 2159 352 2201 18
390 2151 463 2191 Tm·
487 2151 638 2204 fimilis]
687 2153 787 2190 Nam
825 2151 905 2203 ple-

242 2221 410 2261 rumque
431 2206 499 2246 filii
514 2205 729 2246 consimiles
742 2206 827 2246 sunt
838 2221 903 2258 pa-

242 2275 397 2304 rentum
407 2262 590 2303 moribus.
632 2264 805 2302 Dicimus
816 2276 903 2302 cum

242 2321 435 2374 genstiuo,
458 2333 542 2358 cum
555 2332 716 2361 ,morum
732 2320 902 2359 {imilitu-

242 2378 399 2425 dinem,
429 2388 491 2416 aut
513 2376 709 2415 doch-inae
731 2375 901 2415 ostendi-

241 2446 337 2473 mus.
368 2430 432 2472 sed
453 2432 636 2478 dicimus,
655 2431 793 2483 fi'miles
811 2431 895 2480 tibi,

241 2503 333 2530 cum
351 2488 496 2537 daduo,
520 2501 608 2527 cum
629 2489 849 2538 qualitatem
861 2487 902 2527 fi-

243 2546 375 2586 milem
386 2543 588 2584 ostendere
600 2544 828 2584 laboramus.
850 2544 895 2584 C.

293 2601 416 2644 Bentl.
430 2600 512 2656 post
521 2613 556 2642 te
566 2598 735 2654 inseruit,
748 2600 820 2654 effi.
850 2599 899 2643 Z.

1503 1352 1618 1398 Fue·
1669 1400 1673 1403 ,

1015 1488 1065 1531 19
1094 1476 1218 1517 Nostri
1243 1475 1505 1522 omnem-effre,
1525 1477 1616 1528 quin

957 1535 1085 1573 itidem
1102 1533 1156 1585 sit
1177 1532 1259 1582 tibi,
1280 1532 1396 1572 modo
1419 1530 1503 1584 post
1523 1533 1616 1584 quin

957 1588 1098 1630 inseras
1121 1590 1173 1631 id.
1230 1592 1439 1631 Caeterum
1459 1601 1528 1640 pro
1553 1586 1618 1626 ob-

957 1645 1062 1687 scuro
1072 1646 1247 1685 Relic‘lum
1256 1646 1357 1684 mato
1371 1645 1554 1684 Innatum.
1574 1647 1615 1683 Β.

1012 1716 1063 1746 21
1107 1702 1233 1757 „Quam
1259 1700 1467 1754 ftuerus!]
1514 1703 1616 1740 Nam

955 1759 1056 1799 facie
1076 1757 1155 1811 ipsa
1166 1758 1317 1798 videtur
1328 1757 1521 1809 quandam
1532 1768 1617 1808 pro-

956 1816 1116 1860 bitatem
1138 1814 1363 1855 ostendere:
1397 1826 1440 1852 re
1452 1825 1557 1861 vei-0,
1578 1826 1617 1851 a·

953 1874 1027 1912 lius
1053 1870 1117 1912 est.
1175 1872 1222 1912 C.

971 1934 974 1935 ⁷
1013 1929 1122 1976 Rem,
1165 1940 1243 1965 cum
1272 1926 1417 1975 videas,
1455 1924 1613 1979 cenfi’as]

956 1986 1059 2026 Cum
1092 1982 1242 2029 videas,
1279 1997 1327 2023 ex
1356 1983 1461 2021 vultu
1484 1994 1614 2021 mores

955 2044 1037 2080 eius
1060 2037 1253 2093 agnoscas.
1309 2042 1353 2078 Ε,

1009 2097 1099 2135 Rem
1146 2108 1227 2134 cum
1277 2094 1404 2133 videas
1453 2092 1611 2149 σενι-[ἔας]

953 2153 1056 2193 Cum
1092 2151 1292 2191 hominem
1317 2152 1419 2190 intus
1439 2151 1615 2199 noueris,
1668 2191 1681 2197 *V

954 2208 1109 2248 censeas
1127 2205 1299 2246 seuerum
1320 2205 1410 2247 effe.
1464 2204 1612 2246 sarcas-

950 2278 1046 2306 mus.
1059 2276 1096 2305 vt
1107 2265 1411 2311 Plaut.Bacc.1v‚'
1425 2263 1460 2308 6,
1476 2275 1535 2315 14.
1565 2266 1609 2303 B.
1635 2299 1644 2305 ,

1009 2335 1026 2363 1
1062 2323 1102 2362 Si
1121 2333 1282 2374 vnquam
1302 2319 1412 2359 vnum
1422 2319 1506 2369 fuit
1524 2332 1609 2358 tem-

942 2378 1037 2432 pus]
1071 2377 1214 2418 Adhuc
1240 2374 1338 2415 filius
1356 2387 1520 2415 matrem
1540 2373 1608 2415 sol-

949 2435 1094 2473 licitam
1122 2432 1266 2481 reddit,
1299 2432 1392 2471 dum
1425 2432 1540 2483 petit,
1567 2441 1608 2471 vt

950 2501 1131 2541 parentes
1163 2488 1456 2528 commonstret:
1487 2498 1526 2526 et
1556 2500 1607 2527 ex

947 2545 1022 2585 hoc
1040 2545 1188 2585 facilius
1208 2545 1436 2597 peruenitur
1447 2543 1494 2583 ad
1504 2554 1608 2583 tran·

948 2603 1178 2656 quillitatem
1199 2602 1377 2643 omnium
1388 2613 1529 2641 rerum.
1558 2601 1605 2695 ξ.

1591 2671 1607 2697 n
