1815 3168
492 153 573 201 {N
605 155 698 200 HE
714 154 1046 201 AVTONT.

1348 165 1440 212 537

218 289 278 331 Vt
304 284 443 348 aliqua
465 299 563 347 pars
591 282 750 329 laboris
782 284 1005 328 minuatur
1029 279 1154 326 mihi.

217 365 337 407 Nam
357 375 474 405 nunc
500 375 636 405 nouas
660 360 735 420 qui
756 356 958 408 scribunt,
984 356 1095 402 nihil
1115 363 1301 420 parcunt
1328 353 1414 401 seni
1435 374 1443 399 :

214 438 259 482 Si
282 451 391 498 quae
411 433 617 480 laboriosa
638 432 709 485 est,
732 433 782 478 ad
808 449 878 478 me
900 433 1110 477 curritur:

114 519 184 575 45
218 511 293 557 Sin
317 510 424 555 lenis
447 507 519 562 est,
542 509 594 555 ad
616 508 748 554 alium
775 507 967 555 defertur
992 520 1187 567 gregem.

217 589 270 631 In
291 585 371 632 hac
392 583 453 630 est
473 601 585 649 pura
609 585 762 630 oratio.

805 585 1077 647 experimini,

218 664 272 707 In
297 672 522 723 veramque
550 669 721 724 partem
743 660 971 719 ingenium
999 656 1104 720 quid
1124 653 1252 721 poffit
1280 671 1445 702 meum.

219 737 265 782 Si
289 752 516 799 nunquam
538 751 664 781 auare
686 737 880 798 pretium
904 731 1026 778 statui
1048 734 1127 778 arti
1150 748 1283 784 meae,

221 814 279 857 Et
301 827 402 858 eum
415 807 496 857 effe
509 808 731 874 quaestum
743 810 788 857 in
802 811 998 857 animum
1010 808 1162 855 induxi
1181 823 1452 854 maxumum,

716 886 852 948 Ll5

1382 899 1446 945 50

86 1029 280 1069 moediam
303 1027 440 1079 scribit,
463 1029 655 1082 pertinet:
675 1042 744 1082 po-
792 1029 1071 1084 praeiudicium
1096 1027 1185 1068 huic
1211 1025 1453 1070 Comoediae

85 1088 158 1125 tuit
178 1087 283 1125 enim
301 1084 508 1126 secundum
527 1088 744 1127 moremin-
792 1084 920 1128 fecisse
939 1086 1146 1133 videretur,
1165 1083 1270 1136 quod
1290 1081 1372 1134 ipse
1393 1082 1454 1120 di-

90 1144 208 1196 genio
234 1141 408 1181 vniuersa
427 1143 632 1193 complere.
681 1145 745 1182 Er·
795 1145 844 1182 cit
873 1143 937 1181 illa
955 1153 1018 1181 aut
1038 1140 1181 1181 exinde
1199 1140 1275 1178 iam
1296 1153 1317 1177 a
1346 1137 1454 1190 supe-

89 1212 140 1251 go
168 1199 257 1250 quia
292 1198 387 1237 haec
420 1199 744 1251 pronunciatur-us
793 1198 1039 1250 rioripopulo
1058 1197 1228 1236 iudicare
1239 1192 1363 1247 posset
1381 1195 1455 1245 (di-

87 1253 186 1302 sum,
218 1252 372 1294 necefl'e
391 1253 517 1294 habeo
536 1254 744 1293 mentium.
796 1259 845 1295 cit
863 1253 1092 1301 laboriosnm,
1115 1266 1150 1291 et
1170 1265 1212 1290 vt
1231 1251 1362 1289 exinde
1380 1253 1456 1289 iam

87 1311 194 1358 Ideo,
219 1311 357 1361 inquit,
385 1321 541 1362 propter
562 1324 626 1349 me
644 1310 746 1348 hane
796 1328 818 1351 a
847 1309 1112 1364 fiaeperz'oribus
1137 1307 1291 1361 populus
1320 1307 1456 1347 dziusli-

89 1367 185 1405 mihi
205 1379 362 1418 operam
384 1365 583 1411 exhibete,
606 1376 646 1404 vt
659 1378 747 1402 cum

89 1422 239 1461 mentio
256 1421 471 1461 attendatis.
526 1424 569 1461 E.

148 1492 202 1532 44
233 1479 274 1518 Si
302 1491 375 1530 qua
403 1475 647 1530 laboriofiz’st]
689 1478 748 1514 Iu-

92 1533 189 1573 stum
208 1535 353 1572 etenim
364 1533 415 1572 est
437 1531 515 1572 seni
533 1534 574 1571 in
593 1546 634 1571 re
645 1531 749 1570 labo-

93 1587 191 1629 riosa
208 1589 382 1629 fauorem
401 1588 604 1641 praestare.
649 1590 693 1630 C.

148 1646 191 1684 Si
213 1659 311 1699 quae,
344 1645 448 1696 quod
468 1644 521 1683 est
539 1645 581 1683 in
601 1642 753 1683 Bembi-

95 1716 168 1749 n0,
201 1703 368 1756 exigitur
394 1716 416 1741 a
443 1697 562 1740 versu.
618 1700 751 1753 Vulgo

95 1758 246 1798 habent
263 1759 304 1798 Si
321 1771 403 1810 qua.
462 1760 501 1797 Β.

148 1826 202 1867 45
233 1815 297 1852 Ad
324 1815 435 1852 alium
461 1812 627 1867 gregem]
664 1810 754 1856 Gre-

122 1883 173 1909 em
195 1883 281 1909 curn
301 1880 501 1909 contemtu
522 1869 629 1913 dixit,
662 1868 756 1906 alios

95 1927 245 1966 afiores
265 1925 370 1977 parui
390 1923 548 1963 faciens.
596 1923 755 1978 Gregem

97 1983 268 2034 appellat
312 1978 551 2020 scenicorum
587 1978 751 2018 turbam.

97 2041 250 2080 Plautus
281 2038 323 2076 in
354 2037 520 2089 Prologo
560 2035 755 2077 Afinariae

100 2092 228 2147 (versu
248 2096 331 2144 2.),
367 2094 474 2148 Qae
491 2092 638 2145 quidem
662 2090 755 2130 mihi

100 2164 211 2204 atque
230 2132 336 2189 ssobis
356 2163 412 2187 res
431 2161 557 2187 vertat
568 2146 666 2197 bene,
689 2148 757 2186 At-

103 2220 169 2260 que
188 2207 271 2245 huic
287 2209 405 2260 gregi.
462 2204 507 2244 C.

158 2263 198 2302 Si
215 2263 315 2310 lenis,
338 2260 484 2300 habent
496 2257 705 2300 Bembinus
716 2267 758 2297 et

104 2317 181 2357 alii.
234 2320 274 2358 Β.

161 2375 214 2426 46
244 2372 304 2426 Est
317 2385 416 2426 pura
436 2369 577 2426 oratio]
596 2372 681 2410 Hoc
694 2367 758 2418 est,

107 2429 249 2476 nitida,
290 2443 387 2481 quae
419 2427 532 2467 facile
573 2422 762 2466 assensum

107 2484 323 2524 auditorum
341 2486 458 2524 ineat.
516 2485 561 2524 C.

160 2541 206 2580 In
227 2539 294 2578 hac
310 2553 404 2592 pura
424 2539 470 2591 est
482 2538 623 2593 oratio]
655 2538 761 2588 Quo-

108 2596 214 2636 niam
244 2595 336 2635 fient
356 2596 491 2649 (fitpra
516 2599 575 2648 Z.)
607 2594 766 2642 dixerat,

110 2649 314 2692 laboriosas
334 2653 458 2702 potius
477 2649 707 2692 Comoedias
720 2648 767 2688 ad

111 2707 148 2750 fe
176 2707 330 2754 deferri,
355 2708 461 2746 leues
482 2706 528 2746 ad
549 2707 685 2748 alium:
717 2720 770 2746 ne
819 2707 873 2756 fit,
898 2720 933 2748 et
939 2706 983 2760 fi
996 2720 1073 2747 eum
1091 2706 1286 2763 quaestum.

799 1381 879 1406 care
896 1377 935 1417 p.
964 1366 1026 1416 Z.)
1059 1365 1209 1411 adiecit,
1238 1366 1277 1402 in
1299 1364 1365 1402 hac
1387 1375 1455 1416 pu-

798 1437 842 1462 ra
881 1421 929 1473 est
960 1423 1081 1460 oratio
1102 1438 1115 1458 .·
1168 1421 1386 1470 experimini
1414 1421 1456 1457 in

798 1490 995 1529 *utramque
1009 1488 1155 1528 partem
1167 1478 1349 1529 ingenium
1367 1475 1459 1528 quid

794 1532 900 1588 poffit
933 1546 1059 1571 meum.
1117 1535 1206 1571 Non
1235 1532 1367 1570 omnia
1394 1544 1457 1570 ae-

801 1591 978 1641 qualitas,
1012 1588 1129 1627 modo
1152 1598 1354 1637 Vtrumque
1380 1585 1459 1637 pos·

800 1644 885 1686 sunt
902 1646 1017 1696 (Non
1039 1645 1161 1682 omnia
1188 1643 1432 1696 aequabiliter
1443 1657 1460 1685 ,-

801 1701 909 1742 modo
935 1713 1126 1753 utrumque
1149 1698 1290 1752 possum
1307 1700 1386 1747 Z.):
1420 1711 1459 1738 et

802 1759 908 1798 leuia
937 1755 1120 1807 perferre,
1149 1766 1190 1794 et
1207 1756 1338 1808 grauia
1359 1768 1460 1793 corn-

804 1815 923 1866 plere.
981 1815 1036 1852 Ita
1055 1813 1104 1851 ait
1121 1811 1463 1863 invtramquepar·

805 1883 894 1910 tem:
924 1869 1109 1919 quoniam
1133 1864 1284 1918 semper
1303 1868 1344 1905 in
1358 1864 1461 1918 aspe-

804 1923 968 1966 rioribus
1004 1921 1276 1975 comprobastis
1295 1936 1306 1966 ;
1355 1935 1462 1961 nune

804 1993 962 2034 quoque
977 1979 1189 2018 leuioribus
1210 1975 1319 2017 nosse
1337 1981 1462 2031 (faue-

803 2053 842 2079 re
857 2039 916 2090 Z.)
937 2035 1101 2075 debetis.
1159 2037 1202 2075 E.

856 2100 908 2147 48
942 2093 984 2130 Si
1004 2094 1203 2143 ‘nunquam
1221 2102 1332 2129 auare
1346 2092 1462 2143 preti·
1492 2096 1495 2099 ’

804 2163 864 2188 um
885 2147 1023 2201 statui]
1055 2151 1126 2187 Per
1146 2146 1239 2185 haec
1261 2146 1375 2185 verba
1387 2148 1463 2186 Te-

805 2206 952 2245 rentius
980 2201 1227 2250 demonstrat,
1252 2215 1364 2253 quarn
1385 2216 1466 2255 gra-

806 2262 865 2300 uis
886 2260 1015 2299 aue‘tor
1032 2257 1085 2308 fit,
1106 2259 1171 2309 qui
1190 2254 1270 2296 suas
1289 2260 1465 2299 Comoe-

808 2317 889 2357 dias
910 2315 1063 2367 probet.
1120 2315 1182 2355 Sic
1193 2314 1330 2353 Horat.
1343 2316 1406 2367 (L.
1420 2327 1465 2361 ιι,

792 2372 961 2425 epistol.
984 2384 1016 2419 1,
1039 2371 1126 2422 81.)
1160 2369 1210 2409 E:
1223 2383 1299 2409 cum
1321 2370 1467 2423 respon·

812 2431 896 2469 dere
916 2428 1056 2467 coneris
1071 2456 1080 2474 ‚
1113 2428 1225 2480 ‚Quae
1247 2430 1377 2481 grauis
1397 2429 1468 2466 Ae·

798 2485 940 2537 fimus,
985 2497 1077 2537 quae
1105 2484 1228 2523 doetus
1247 2482 1405 2537 Roscius·
1435 2497 1468 2523 ει

811 2543 883 2597 git.
944 2541 989 2581 C.
1280 2578 1286 2583 ,

867 2608 923 2649 49
951 2596 1002 2634 Et
1044 2608 1123 2633 eum
1165 2593 1226 2646 ff!
1265 2594 1468 2650 quaestum]

816 2654 1109 2702 Nonnunquam
1127 2647 1358 2701 subauditur,
1369 2651 1414 2702 si,
1435 2663 1472 2692 vt

1344 2708 1389 2750 C.
