1815 3168
299 144 399 191 440

681 123 842 170 Aer.
874 123 946 167 lv.
984 96 1104 165 Sci:
1116 119 1182 166 N.
1216 119 1288 163 vt.

445 258 641 301 Omnem
663 251 787 298 rem?
825 247 932 296 CH.
967 247 1019 294 ad
1039 245 1139 293 me?
1169 244 1277 308 qui?
1301 240 1417 307 quast
1441 239 1558 288 istuc.
1576 235 1677 289 ΤΗ.

547 329 661 392 quia‚
685 328 790 374 dum
815 326 892 372 tibi
916 324 1106 370 sororem
1129 318 1278 367 studeo

446 405 646 457 Reddere
677 415 720 450 et
741 402 985 451 restituere,
1027 397 1132 443 haec
1163 406 1291 459 atque
1321 392 1569 443 huiusmodi
1588 392 1682 439 sum

552 480 687 528 multa
707 475 836 543 passa.

451 554 561 605 CH.
596 557 681 603 Vbi
704 572 752 601 ea
773 551 863 600 est?
902 546 1006 598 ΤΗ.

553 633 659 696 quid
682 629 771 677 est?

1045 548 1166 596 domi
1185 545 1302 612 apud
1321 561 1408 593 me.
1437 539 1535 591 CH.
1557 538 1685 591 hem!

362 728 422 761 10
453 703 564 756 ΤΗ.
602 703 770 759 Εᾶυίὶει
795 707 866 756 ita,
889 704 951 750 vti
973 711 1104 764 teque
1126 699 1285 761 illaque
1312 687 1557 761 dignumfst.
1590 690 1688 741 Cu.

554 783 660 847 quid
681 782 771 830 ais?
806 775 856 824 T
872 797 917 824 H.
968 777 1015 823 id
1039 775 1160 839 quod
1182 791 1251 821 res
1275 771 1357 819 est:

456 864 588 909 Hanc
610 858 690 905 tibi
711 857 831 903 dono
853 855 924 908 do,
949 869 1093 916 neque
1107 860 1260 917 repeto
1272 866 1356 915 pro
1376 846 1447 894 illa
1460 847 1694 912 quicquam

556 934 632 983 abs
654 943 695 980 te
714 931 860 998 pretii.

377 1165 407 1207 7
434 1151 500 1191 Ad
522 1143 602 1190 me?
632 1150 697 1202 qui
706 1149 726 1192 ’,ἱ
755 1142 863 1200 quast*
879 1144 988 1199 istuc]

327 1215 377 1253 Et
395 1208 570 1251 rusticus,
599 1215 636 1244 et
660 1205 837 1251 timidus,
864 1213 902 1242 et
920 1216 990 1254 pu-

329 1268 427 1307 dens
455 1271 668 1302 commotus
695 1260 749 1300 est
771 1260 993 1299 meretricu-

330 1324 394 1362 lae
414 1320 524 1359 dicio.
582 1320 634 1357 D.

386 1390 415 1431 7
444 1381 531 1424 Pro,
548 1374 638 1427 qui?
668 1371 770 1425 quast
780 1368 994 1422 istuc,Cod.

330 1438 430 1486 Reg.
465 1431 725 1476 Chartaceus‚
767 1427 817 1467 de
846 1427 996 1479 optimo

333 1489 505 1542 quodam
523 1483 790 1536 transcriptus,
823 1494 863 1522 et
880 1497 901 1521 a
919 1483 998 1521 ma-

332 1561 391 1586 nu
414 1543 581 1584 secunda
602 1540 863 1581 Academicus
891 1538 997 1577 reete

332 1601 464 1649 habet,
486 1603 548 1652 qui
570 1596 704 1651 quaeso
725 1595 840 1647 istuc?
897 1598 940 1635 B.

395 1666 418 1707 8
450 1658 551 1695 Haec
565 1666 676 1708 atque
695 1650 898 1702 huiufinodi
909 1649 999 1701 ficm

336 1716 454 1755 ‘multa
487 1711 610 1765 passa]
650 1709 798 1752 Mulier
831 1705 1002 1746 facunda

335 1770 531 1816 meretrix,
553 1769 651 1806 haec
675 1766 840 1817 imputat
865 1763 1003 1812 (incul-

337 1841 401 1868 cat
431 1824 629 1877 repetendo
666 1825 725 1872 Z.)
764 1815 1002 1858 adolescenti

339 1894 442 1934 quae
460 1880 575 1927 vidit,
608 1888 647 1916 et
665 1878 740 1915 alia
759 1875 896 1926 quibus
917 1873 1002 1924 (ad-

339 1939 453 1983 dunt,
463 1949 548 1982 non,
560 1932 672 1972 codd.
688 1935 798 1981 vett.)
810 1929 1000 1969 interfuit.

341 1994 511 2036 Reddere
537 2005 572 2031 et
602 1987 809 2041 restituere]
827 2035 829 2037 ι
845 1985 1005 2035 Proprie

341 2051 514 2091 redditur
532 2044 792 2097 cupientibus,
822 2052 861 2080 vt
881 2041 1004 2080 domi-

343 2121 399 2147 no
434 2103 598 2144 seruus:
639 2099 868 2152 Restituitur
901 2097 1004 2147 cupi-

344 2177 429 2209 ens,
452 2172 490 2199 vt
511 2159 659 2212 patriae
671 2156 786 2195 ciuis:
819 2150 1006 2194 Redditur

343 2231 383 2262 et
401 2217 633 2270 restituitur,
666 2212 828 2264 cupiens
848 2210 1007 2262 cupien-

343 2276 470 2320 tibus,
502 2283 541 2311 vt
560 2269 713 2323 parenti
732 2267 845 2307 filius.
899 2268 1006 2318 Ergo

343 2336 386 2374 in
414 2330 486 2369 hac
504 2338 707 2377 Vtrumque
724 2323 799 2373 est,
817 2332 868 2362 *et
894 2320 1006 2362 reddi

346 2401 386 2430 et
406 2385 562 2426 restitui.
619 2386 669 2423 D.

399 2444 501 2482 Haec
512 2453 622 2494 atque
633 2435 863 2490 huiusmodi]
891 2436 1007 2478 Corn-

346 2499 506 2541 mendat
524 2496 588 2534 hic
609 2505 762 2540 munus,
784 2506 870 2531 cum
890 2491 1007 2531 maxi—

348 2569 430 2598 mas
451 2552 488 2592 se
508 2552 663 2592 iniurias
677 2546 818 2602 paffam
831 2549 933 2587 dicit.
962 2550 1005 2586 E.

401 2624 428 2667 9
457 2608 603 2663 Heml]
642 2605 829 2648 Extimuit
861 2599 1006 2646 adoles-

1591 998 1694 1044 Ca.

1041 1155 1145 1191 cens,
1171 1154 1257 1180 eum
1275 1138 1443 1179 sororem
1463 1137 1563 1178 suam
1580 1138 1621 1176 in
1634 1136 1699 1176 do-

1040 1213 1106 1239 mo
1127 1197 1338 1237 meretricis
1359 1193 1435 1236 effe
1445 1191 1613 1234 audiuit:
1637 1193 1699 1232 cui

1041 1257 1100 1296 rei
1119 1254 1242 1293 statim
1264 1253 1427 1290 occurrit
1445 1251 1576 1289 Thais.
1607 1252 1658 1290 D.

1098 1313 1152 1348 Vt
1185 1309 1247 1347 hic
1279 1307 1322 1346 fit
1350 1306 1606 1353 Trochaicus,
1635 1306 1703 1357 qui

1044 1365 1222 1406 succedat
1239 1364 1489 1404 Tetrametris
1509 1362 1647 1414 plenis,
1662 1358 1704 1399 'vt

1045 1420 1208 1475 semper,
1236 1419 1451 1473 pronuncia
1469 1417 1538 1458 lic:
1567 1416 1653 1457 'Vbi
1673 1431 1705 1456 e-

1045 1478 1132 1530 ass?
1175 1477 1294 1516 D6m2·
1330 1477 1429 1529 apud
1468 1489 1535 1514 me.
1596 1475 1705 1514 He‘m.

1045 1535 1154 1591 Qid
1172 1532 1245 1585 est?
1302 1536 1344 1574 B.

1106 1603 1159 1632 *ο
1190 1588 1355 1643 Educ‘ta]
1384 1585 1620 1627 Subauditur
1646 1585 1706 1639 est.

1051 1648 1116 1688 Vn·
1152 1659 1253 1700 teque
1285 1643 1417 1698 illaque
1451 1643 1602 1699 dignum
1629 1643 1706 1697 est]

1047 1707 1159 1744 Bene
1178 1701 1376 1756 purgauit,
1411 1700 1517 1752 quod
1543 1712 1592 1739 ex
1613 1698 1709 1739 fastu

1050 1760 1265 1800 meretricio
1290 1756 1581 1809 exspeEiabatur
1610 1758 1708 1808 (ope

1053 1815 1167 1856 codd.
1196 1824 1287 1854 vett.
1319 1814 1492 1859 restituo,
1520 1812 1636 1866 Qod
1661 1824 1710 1850 ex

1051 1873 1128 1921 astu
1149 1871 1354 1910 meretricio
1365 1868 1592 1920 spec‘tatur):
1622 1880 1711 1906 non

1052 1927 1193 1979 inquit,
1216 1936 1254 1965 vt
1271 1938 1335 1963 me
1353 1925 1519 1978 dignum
1529 1923 1595 1972 est,
1606 1922 1712 1973 apud

1052 1996 1118 2024 me
1148 1980 1214 2021 est.
1273 1980 1378 2034 Qid
1418 1980 1522 2033 αι’ςῖ]
1568 1980 1710 2020 Reete:

1055 2040 1146 2091 quia
1163 2039 1315 2085 mirum,
1345 2035 1448 2088 apud
1467 2036 1711 2075 meretricem

1052 2094 1266 2135 liberaliter
1285 2092 1497 2132 educatam.
1553 2094 1603 2132 D.

1112 2151 1218 2207 Qid
1233 2152 1287 2188 ais
1295 2149 1333 2202 ἲ]
1365 2148 1630 2187 Vehementer
1644 2147 1714 2187 mi-

1055 2217 1158 2246 ratus
1174 2202 1416 2253 adolescens,
1458 2203 1561 2255 quod
1585 2205 1715 2256 (quum

1056 2265 1119 2315 Z.)
1147 2261 1249 2315 apud
1266 2261 1511 2301 meretricem
1523 2259 1659 2299 edueta
1668 2259 1714 2297 fit

1056 2315 1177 2368 soror,
1211 2315 1537 2370 quemadmodum
1559 2315 1715 2362 dictum,

1055 2378 1111 2416 ita
1148 2376 1207 2414 vti
1248 2386 1354 2427 teque
1389 2372 1519 2426 illaque
1559 2373 1716 2427 dignum

1056 2431 1113 2485 est.
1169 2434 1211 2471 Ε.

1113 2500 1158 2530 11
1190 2487 1300 2527 Hanc
1327 2484 1400 2526 tihi
1419 2486 1512 2525 dono
1533 2484 1599 2539 do]
1629 2487 1715 2526 Me-

1055 2545 1129 2583 lius
1173 2544 1271 2582 dixit
1309 2541 1518 2593 (VVesterh.
1557 2538 1717 2579 inseruit

1057 2613 1176 2656 quam.
1189 2599 1291 2642 male
1316 2602 1391 2652 Z.)‚
1422 2599 1561 2640 Dono:
1590 2608 1630 2637 vt
1650 2595 1715 2648 do-

1618 2666 1715 2699 num
