1815 3168
670 195 961 245 ANDRIA.

1398 212 1489 259 ¹97

165 332 226 379 25
261 313 372 366 MY.
407 323 485 366 Tu
505 317 673 374 nescis?
706 319 861 371 DAV.
899 325 1023 370 mitte
1045 322 1105 376 id,
1129 324 1249 386 quod
1270 324 1377 372 scio:
1402 325 1483 379 dic,

352 395 472 458 quod
510 412 637 456 rogo,

251 464 364 519 MY.
409 469 564 517 Vestri.
597 469 750 520 DAV.
787 469 944 525 cuius?
989 470 1157 524 nostri?
1202 470 1256 518 M
1272 487 1318 519 Y.
1354 478 1482 523 Pam-

347 544 475 609 phili.
514 543 607 592 DA
625 559 673 594 v.
707 547 833 597 hem!
867 547 1004 612 quid?
1043 545 1292 613 Pamphili?

250 613 304 664 M
319 632 364 667 Y.
399 622 513 673 Eho,
534 638 682 669 annon
706 620 798 668 est?
832 618 941 670 CH.
979 621 1097 670 reste
1120 641 1204 685 ego
1226 624 1394 689 semper
1413 624 1479 671 fu·

346 696 392 755 gi
414 695 490 741 has
511 697 701 760 nuptias.

248 765 342 816 DA
361 783 408 817 v.
447 774 489 817 O
523 771 689 819 facinus
722 773 1181 821 animaduertendum!
1217 771 1329 823 MY.
1369 772 1476 837 quid

344 845 534 893 clamitas
546 848 568 892 '?

244 917 294 968 D
320 933 353 965 A
379 933 428 967 V.
481 925 687 976 Quemne
731 939 821 985 ego.
848 923 945 972 heri
976 924 1065 974 vidi
1094 925 1149 974 ad
1179 942 1258 975 vos
1302 922 1475 972 afferrri

341 995 506 1061 vesperi
519 997 541 1046 ἵ

111 1122 153 1154 et
192 1123 388 1154 contemtu
421 1115 523 1163 eius,
570 1127 660 1156 eum
687 1128 765 1168 quo

110 1169 235 1210 seimo
271 1169 344 1220 est,
383 1171 660 1226 interrogantis
698 1173 766 1213 ali-

110 1226 215 1279 quid.
270 1229 320 1268 D.

165 1284 352 1334 Denique
360 1294 562 1335 praeparat
570 1285 675 1327 illam
684 1297 764 1325 rur-

106 1336 169 1378 sus
213 1338 590 1391 interrogationem,
647 1342 764 1382 Cuius

111 1406 200 1433 vero
215 1405 370 1446 puerum
393 1393 450 1432 hic
468 1395 676 1447 appoficisti,
705 1397 764 1435 dic

109 1450 210 1489 mihi.
232 1450 351 1488 Mitte
368 1450 406 1488 id
415 1452 517 1502 quod
520 1451 620 1500 scio]
659 1453 765 1502 Quia

109 1503 266 1544 obscuro
287 1503 535 1557 responderat
552 1507 763 1560 interroga-

108 1570 147 1599 ta
166 1559 302 1613 Myfls,
344 1562 448 1600 cuius
473 1574 573 1613 puer
599 1559 691 1601 effet
719 1575 761 1602 tu

104 1616 240 1666 mstis:
269 1627 308 1655 vt
330 1615 477 1656 facilius
502 1616 691 1658 Chremes
703 1632 764 1657 au·
810 1638 814 1642 -

107 1672 221 1721 diret,
244 1670 452 1723 respondet
469 1674 613 1722 Dauus,
626 1680 633 1717 f.
646 1674 761 1713 Omit-

105 1740 143 1766 te
160 1728 348 1780 quodfcio
364 1741 371 1765 :
390 1728 492 1779 quod
499 1741 589 1783 rogo
601 1728 672 1769 dic.
715 1732 759 1770 E.

161 1795 213 1834 25
243 1784 364 1823 Mitte
381 1784 422 1822 id
436 1783 645 1837 quodfiio]
671 1786 759 1825 Hoc

100 1839 246 1879 lentius
264 1849 304 1878 et
322 1836 523 1878 summisse.
581 1842 630 1880 D.

155 1895 339 1946 Denique
376 1895 478 1947 cogit
513 1894 561 1934 ad
594 1897 757 1948 apertio-

100 1962 183 1989 rem
201 1949 492 2001 expositionem.
547 1953 650 1992 Nam
669 1966 755 1992 cum

97 2005 163 2045 illa
181 2002 333 2045 dixiffet
351 2005 480 2057 vestri,
514 2017 553 2046 et
571 2022 675 2048 nunc
692 2010 753 2049 in·

99 2071 288 2115 terrogat,
318 2063 443 2109 cuius,
476 2063 614 2116 nostri?
644 2075 683 2104 vt
702 2064 751 2104 ad

97 2129 244 2156 nomen
293 2131 493 2169 proprium
543 2121 751 2171 veniretur,

95 2173 200 2223 quod
220 2174 286 2212 illa
304 2174 490 2214 continuo
511 2175 624 2215 dixit:
644 2179 751 2217 Pam-

88 2228 213 2279 phili?
235 2228 320 2269 Post
337 2230 455 2290 iratus
483 2234 615 2279 Dauus
631 2232 750 2284 quali

96 2294 135 2321 et
155 2298 300 2325 nomen
327 2287 486 2338 repetit,
516 2298 554 2326 vt
581 2288 749 2340 duplica-

95 2340 149 2377 tio
167 2342 269 2380 vocis
287 2340 488 2382 Chremeti
500 2343 653 2395 plenius
666 2357 749 2384 rem

98 2394 295 2435 indicaret.
351 2401 394 2438 E.

149 2454 201 2492 26
233 2453 351 2493 Hem!
376 2454 490 2506 quid?
517 2455 707 2508 Pamphili
717 2456 752 2511 ?]

100 2506 274 2557 Apparet
319 2510 525 2549 mulierem
566 2512 674 2562 vestri
710 2523 752 2552 et

101 2561 284 2612 Pamphili
312 2563 450 2604 lentius
478 2567 748 2618 pronunciasse

97 2629 212 2666 quarn
238 2619 369 2658 Dauus
407 2622 542 2662 vellet:
580 2635 619 2663 et
654 2625 745 2664 ideo

97 2684 203 2710 nunc
220 2671 396 2724 repetisse
408 2689 555 2718 nomen
575 2679 689 2732 nostri
709 2693 747 2721 et

95 2726 289 2783 Pamphili.
343 2730 463 2774 Hem!
491 2735 605 2788 quid?
640 2737 747 2777 Pam-

1407 1018 1468 1064 30

809 1117 904 1173 phili
912 1119 954 1173 ?]
985 1120 1089 1161 Duas
1117 1131 1178 1160 res
1195 1129 1378 1172 operatur
1395 1122 1471 1160 Da-

814 1188 884 1214 uus
908 1175 1036 1226 fimuI,
1064 1186 1105 1215 et
1129 1185 1168 1216 vt
1192 1176 1470 1231 ignarissimum

813 1228 852 1271 se
880 1231 1072 1282 ostendat,
1109 1242 1150 1272 et
1181 1244 1221 1272 vt
1246 1231 1469 1284 Pamphilus

815 1289 1051 1328 nominetur.
1106 1290 1154 1329 Et
1190 1298 1326 1341 argute
1359 1301 1469 1339 repe-

811 1345 856 1383 tit
874 1357 1021 1383 nomen
1040 1343 1250 1396 Pamphili:
1280 1343 1380 1396 quali
1399 1356 1469 1395 per

813 1399 1147 1452 indignationem,
1175 1410 1215 1439 vt
1231 1397 1351 1439 soceri
1370 1401 1466 1439 auri-

813 1454 884 1494 bus
903 1453 1153 1494 adolescentis
1179 1467 1325 1494 nomen
1344 1455 1468 1493 incul-

813 1521 885 1550 cet.
916 1511 1053 1549 metuit
1080 1512 1205 1560 enim,
1231 1525 1283 1551 ne
1301 1524 1383 1550 non
1406 1524 1469 1549 au-

812 1566 890 1606 diat
907 1567 1013 1607 velut
1032 1564 1159 1606 senex.
1212 1569 1261 1607 D.

867 1633 921 1673 27
952 1622 1058 1662 Rec'te
1069 1635 1134 1676 ego
1141 1622 1284 1674 fimper
1294 1622 1389 1676 fugi
1399 1621 1466 1662 has

809 1680 973 1728 nuptias]
999 1681 1046 1718 Et
1065 1677 1128 1716 hic
1147 1678 1265 1717 efficit
1284 1678 1389 1728 quod
1401 1691 1463 1716 vo-

809 1733 881 1772 luit
899 1735 1044 1781 Dauus,
1068 1744 1107 1772 vt
1123 1732 1315 1785 Pamphili
1336 1733 1462 1773 Chre·

807 1801 890 1829 mes
929 1802 1094 1841 puerum
1128 1786 1207 1828 effe
1240 1787 1458 1842 cognoscat,

808 1855 847 1884 et
865 1842 1010 1884 recuset
1027 1857 1230 1898 generum.
1286 1845 1385 1898 Has]
1414 1843 1461 1886 Id

805 1900 871 1950 est,
893 1899 1122 1941 huiusmodi.
1179 1903 1227 1942 D.

862 1957 1073 2008 Quomodo
1079 1956 1227 2010 simper
1243 1956 1362 2011 fugit,
1391 1957 1458 2008 qui

801 2015 830 2062 1,
854 2025 887 2061 Ι,
915 2024 967 2066 73
999 2015 1095 2053 vltro
1113 2013 1161 2052 ad
1179 2014 1379 2055 Simonem
1398 2023 1459 2052 v‘e·

799 2070 887 2114 nit?
915 2081 1067 2121 repone
1084 2071 1204 2122 igitur
1221 2081 1355 2122 nempe.
1383 2071 1459 2114 De·

800 2124 894 2164 inde
911 2125 976 2164 has
994 2139 1099 2178 pone
1108 2136 1199 2164 aute
1206 2125 1312 2180 fugi,
1331 2126 1458 2164 auelo·

801 2181 913 2220 ritate
933 2182 1042 2220 vnius
1063 2181 1213 2220 codicis.
1271 2185 1310 2222 Β.

857 2242 908 2284 28
944 2237 977 2275 Ο
990 2238 1146 2289 fizcinus
1165 2237 1457 2277 animaduerten-

799 2290 902 2338 dum]
935 2297 1154 2336 ἀποσιώπησις
1174 2303 1315 2344 quarta.
1353 2292 1459 2347 Qid

780 2370 781 2373 =
799 2348 966 2389 clamitas
978 2350 1019 2400 ?]
1046 2350 1240 2390 Clamauit
1259 2350 1367 2388 enim
1379 2351 1457 2388 Da-

801 2417 892 2451 uus,
921 2415 958 2443 vt
982 2417 1148 2457 puerum
1172 2405 1299 2457 (lege,
1327 2417 1456 2458 ωροτε

801 2473 930 2500 verum
941 2464 999 2514 Z.)
1018 2460 1373 2502 audiretChremes.
1403 2465 1454 2511 D„

855 2528 909 2570 29
938 2515 1101 2571 Qemne
1119 2531 1184 2572 ego
1205 2517 1283 2557 heri
1306 2518 1387 2556 vidi
1403 2519 1455 2557 ad

795 2586 860 2611 vos
884 2571 1012 2625 afferri
1039 2573 1229 2626 υςΙρενὶὲ]
1262 2574 1355 2613 Vult
1386 2586 1454 2613 ne·

797 2628 1085 2681 gando-irritare
1094 2629 1296 2669 mulierem
1307 2630 1354 2668 ad
1365 2643 1454 2668 con-

796 2683 983 2725 firmanda
1012 2697 1111 2738 quae
1128 2686 1217 2726 vult.
1274 2689 1323 2726 D.

906 2744 941 2783 N
975 2752 997 2794 3
1369 2739 1453 2797 Ego
