<?xml version="1.0" encoding="UTF-8"?>
<!DOCTYPE html PUBLIC "-//W3C//DTD XHTML 1.0 Transitional//EN"
    "http://www.w3.org/TR/xhtml1/DTD/xhtml1-transitional.dtd">
<html xmlns="http://www.w3.org/1999/xhtml" xml:lang="en" lang="en">
 <head>
  <title>
</title>
<meta http-equiv="Content-Type" content="text/html;charset=utf-8" />
  <meta name='ocr-system' content='tesseract 3.04.00' />
  <meta name='ocr-capabilities' content='ocr_page ocr_carea ocr_par ocr_line ocrx_word'/>
</head>
<body>
  <div class='ocr_page' id='page_1' title='image "./comoediaesexexre01tereuoft_0091.png"; bbox 0 0 1815 3168; ppageno 0'>
   <div class='ocr_carea' id='block_1_1' title="bbox 522 141 1453 219">
    <p class='ocr_par' dir='ltr' id='par_1_1' title="bbox 522 141 1453 219">
     <span class='ocr_line' id='line_1_1' title="bbox 522 141 1453 219; baseline 0.002 -3"><span class='ocrx_word' id='word_1_1' title='bbox 522 141 611 217; x_wconf 67' lang='lat' dir='ltr'>1&gt;ss</span> <span class='ocrx_word' id='word_1_2' title='bbox 645 171 1021 219; x_wconf 59' lang='lat' dir='ltr'>THEATRo,</span> <span class='ocrx_word' id='word_1_3' title='bbox 1323 186 1453 218; x_wconf 63' lang='lat' dir='ltr'>mm</span> 
     </span>
    </p>
   </div>
   <div class='ocr_carea' id='block_1_2' title="bbox 39 287 1449 2810">
    <p class='ocr_par' dir='ltr' id='par_1_2' title="bbox 39 287 1449 2810">
     <span class='ocr_line' id='line_1_2' title="bbox 91 287 1449 345; baseline 0.001 -15"><span class='ocrx_word' id='word_1_4' title='bbox 91 292 155 345; x_wconf 83' lang='lat' dir='ltr'>qui</span> <span class='ocrx_word' id='word_1_5' title='bbox 167 288 326 344; x_wconf 84' lang='lat' dir='ltr'>possum.</span> <span class='ocrx_word' id='word_1_6' title='bbox 383 291 495 331; x_wconf 81' lang='lat' dir='ltr'>scena</span> <span class='ocrx_word' id='word_1_7' title='bbox 506 290 606 330; x_wconf 89' lang='lat' dir='ltr'>binis</span> <span class='ocrx_word' id='word_1_8' title='bbox 619 289 869 342; x_wconf 85' lang='lat' dir='ltr'>pluribusque</span> <span class='ocrx_word' id='word_1_9' title='bbox 880 287 1238 342; x_wconf 82' lang='lat' dir='ltr'>contignationibus</span> <span class='ocrx_word' id='word_1_10' title='bbox 1248 300 1311 329; x_wconf 88' lang='lat' dir='ltr'>aut</span> <span class='ocrx_word' id='word_1_11' title='bbox 1322 302 1449 332; x_wconf 85' lang='lat' dir='ltr'>conta·</span> 
     </span>
     <span class='ocr_line' id='line_1_3' title="bbox 88 343 1448 397; baseline -0.001 -9"><span class='ocrx_word' id='word_1_12' title='bbox 88 348 362 395; x_wconf 87' lang='lat' dir='ltr'>bulationibus,</span> <span class='ocrx_word' id='word_1_13' title='bbox 381 345 406 386; x_wconf 84' lang='lat' dir='ltr'>fi</span> <span class='ocrx_word' id='word_1_14' title='bbox 423 347 560 393; x_wconf 82' lang='lat' dir='ltr'>mauis,</span> <span class='ocrx_word' id='word_1_15' title='bbox 578 347 764 387; x_wconf 66' lang='lat' dir='ltr'>exstructa</span> <span class='ocrx_word' id='word_1_16' title='bbox 783 346 874 386; x_wconf 91' lang='lat' dir='ltr'>fuit:</span> <span class='ocrx_word' id='word_1_17' title='bbox 903 349 1000 386; x_wconf 82' lang='lat' dir='ltr'>circa</span> <span class='ocrx_word' id='word_1_18' title='bbox 1012 358 1106 397; x_wconf 88' lang='lat' dir='ltr'>quas</span> <span class='ocrx_word' id='word_1_19' title='bbox 1117 343 1265 397; x_wconf 81' lang='lat' dir='ltr'>fingula</span> <span class='ocrx_word' id='word_1_20' title='bbox 1276 346 1448 386; x_wconf 89' lang='lat' dir='ltr'>ambula·</span> 
     </span>
     <span class='ocr_line' id='line_1_4' title="bbox 87 401 1447 456; baseline 0 -13"><span class='ocrx_word' id='word_1_21' title='bbox 87 417 160 450; x_wconf 83' lang='lat' dir='ltr'>cra,</span> <span class='ocrx_word' id='word_1_22' title='bbox 183 415 247 442; x_wconf 78' lang='lat' dir='ltr'>aut</span> <span class='ocrx_word' id='word_1_23' title='bbox 259 406 427 456; x_wconf 86' lang='lat' dir='ltr'>porticus</span> <span class='ocrx_word' id='word_1_24' title='bbox 440 403 629 441; x_wconf 88' lang='lat' dir='ltr'>columnis</span> <span class='ocrx_word' id='word_1_25' title='bbox 640 403 818 455; x_wconf 89' lang='lat' dir='ltr'>pluribus</span> <span class='ocrx_word' id='word_1_26' title='bbox 831 402 1032 442; x_wconf 63' lang='lat' dir='ltr'>distinftae</span> <span class='ocrx_word' id='word_1_27' title='bbox 1040 401 1279 442; x_wconf 87' lang='lat' dir='ltr'>videbantur.</span> <span class='ocrx_word' id='word_1_28' title='bbox 1315 407 1447 453; x_wconf 86' lang='lat' dir='ltr'>Atque</span> 
     </span>
     <span class='ocr_line' id='line_1_5' title="bbox 84 457 1446 510; baseline -0.001 -12"><span class='ocrx_word' id='word_1_29' title='bbox 84 470 128 498; x_wconf 86' lang='lat' dir='ltr'>ea</span> <span class='ocrx_word' id='word_1_30' title='bbox 139 458 247 499; x_wconf 90' lang='lat' dir='ltr'>frons</span> <span class='ocrx_word' id='word_1_31' title='bbox 256 458 393 499; x_wconf 84' lang='lat' dir='ltr'>scenae</span> <span class='ocrx_word' id='word_1_32' title='bbox 403 459 594 510; x_wconf 86' lang='lat' dir='ltr'>appellata</span> <span class='ocrx_word' id='word_1_33' title='bbox 604 458 690 498; x_wconf 88' lang='lat' dir='ltr'>fuit.</span> <span class='ocrx_word' id='word_1_34' title='bbox 721 462 765 498; x_wconf 91' lang='lat' dir='ltr'>In</span> <span class='ocrx_word' id='word_1_35' title='bbox 777 457 980 498; x_wconf 85' lang='lat' dir='ltr'>cuiuslibet</span> <span class='ocrx_word' id='word_1_36' title='bbox 990 457 1294 509; x_wconf 81' lang='lat' dir='ltr'>contignationis</span> <span class='ocrx_word' id='word_1_37' title='bbox 1305 457 1391 496; x_wconf 90' lang='lat' dir='ltr'>fron</span> <span class='ocrx_word' id='word_1_38' title='bbox 1398 460 1446 497; x_wconf 85' lang='lat' dir='ltr'>ti—</span> 
     </span>
     <span class='ocr_line' id='line_1_6' title="bbox 82 512 1445 567; baseline -0.001 -13"><span class='ocrx_word' id='word_1_39' title='bbox 82 515 322 567; x_wconf 86' lang='lat' dir='ltr'>spici0,quod</span> <span class='ocrx_word' id='word_1_40' title='bbox 333 517 523 554; x_wconf 86' lang='lat' dir='ltr'>theatrum</span> <span class='ocrx_word' id='word_1_41' title='bbox 536 513 776 566; x_wconf 81' lang='lat' dir='ltr'>respiciebat,</span> <span class='ocrx_word' id='word_1_42' title='bbox 797 526 934 565; x_wconf 88' lang='lat' dir='ltr'>portae</span> <span class='ocrx_word' id='word_1_43' title='bbox 953 512 1255 565; x_wconf 72' lang='lat' dir='ltr'>ingeniosissime</span> <span class='ocrx_word' id='word_1_44' title='bbox 1265 513 1445 564; x_wconf 63' lang='lat' dir='ltr'>depictae</span> 
     </span>
     <span class='ocr_line' id='line_1_7' title="bbox 82 567 1444 623; baseline 0 -14"><span class='ocrx_word' id='word_1_45' title='bbox 82 583 122 609; x_wconf 91' lang='lat' dir='ltr'>et</span> <span class='ocrx_word' id='word_1_46' title='bbox 134 573 258 611; x_wconf 83' lang='lat' dir='ltr'>exitus</span> <span class='ocrx_word' id='word_1_47' title='bbox 269 572 360 610; x_wconf 87' lang='lat' dir='ltr'>varii</span> <span class='ocrx_word' id='word_1_48' title='bbox 372 570 541 618; x_wconf 87' lang='lat' dir='ltr'>suerunt,</span> <span class='ocrx_word' id='word_1_49' title='bbox 551 573 591 609; x_wconf 90' lang='lat' dir='ltr'>in</span> <span class='ocrx_word' id='word_1_50' title='bbox 604 571 742 623; x_wconf 89' lang='lat' dir='ltr'>quibus</span> <span class='ocrx_word' id='word_1_51' title='bbox 753 568 974 622; x_wconf 80' lang='lat' dir='ltr'>praesertim</span> <span class='ocrx_word' id='word_1_52' title='bbox 987 567 1228 621; x_wconf 82' lang='lat' dir='ltr'>superiorum</span> <span class='ocrx_word' id='word_1_53' title='bbox 1242 572 1345 608; x_wconf 87' lang='lat' dir='ltr'>conti</span> <span class='ocrx_word' id='word_1_54' title='bbox 1351 581 1444 621; x_wconf 87' lang='lat' dir='ltr'>gna-</span> 
     </span>
     <span class='ocr_line' id='line_1_8' title="bbox 81 625 1442 677; baseline -0.002 -11"><span class='ocrx_word' id='word_1_55' title='bbox 81 628 242 673; x_wconf 83' lang='lat' dir='ltr'>tionum,</span> <span class='ocrx_word' id='word_1_56' title='bbox 260 628 390 674; x_wconf 87' lang='lat' dir='ltr'>Mimi,</span> <span class='ocrx_word' id='word_1_57' title='bbox 413 628 684 672; x_wconf 70' lang='lat' dir='ltr'>Mil-millones,</span> <span class='ocrx_word' id='word_1_58' title='bbox 707 637 746 666; x_wconf 92' lang='lat' dir='ltr'>et</span> <span class='ocrx_word' id='word_1_59' title='bbox 760 628 906 666; x_wconf 88' lang='lat' dir='ltr'>caeteri</span> <span class='ocrx_word' id='word_1_60' title='bbox 915 625 1028 666; x_wconf 90' lang='lat' dir='ltr'>Ludii</span> <span class='ocrx_word' id='word_1_61' title='bbox 1046 625 1169 664; x_wconf 82' lang='lat' dir='ltr'>varios</span> <span class='ocrx_word' id='word_1_62' title='bbox 1183 625 1310 676; x_wconf 78' lang='lat' dir='ltr'>gestus</span> <span class='ocrx_word' id='word_1_63' title='bbox 1321 638 1362 664; x_wconf 88' lang='lat' dir='ltr'>ac</span> <span class='ocrx_word' id='word_1_64' title='bbox 1373 636 1442 677; x_wconf 85' lang='lat' dir='ltr'>ge·</span> 
     </span>
     <span class='ocr_line' id='line_1_9' title="bbox 58 681 1439 734; baseline -0.001 -12"><span class='ocrx_word' id='word_1_65' title='bbox 58 692 62 697; x_wconf 76' lang='grc'><em>’</em></span> <span class='ocrx_word' id='word_1_66' title='bbox 79 683 336 723; x_wconf 83' lang='lat' dir='ltr'>sticulationes</span> <span class='ocrx_word' id='word_1_67' title='bbox 351 682 530 731; x_wconf 83' lang='lat' dir='ltr'>edebant,</span> <span class='ocrx_word' id='word_1_68' title='bbox 550 683 650 723; x_wconf 88' lang='lat' dir='ltr'>vnde</span> <span class='ocrx_word' id='word_1_69' title='bbox 661 683 798 734; x_wconf 66' lang='lat' dir='ltr'>Scerzici</span> <span class='ocrx_word' id='word_1_70' title='bbox 816 683 975 734; x_wconf 90' lang='lat' dir='ltr'>proprie</span> <span class='ocrx_word' id='word_1_71' title='bbox 992 681 1094 720; x_wconf 65' lang='lat' dir='ltr'>dicti.</span> <span class='ocrx_word' id='word_1_72' title='bbox 1146 681 1290 719; x_wconf 85' lang='lat' dir='ltr'>Chorus</span> <span class='ocrx_word' id='word_1_73' title='bbox 1309 682 1439 729; x_wconf 89' lang='lat' dir='ltr'>etiam,</span> 
     </span>
     <span class='ocr_line' id='line_1_10' title="bbox 78 736 1440 790; baseline -0.002 -12"><span class='ocrx_word' id='word_1_74' title='bbox 78 750 163 778; x_wconf 88' lang='lat' dir='ltr'>mea</span> <span class='ocrx_word' id='word_1_75' title='bbox 184 737 384 785; x_wconf 81' lang='lat' dir='ltr'>sententia,</span> <span class='ocrx_word' id='word_1_76' title='bbox 405 741 445 778; x_wconf 88' lang='lat' dir='ltr'>in</span> <span class='ocrx_word' id='word_1_77' title='bbox 465 740 510 778; x_wconf 86' lang='lat' dir='ltr'>iis</span> <span class='ocrx_word' id='word_1_78' title='bbox 530 736 793 789; x_wconf 87' lang='lat' dir='ltr'>superioribus</span> <span class='ocrx_word' id='word_1_79' title='bbox 808 736 1440 790; x_wconf 70' lang='lat' dir='ltr'>contignationibusreferebatur,</span> 
     </span>
     <span class='ocr_line' id='line_1_11' title="bbox 78 792 1439 848; baseline -0.001 -15"><span class='ocrx_word' id='word_1_80' title='bbox 78 794 168 833; x_wconf 87' lang='lat' dir='ltr'>dum</span> <span class='ocrx_word' id='word_1_81' title='bbox 181 807 391 847; x_wconf 84' lang='lat' dir='ltr'>agerentur</span> <span class='ocrx_word' id='word_1_82' title='bbox 403 794 659 848; x_wconf 77' lang='lat' dir='ltr'>Tragoediae,</span> <span class='ocrx_word' id='word_1_83' title='bbox 673 794 885 840; x_wconf 84' lang='lat' dir='ltr'>nifimauis,</span> <span class='ocrx_word' id='word_1_84' title='bbox 901 794 985 846; x_wconf 88' lang='lat' dir='ltr'>post</span> <span class='ocrx_word' id='word_1_85' title='bbox 1002 792 1152 833; x_wconf 88' lang='lat' dir='ltr'>scenam</span> <span class='ocrx_word' id='word_1_86' title='bbox 1172 793 1211 831; x_wconf 92' lang='lat' dir='ltr'>in</span> <span class='ocrx_word' id='word_1_87' title='bbox 1224 794 1310 831; x_wconf 89' lang='lat' dir='ltr'>loco</span> <span class='ocrx_word' id='word_1_88' title='bbox 1327 792 1439 832; x_wconf 83' lang='lat' dir='ltr'>desti-</span> 
     </span>
     <span class='ocr_line' id='line_1_12' title="bbox 74 849 1437 901; baseline 0 -12"><span class='ocrx_word' id='word_1_89' title='bbox 74 861 166 889; x_wconf 89' lang='lat' dir='ltr'>nato</span> <span class='ocrx_word' id='word_1_90' title='bbox 178 849 289 890; x_wconf 74' lang='lat' dir='ltr'>fuifl&#39;e</span> <span class='ocrx_word' id='word_1_91' title='bbox 303 851 472 896; x_wconf 87' lang='lat' dir='ltr'>chorum,</span> <span class='ocrx_word' id='word_1_92' title='bbox 494 863 534 890; x_wconf 88' lang='lat' dir='ltr'>et</span> <span class='ocrx_word' id='word_1_93' title='bbox 553 862 730 890; x_wconf 87' lang='lat' dir='ltr'>cantores</span> <span class='ocrx_word' id='word_1_94' title='bbox 741 863 783 889; x_wconf 91' lang='lat' dir='ltr'>ac</span> <span class='ocrx_word' id='word_1_95' title='bbox 800 850 993 898; x_wconf 84' lang='lat' dir='ltr'>tibicines,</span> <span class='ocrx_word' id='word_1_96' title='bbox 1017 849 1083 901; x_wconf 91' lang='lat' dir='ltr'>qui</span> <span class='ocrx_word' id='word_1_97' title='bbox 1099 849 1205 889; x_wconf 91' lang='lat' dir='ltr'>locus</span> <span class='ocrx_word' id='word_1_98' title='bbox 1221 849 1377 896; x_wconf 85' lang='lat' dir='ltr'>Odeum,</span> <span class='ocrx_word' id='word_1_99' title='bbox 1394 860 1437 889; x_wconf 89' lang='lat' dir='ltr'>vt:</span> 
     </span>
     <span class='ocr_line' id='line_1_13' title="bbox 73 904 1436 958; baseline -0.001 -13"><span class='ocrx_word' id='word_1_100' title='bbox 73 918 181 958; x_wconf 88' lang='lat' dir='ltr'>puto,</span> <span class='ocrx_word' id='word_1_101' title='bbox 193 906 242 946; x_wconf 93' lang='lat' dir='ltr'>ob</span> <span class='ocrx_word' id='word_1_102' title='bbox 255 907 294 947; x_wconf 92' lang='lat' dir='ltr'>id</span> <span class='ocrx_word' id='word_1_103' title='bbox 304 909 508 946; x_wconf 88' lang='lat' dir='ltr'>vocabatur</span> <span class='ocrx_word' id='word_1_104' title='bbox 519 921 539 945; x_wconf 86' lang='lat' dir='ltr'>a</span> <span class='ocrx_word' id='word_1_105' title='bbox 551 907 739 945; x_wconf 82' lang='lat' dir='ltr'>cantibus.</span> <span class='ocrx_word' id='word_1_106' title='bbox 762 907 837 947; x_wconf 88' lang='lat' dir='ltr'>Sed</span> <span class='ocrx_word' id='word_1_107' title='bbox 848 908 887 944; x_wconf 88' lang='lat' dir='ltr'>in</span> <span class='ocrx_word' id='word_1_108' title='bbox 900 907 947 945; x_wconf 85' lang='lat' dir='ltr'>iis</span> <span class='ocrx_word' id='word_1_109' title='bbox 959 917 1116 958; x_wconf 90' lang='lat' dir='ltr'>quoque</span> <span class='ocrx_word' id='word_1_110' title='bbox 1126 905 1221 944; x_wconf 87' lang='lat' dir='ltr'>locis</span> <span class='ocrx_word' id='word_1_111' title='bbox 1233 904 1382 945; x_wconf 83' lang='lat' dir='ltr'>fiebant</span> <span class='ocrx_word' id='word_1_112' title='bbox 1393 914 1436 943; x_wconf 88' lang='lat' dir='ltr'>et</span> 
     </span>
     <span class='ocr_line' id='line_1_14' title="bbox 72 960 1436 1014; baseline 0 -14"><span class='ocrx_word' id='word_1_113' title='bbox 72 962 303 1002; x_wconf 84' lang='lat' dir='ltr'>nebularum</span> <span class='ocrx_word' id='word_1_114' title='bbox 316 964 464 1009; x_wconf 87' lang='lat' dir='ltr'>icones,</span> <span class='ocrx_word' id='word_1_115' title='bbox 491 973 531 1002; x_wconf 90' lang='lat' dir='ltr'>et</span> <span class='ocrx_word' id='word_1_116' title='bbox 541 965 717 1003; x_wconf 89' lang='lat' dir='ltr'>Deorum</span> <span class='ocrx_word' id='word_1_117' title='bbox 731 960 940 1008; x_wconf 85' lang='lat' dir='ltr'>descensus,</span> <span class='ocrx_word' id='word_1_118' title='bbox 960 972 1000 1000; x_wconf 87' lang='lat' dir='ltr'>et</span> <span class='ocrx_word' id='word_1_119' title='bbox 1011 962 1211 1001; x_wconf 85' lang='lat' dir='ltr'>caeteraid</span> <span class='ocrx_word' id='word_1_120' title='bbox 1223 973 1363 1014; x_wconf 86' lang='lat' dir='ltr'>genus,</span> <span class='ocrx_word' id='word_1_121' title='bbox 1383 960 1436 1000; x_wconf 89' lang='lat' dir='ltr'>ad</span> 
     </span>
     <span class='ocr_line' id='line_1_15' title="bbox 71 1017 1434 1071; baseline -0.001 -15"><span class='ocrx_word' id='word_1_122' title='bbox 71 1031 230 1071; x_wconf 84' lang='lat' dir='ltr'>magnas</span> <span class='ocrx_word' id='word_1_123' title='bbox 242 1030 281 1058; x_wconf 92' lang='lat' dir='ltr'>et</span> <span class='ocrx_word' id='word_1_124' title='bbox 291 1017 497 1059; x_wconf 88' lang='lat' dir='ltr'>sumtuosas</span> <span class='ocrx_word' id='word_1_125' title='bbox 512 1020 747 1061; x_wconf 84' lang='lat' dir='ltr'>Comoedias</span> <span class='ocrx_word' id='word_1_126' title='bbox 757 1030 857 1070; x_wconf 85' lang='lat' dir='ltr'>apta.</span> <span class='ocrx_word' id='word_1_127' title='bbox 891 1018 1073 1058; x_wconf 86' lang='lat' dir='ltr'>Existimo</span> <span class='ocrx_word' id='word_1_128' title='bbox 1093 1027 1224 1056; x_wconf 88' lang='lat' dir='ltr'>tamen</span> <span class='ocrx_word' id='word_1_129' title='bbox 1244 1019 1284 1056; x_wconf 90' lang='lat' dir='ltr'>in</span> <span class='ocrx_word' id='word_1_130' title='bbox 1295 1017 1434 1056; x_wconf 88' lang='lat' dir='ltr'>humili</span> 
     </span>
     <span class='ocr_line' id='line_1_16' title="bbox 72 1071 1433 1127; baseline -0.001 -14"><span class='ocrx_word' id='word_1_131' title='bbox 72 1075 285 1115; x_wconf 88' lang='lat' dir='ltr'>Comoedia</span> <span class='ocrx_word' id='word_1_132' title='bbox 296 1088 375 1115; x_wconf 90' lang='lat' dir='ltr'>non</span> <span class='ocrx_word' id='word_1_133' title='bbox 386 1073 497 1115; x_wconf 87' lang='lat' dir='ltr'>fuisse</span> <span class='ocrx_word' id='word_1_134' title='bbox 507 1085 657 1114; x_wconf 88' lang='lat' dir='ltr'>tantum</span> <span class='ocrx_word' id='word_1_135' title='bbox 670 1085 909 1127; x_wconf 85' lang='lat' dir='ltr'>apparatum.</span> <span class='ocrx_word' id='word_1_136' title='bbox 941 1077 1022 1113; x_wconf 86' lang='lat' dir='ltr'>Ima</span> <span class='ocrx_word' id='word_1_137' title='bbox 1042 1071 1179 1113; x_wconf 88' lang='lat' dir='ltr'>scenae</span> <span class='ocrx_word' id='word_1_138' title='bbox 1193 1074 1433 1125; x_wconf 83' lang='lat' dir='ltr'>contignatio</span> 
     </span>
     <span class='ocr_line' id='line_1_17' title="bbox 68 1127 1431 1183; baseline 0 -15"><span class='ocrx_word' id='word_1_139' title='bbox 68 1132 392 1183; x_wconf 82' lang='lat' dir='ltr'>prominentiores</span> <span class='ocrx_word' id='word_1_140' title='bbox 413 1131 599 1171; x_wconf 84' lang='lat' dir='ltr'>exerebat</span> <span class='ocrx_word' id='word_1_141' title='bbox 619 1131 832 1176; x_wconf 88' lang='lat' dir='ltr'>columnas,</span> <span class='ocrx_word' id='word_1_142' title='bbox 844 1131 970 1169; x_wconf 64' lang='lat' dir='ltr'>‘veluti</span> <span class='ocrx_word' id='word_1_143' title='bbox 989 1130 1160 1182; x_wconf 86' lang='lat' dir='ltr'>porticus</span> <span class='ocrx_word' id='word_1_144' title='bbox 1180 1127 1362 1181; x_wconf 84' lang='lat' dir='ltr'>quasdam</span> <span class='ocrx_word' id='word_1_145' title='bbox 1375 1130 1431 1168; x_wconf 88' lang='lat' dir='ltr'>la-</span> 
     </span>
     <span class='ocr_line' id='line_1_18' title="bbox 67 1185 1428 1240; baseline -0.001 -15"><span class='ocrx_word' id='word_1_146' title='bbox 67 1188 188 1226; x_wconf 87' lang='lat' dir='ltr'>tiores</span> <span class='ocrx_word' id='word_1_147' title='bbox 209 1185 274 1226; x_wconf 90' lang='lat' dir='ltr'>sub</span> <span class='ocrx_word' id='word_1_148' title='bbox 286 1186 427 1240; x_wconf 89' lang='lat' dir='ltr'>quibus</span> <span class='ocrx_word' id='word_1_149' title='bbox 441 1185 584 1227; x_wconf 85' lang='lat' dir='ltr'>casulae</span> <span class='ocrx_word' id='word_1_150' title='bbox 596 1198 636 1226; x_wconf 92' lang='lat' dir='ltr'>et</span> <span class='ocrx_word' id='word_1_151' title='bbox 647 1186 781 1227; x_wconf 87' lang='lat' dir='ltr'>rustica</span> <span class='ocrx_word' id='word_1_152' title='bbox 793 1187 989 1226; x_wconf 83' lang='lat' dir='ltr'>domicilia</span> <span class='ocrx_word' id='word_1_153' title='bbox 1006 1187 1046 1225; x_wconf 90' lang='lat' dir='ltr'>in</span> <span class='ocrx_word' id='word_1_154' title='bbox 1065 1186 1177 1226; x_wconf 86' lang='lat' dir='ltr'>nouis</span> <span class='ocrx_word' id='word_1_155' title='bbox 1188 1185 1428 1231; x_wconf 85' lang='lat' dir='ltr'>Comoediis,</span> 
     </span>
     <span class='ocr_line' id='line_1_19' title="bbox 68 1239 1431 1294; baseline -0.002 -11"><span class='ocrx_word' id='word_1_156' title='bbox 68 1244 179 1283; x_wconf 89' lang='lat' dir='ltr'>variis</span> <span class='ocrx_word' id='word_1_157' title='bbox 192 1242 326 1282; x_wconf 81' lang='lat' dir='ltr'>scenae</span> <span class='ocrx_word' id='word_1_158' title='bbox 335 1244 428 1283; x_wconf 85' lang='lat' dir='ltr'>locis</span> <span class='ocrx_word' id='word_1_159' title='bbox 439 1242 650 1283; x_wconf 64' lang='lat' dir='ltr'>constructa</span> <span class='ocrx_word' id='word_1_160' title='bbox 661 1254 782 1291; x_wconf 89' lang='lat' dir='ltr'>erant,</span> <span class='ocrx_word' id='word_1_161' title='bbox 802 1242 913 1282; x_wconf 90' lang='lat' dir='ltr'>vrbes</span> <span class='ocrx_word' id='word_1_162' title='bbox 929 1254 1099 1294; x_wconf 89' lang='lat' dir='ltr'>quoque,</span> <span class='ocrx_word' id='word_1_163' title='bbox 1110 1254 1150 1282; x_wconf 91' lang='lat' dir='ltr'>et</span> <span class='ocrx_word' id='word_1_164' title='bbox 1162 1242 1244 1281; x_wconf 85' lang='lat' dir='ltr'>loca</span> <span class='ocrx_word' id='word_1_165' title='bbox 1256 1239 1431 1280; x_wconf 87' lang='lat' dir='ltr'>remotis·</span> 
     </span>
     <span class='ocr_line' id='line_1_20' title="bbox 67 1297 1430 1352; baseline 0 -16"><span class='ocrx_word' id='word_1_166' title='bbox 67 1297 157 1337; x_wconf 79' lang='lat' dir='ltr'>sima</span> <span class='ocrx_word' id='word_1_167' title='bbox 166 1297 438 1340; x_wconf 84' lang='lat' dir='ltr'>referebantur</span> <span class='ocrx_word' id='word_1_168' title='bbox 452 1299 493 1338; x_wconf 87' lang='lat' dir='ltr'>in</span> <span class='ocrx_word' id='word_1_169' title='bbox 507 1299 766 1352; x_wconf 82' lang='lat' dir='ltr'>Tragoediis:</span> <span class='ocrx_word' id='word_1_170' title='bbox 790 1312 814 1338; x_wconf 91' lang='lat' dir='ltr'>e</span> <span class='ocrx_word' id='word_1_171' title='bbox 824 1299 965 1350; x_wconf 82' lang='lat' dir='ltr'>quibus</span> <span class='ocrx_word' id='word_1_172' title='bbox 979 1297 1187 1350; x_wconf 87' lang='lat' dir='ltr'>prodibant</span> <span class='ocrx_word' id='word_1_173' title='bbox 1205 1298 1364 1345; x_wconf 55' lang='lat' dir='ltr'>astures,</span> <span class='ocrx_word' id='word_1_174' title='bbox 1386 1308 1430 1338; x_wconf 91' lang='lat' dir='ltr'>et</span> 
     </span>
     <span class='ocr_line' id='line_1_21' title="bbox 67 1352 1429 1406; baseline 0 -14"><span class='ocrx_word' id='word_1_175' title='bbox 67 1354 159 1393; x_wconf 88' lang='lat' dir='ltr'>illuc</span> <span class='ocrx_word' id='word_1_176' title='bbox 171 1367 328 1406; x_wconf 87' lang='lat' dir='ltr'>quoque</span> <span class='ocrx_word' id='word_1_177' title='bbox 338 1353 375 1394; x_wconf 89' lang='lat' dir='ltr'>se</span> <span class='ocrx_word' id='word_1_178' title='bbox 386 1354 615 1394; x_wconf 88' lang='lat' dir='ltr'>referebant</span> <span class='ocrx_word' id='word_1_179' title='bbox 626 1356 673 1394; x_wconf 90' lang='lat' dir='ltr'>ad</span> <span class='ocrx_word' id='word_1_180' title='bbox 687 1366 855 1406; x_wconf 88' lang='lat' dir='ltr'>tempus.</span> <span class='ocrx_word' id='word_1_181' title='bbox 888 1358 932 1394; x_wconf 89' lang='lat' dir='ltr'>In</span> <span class='ocrx_word' id='word_1_182' title='bbox 945 1355 1082 1394; x_wconf 87' lang='lat' dir='ltr'>eadem</span> <span class='ocrx_word' id='word_1_183' title='bbox 1093 1352 1230 1394; x_wconf 86' lang='lat' dir='ltr'>scenae</span> <span class='ocrx_word' id='word_1_184' title='bbox 1241 1364 1352 1404; x_wconf 89' lang='lat' dir='ltr'>parte</span> <span class='ocrx_word' id='word_1_185' title='bbox 1362 1365 1429 1392; x_wconf 82' lang='lat' dir='ltr'>ex-</span> 
     </span>
     <span class='ocr_line' id='line_1_22' title="bbox 68 1409 1426 1462; baseline -0.001 -14"><span class='ocrx_word' id='word_1_186' title='bbox 68 1410 225 1448; x_wconf 86' lang='lat' dir='ltr'>citatum</span> <span class='ocrx_word' id='word_1_187' title='bbox 247 1409 332 1456; x_wconf 83' lang='lat' dir='ltr'>fuit,</span> <span class='ocrx_word' id='word_1_188' title='bbox 355 1410 463 1461; x_wconf 88' lang='lat' dir='ltr'>quod</span> <span class='ocrx_word' id='word_1_189' title='bbox 477 1410 629 1450; x_wconf 85' lang='lat' dir='ltr'>Podium</span> <span class='ocrx_word' id='word_1_190' title='bbox 647 1410 993 1462; x_wconf 82' lang='lat' dir='ltr'>appellabant(etfi</span> <span class='ocrx_word' id='word_1_191' title='bbox 1008 1410 1171 1449; x_wconf 84' lang='lat' dir='ltr'>Podium</span> <span class='ocrx_word' id='word_1_192' title='bbox 1183 1411 1223 1448; x_wconf 90' lang='lat' dir='ltr'>in</span> <span class='ocrx_word' id='word_1_193' title='bbox 1234 1409 1426 1448; x_wconf 83' lang='lat' dir='ltr'>columnis</span> 
     </span>
     <span class='ocr_line' id='line_1_23' title="bbox 67 1462 1424 1518; baseline 0 -15"><span class='ocrx_word' id='word_1_194' title='bbox 67 1466 107 1504; x_wconf 90' lang='lat' dir='ltr'>id</span> <span class='ocrx_word' id='word_1_195' title='bbox 118 1463 328 1517; x_wconf 77' lang='lat' dir='ltr'>significare</span> <span class='ocrx_word' id='word_1_196' title='bbox 340 1462 468 1513; x_wconf 86' lang='lat' dir='ltr'>soleat,</span> <span class='ocrx_word' id='word_1_197' title='bbox 484 1466 589 1518; x_wconf 89' lang='lat' dir='ltr'>quod</span> <span class='ocrx_word' id='word_1_198' title='bbox 600 1476 738 1504; x_wconf 87' lang='lat' dir='ltr'>vocant</span> <span class='ocrx_word' id='word_1_199' title='bbox 749 1466 914 1517; x_wconf 82' lang='lat' dir='ltr'>Petaste)</span> <span class='ocrx_word' id='word_1_200' title='bbox 928 1466 1024 1504; x_wconf 84' lang='lat' dir='ltr'>circa</span> <span class='ocrx_word' id='word_1_201' title='bbox 1042 1465 1235 1504; x_wconf 87' lang='lat' dir='ltr'>secundae</span> <span class='ocrx_word' id='word_1_202' title='bbox 1253 1465 1424 1516; x_wconf 83' lang='lat' dir='ltr'>porticus</span> 
     </span>
     <span class='ocr_line' id='line_1_24' title="bbox 64 1519 1424 1573; baseline -0.001 -13"><span class='ocrx_word' id='word_1_203' title='bbox 64 1522 238 1560; x_wconf 89' lang='lat' dir='ltr'>medium</span> <span class='ocrx_word' id='word_1_204' title='bbox 249 1521 508 1573; x_wconf 88' lang='lat' dir='ltr'>prominebat,</span> <span class='ocrx_word' id='word_1_205' title='bbox 520 1533 571 1560; x_wconf 88' lang='lat' dir='ltr'>ne</span> <span class='ocrx_word' id='word_1_206' title='bbox 583 1532 744 1560; x_wconf 88' lang='lat' dir='ltr'>noceret</span> <span class='ocrx_word' id='word_1_207' title='bbox 755 1521 957 1561; x_wconf 65' lang='lat' dir='ltr'>aem-ibus.</span> <span class='ocrx_word' id='word_1_208' title='bbox 980 1523 1107 1560; x_wconf 86' lang='lat' dir='ltr'>Breue</span> <span class='ocrx_word' id='word_1_209' title='bbox 1117 1533 1275 1572; x_wconf 87' lang='lat' dir='ltr'>quoque</span> <span class='ocrx_word' id='word_1_210' title='bbox 1284 1519 1370 1566; x_wconf 85' lang='lat' dir='ltr'>fuit,</span> <span class='ocrx_word' id='word_1_211' title='bbox 1382 1530 1424 1559; x_wconf 86' lang='lat' dir='ltr'>et</span> 
     </span>
     <span class='ocr_line' id='line_1_25' title="bbox 63 1575 1423 1629; baseline -0.001 -13"><span class='ocrx_word' id='word_1_212' title='bbox 63 1590 272 1628; x_wconf 86' lang='lat' dir='ltr'>paucorum</span> <span class='ocrx_word' id='word_1_213' title='bbox 284 1590 412 1629; x_wconf 82' lang='lat' dir='ltr'>capax,</span> <span class='ocrx_word' id='word_1_214' title='bbox 433 1578 552 1628; x_wconf 90' lang='lat' dir='ltr'>idque</span> <span class='ocrx_word' id='word_1_215' title='bbox 561 1576 646 1617; x_wconf 87' lang='lat' dir='ltr'>fere</span> <span class='ocrx_word' id='word_1_216' title='bbox 656 1577 862 1618; x_wconf 87' lang='lat' dir='ltr'>videbatur</span> <span class='ocrx_word' id='word_1_217' title='bbox 871 1576 1033 1624; x_wconf 86' lang='lat' dir='ltr'>referre,</span> <span class='ocrx_word' id='word_1_218' title='bbox 1058 1577 1163 1629; x_wconf 86' lang='lat' dir='ltr'>quod</span> <span class='ocrx_word' id='word_1_219' title='bbox 1185 1579 1224 1616; x_wconf 89' lang='lat' dir='ltr'>in</span> <span class='ocrx_word' id='word_1_220' title='bbox 1237 1575 1423 1615; x_wconf 86' lang='lat' dir='ltr'>aedificiis</span> 
     </span>
     <span class='ocr_line' id='line_1_26' title="bbox 62 1631 1425 1685; baseline -0.001 -13"><span class='ocrx_word' id='word_1_221' title='bbox 62 1633 317 1673; x_wconf 82' lang='lat' dir='ltr'>nobilioribus</span> <span class='ocrx_word' id='word_1_222' title='bbox 329 1633 428 1671; x_wconf 86' lang='lat' dir='ltr'>circa</span> <span class='ocrx_word' id='word_1_223' title='bbox 438 1631 642 1672; x_wconf 88' lang='lat' dir='ltr'>secundam</span> <span class='ocrx_word' id='word_1_224' title='bbox 650 1634 861 1685; x_wconf 85' lang='lat' dir='ltr'>praecipue</span> <span class='ocrx_word' id='word_1_225' title='bbox 872 1633 1208 1685; x_wconf 82' lang='lat' dir='ltr'>contignationem</span> <span class='ocrx_word' id='word_1_226' title='bbox 1228 1635 1425 1685; x_wconf 86' lang='lat' dir='ltr'>promine-</span> 
     </span>
     <span class='ocr_line' id='line_1_27' title="bbox 61 1687 1426 1741; baseline -0.001 -14"><span class='ocrx_word' id='word_1_227' title='bbox 61 1701 105 1728; x_wconf 83' lang='lat' dir='ltr'>re</span> <span class='ocrx_word' id='word_1_228' title='bbox 116 1687 290 1728; x_wconf 79' lang='lat' dir='ltr'>videmus</span> <span class='ocrx_word' id='word_1_229' title='bbox 303 1688 348 1727; x_wconf 89' lang='lat' dir='ltr'>ad</span> <span class='ocrx_word' id='word_1_230' title='bbox 359 1687 553 1735; x_wconf 88' lang='lat' dir='ltr'>fenestras,</span> <span class='ocrx_word' id='word_1_231' title='bbox 566 1688 765 1726; x_wconf 77' lang='lat' dir='ltr'>Perronem</span> <span class='ocrx_word' id='word_1_232' title='bbox 777 1690 916 1741; x_wconf 87' lang='lat' dir='ltr'>vulgus</span> <span class='ocrx_word' id='word_1_233' title='bbox 926 1698 1044 1734; x_wconf 81' lang='lat' dir='ltr'>vocat,</span> <span class='ocrx_word' id='word_1_234' title='bbox 1057 1688 1140 1739; x_wconf 91' lang='lat' dir='ltr'>post</span> <span class='ocrx_word' id='word_1_235' title='bbox 1149 1689 1345 1739; x_wconf 83' lang='lat' dir='ltr'>Pulpitum</span> <span class='ocrx_word' id='word_1_236' title='bbox 1359 1701 1426 1726; x_wconf 85' lang='lat' dir='ltr'>ex-</span> 
     </span>
     <span class='ocr_line' id='line_1_28' title="bbox 59 1742 1439 1796; baseline -0.001 -13"><span class='ocrx_word' id='word_1_237' title='bbox 59 1755 186 1783; x_wconf 85' lang='lat' dir='ltr'>ertum</span> <span class='ocrx_word' id='word_1_238' title='bbox 198 1742 414 1783; x_wconf 85' lang='lat' dir='ltr'>videbatur.</span> <span class='ocrx_word' id='word_1_239' title='bbox 445 1746 641 1795; x_wconf 88' lang='lat' dir='ltr'>Opert-um</span> <span class='ocrx_word' id='word_1_240' title='bbox 651 1754 733 1782; x_wconf 90' lang='lat' dir='ltr'>erat</span> <span class='ocrx_word' id='word_1_241' title='bbox 745 1745 915 1782; x_wconf 85' lang='lat' dir='ltr'>tentorio</span> <span class='ocrx_word' id='word_1_242' title='bbox 926 1743 1093 1795; x_wconf 85' lang='lat' dir='ltr'>quodam</span> <span class='ocrx_word' id='word_1_243' title='bbox 1103 1743 1253 1796; x_wconf 71' lang='lat' dir='ltr'>insigni,</span> <span class='ocrx_word' id='word_1_244' title='bbox 1265 1754 1303 1782; x_wconf 92' lang='lat' dir='ltr'>et</span> <span class='ocrx_word' id='word_1_245' title='bbox 1314 1742 1423 1795; x_wconf 87' lang='lat' dir='ltr'>quod</span> <span class='ocrx_word' id='word_1_246' title='bbox 1436 1742 1439 1744; x_wconf 62' lang='grc'><strong><em>’</em></strong></span> 
     </span>
     <span class='ocr_line' id='line_1_29' title="bbox 57 1796 1420 1852; baseline 0 -14"><span class='ocrx_word' id='word_1_247' title='bbox 57 1796 180 1851; x_wconf 88' lang='lat' dir='ltr'>ipsum</span> <span class='ocrx_word' id='word_1_248' title='bbox 193 1800 452 1852; x_wconf 81' lang='lat' dir='ltr'>vndecunque</span> <span class='ocrx_word' id='word_1_249' title='bbox 463 1800 637 1846; x_wconf 86' lang='lat' dir='ltr'>ambiret,</span> <span class='ocrx_word' id='word_1_250' title='bbox 651 1810 692 1840; x_wconf 86' lang='lat' dir='ltr'>vt</span> <span class='ocrx_word' id='word_1_251' title='bbox 701 1801 740 1839; x_wconf 91' lang='lat' dir='ltr'>in</span> <span class='ocrx_word' id='word_1_252' title='bbox 752 1812 801 1839; x_wconf 91' lang='lat' dir='ltr'>eo</span> <span class='ocrx_word' id='word_1_253' title='bbox 811 1797 993 1839; x_wconf 82' lang='lat' dir='ltr'>secretius</span> <span class='ocrx_word' id='word_1_254' title='bbox 1003 1810 1044 1839; x_wconf 91' lang='lat' dir='ltr'>et</span> <span class='ocrx_word' id='word_1_255' title='bbox 1054 1801 1175 1851; x_wconf 86' lang='lat' dir='ltr'>magis</span> <span class='ocrx_word' id='word_1_256' title='bbox 1186 1799 1317 1839; x_wconf 86' lang='lat' dir='ltr'>abdite</span> <span class='ocrx_word' id='word_1_257' title='bbox 1335 1797 1420 1850; x_wconf 86' lang='lat' dir='ltr'>spe-</span> 
     </span>
     <span class='ocr_line' id='line_1_30' title="bbox 57 1854 1419 1908; baseline 0 -13"><span class='ocrx_word' id='word_1_258' title='bbox 57 1857 206 1895; x_wconf 62' lang='lat' dir='ltr'>&amp;tarent</span> <span class='ocrx_word' id='word_1_259' title='bbox 218 1856 422 1908; x_wconf 86' lang='lat' dir='ltr'>Principes,</span> <span class='ocrx_word' id='word_1_260' title='bbox 439 1856 504 1907; x_wconf 92' lang='lat' dir='ltr'>qui</span> <span class='ocrx_word' id='word_1_261' title='bbox 514 1864 797 1906; x_wconf 84' lang='lat' dir='ltr'>nonnunquam</span> <span class='ocrx_word' id='word_1_262' title='bbox 809 1856 900 1895; x_wconf 90' lang='lat' dir='ltr'>illuc</span> <span class='ocrx_word' id='word_1_263' title='bbox 915 1854 952 1894; x_wconf 87' lang='lat' dir='ltr'>se</span> <span class='ocrx_word' id='word_1_264' title='bbox 967 1854 1230 1895; x_wconf 87' lang='lat' dir='ltr'>conferebant.</span> <span class='ocrx_word' id='word_1_265' title='bbox 1273 1859 1371 1896; x_wconf 88' lang='lat' dir='ltr'>Nam</span> <span class='ocrx_word' id='word_1_266' title='bbox 1393 1869 1419 1895; x_wconf 90' lang='lat' dir='ltr'>e</span> 
     </span>
     <span class='ocr_line' id='line_1_31' title="bbox 55 1909 1419 1964; baseline 0.001 -14"><span class='ocrx_word' id='word_1_267' title='bbox 55 1913 174 1950; x_wconf 89' lang='lat' dir='ltr'>Podio</span> <span class='ocrx_word' id='word_1_268' title='bbox 187 1911 300 1950; x_wconf 88' lang='lat' dir='ltr'>ludos</span> <span class='ocrx_word' id='word_1_269' title='bbox 311 1924 354 1950; x_wconf 83' lang='lat' dir='ltr'>ac</span> <span class='ocrx_word' id='word_1_270' title='bbox 365 1912 603 1953; x_wconf 87' lang='lat' dir='ltr'>Comoedias</span> <span class='ocrx_word' id='word_1_271' title='bbox 615 1909 792 1964; x_wconf 66' lang='lat' dir='ltr'>spestafl&#39;e</span> <span class='ocrx_word' id='word_1_272' title='bbox 806 1915 1004 1953; x_wconf 87' lang='lat' dir='ltr'>Neronem</span> <span class='ocrx_word' id='word_1_273' title='bbox 1015 1909 1145 1951; x_wconf 88' lang='lat' dir='ltr'>scribit</span> <span class='ocrx_word' id='word_1_274' title='bbox 1156 1912 1419 1964; x_wconf 86' lang='lat' dir='ltr'>Tranquillus.</span> 
     </span>
     <span class='ocr_line' id='line_1_32' title="bbox 55 1966 1418 2021; baseline 0.001 -15"><span class='ocrx_word' id='word_1_275' title='bbox 55 1967 213 2006; x_wconf 67' lang='lat' dir='ltr'>Dictum</span> <span class='ocrx_word' id='word_1_276' title='bbox 235 1968 351 2016; x_wconf 66' lang='lat' dir='ltr'>aiunt,</span> <span class='ocrx_word' id='word_1_277' title='bbox 373 1969 478 2021; x_wconf 91' lang='lat' dir='ltr'>quod</span> <span class='ocrx_word' id='word_1_278' title='bbox 491 1969 530 2006; x_wconf 90' lang='lat' dir='ltr'>in</span> <span class='ocrx_word' id='word_1_279' title='bbox 542 1980 590 2007; x_wconf 92' lang='lat' dir='ltr'>eo</span> <span class='ocrx_word' id='word_1_280' title='bbox 603 1966 836 2020; x_wconf 66' lang='lat' dir='ltr'>spectatores</span> <span class='ocrx_word' id='word_1_281' title='bbox 847 1980 913 2008; x_wconf 88' lang='lat' dir='ltr'>aut</span> <span class='ocrx_word' id='word_1_282' title='bbox 924 1969 1042 2008; x_wconf 87' lang='lat' dir='ltr'>etiam</span> <span class='ocrx_word' id='word_1_283' title='bbox 1053 1968 1235 2008; x_wconf 87' lang='lat' dir='ltr'>tibicines</span> <span class='ocrx_word' id='word_1_284' title='bbox 1247 1968 1418 2020; x_wconf 82' lang='lat' dir='ltr'>pedibus</span> 
     </span>
     <span class='ocr_line' id='line_1_33' title="bbox 55 2021 1418 2077; baseline 0.001 -15"><span class='ocrx_word' id='word_1_285' title='bbox 55 2022 182 2062; x_wconf 85' lang='lat' dir='ltr'>innixi</span> <span class='ocrx_word' id='word_1_286' title='bbox 192 2022 325 2070; x_wconf 75' lang='lat' dir='ltr'>estem,</span> <span class='ocrx_word' id='word_1_287' title='bbox 336 2037 416 2063; x_wconf 87' lang='lat' dir='ltr'>nou</span> <span class='ocrx_word' id='word_1_288' title='bbox 428 2021 628 2064; x_wconf 83' lang='lat' dir='ltr'>sederent:</span> <span class='ocrx_word' id='word_1_289' title='bbox 649 2025 710 2065; x_wconf 90' lang='lat' dir='ltr'>vel</span> <span class='ocrx_word' id='word_1_290' title='bbox 721 2025 826 2077; x_wconf 91' lang='lat' dir='ltr'>quod</span> <span class='ocrx_word' id='word_1_291' title='bbox 838 2026 877 2063; x_wconf 89' lang='lat' dir='ltr'>in</span> <span class='ocrx_word' id='word_1_292' title='bbox 887 2036 935 2063; x_wconf 89' lang='lat' dir='ltr'>eo</span> <span class='ocrx_word' id='word_1_293' title='bbox 947 2037 1229 2077; x_wconf 86' lang='lat' dir='ltr'>nonnunquam</span> <span class='ocrx_word' id='word_1_294' title='bbox 1250 2024 1418 2075; x_wconf 81' lang='lat' dir='ltr'>pedibus</span> 
     </span>
     <span class='ocr_line' id='line_1_34' title="bbox 55 2079 1418 2133; baseline 0.001 -16"><span class='ocrx_word' id='word_1_295' title='bbox 55 2079 373 2131; x_wconf 86' lang='lat' dir='ltr'>gesticularentur</span> <span class='ocrx_word' id='word_1_296' title='bbox 392 2080 596 2120; x_wconf 83' lang='lat' dir='ltr'>histriones</span> <span class='ocrx_word' id='word_1_297' title='bbox 615 2082 655 2120; x_wconf 91' lang='lat' dir='ltr'>in</span> <span class='ocrx_word' id='word_1_298' title='bbox 677 2081 828 2121; x_wconf 70' lang='lat' dir='ltr'>aeuum</span> <span class='ocrx_word' id='word_1_299' title='bbox 848 2081 1165 2120; x_wconf 86' lang='lat' dir='ltr'>commutatione.</span> <span class='ocrx_word' id='word_1_300' title='bbox 1224 2080 1418 2133; x_wconf 80' lang='lat' dir='ltr'>Pulpitum</span> 
     </span>
     <span class='ocr_line' id='line_1_35' title="bbox 53 2134 1417 2189; baseline 0.001 -15"><span class='ocrx_word' id='word_1_301' title='bbox 53 2137 94 2174; x_wconf 92' lang='lat' dir='ltr'>in</span> <span class='ocrx_word' id='word_1_302' title='bbox 104 2137 237 2184; x_wconf 87' lang='lat' dir='ltr'>Scena,</span> <span class='ocrx_word' id='word_1_303' title='bbox 257 2136 414 2187; x_wconf 85' lang='lat' dir='ltr'>(Graeci</span> <span class='ocrx_word' id='word_1_304' title='bbox 432 2134 545 2184; x_wconf 73' lang='grc' dir='ltr'><em>λέγων</em></span> <span class='ocrx_word' id='word_1_305' title='bbox 566 2138 788 2188; x_wconf 86' lang='lat' dir='ltr'>vocabant,)</span> <span class='ocrx_word' id='word_1_306' title='bbox 800 2139 903 2176; x_wconf 90' lang='lat' dir='ltr'>locus</span> <span class='ocrx_word' id='word_1_307' title='bbox 915 2149 1008 2184; x_wconf 85' lang='lat' dir='ltr'>erat,</span> <span class='ocrx_word' id='word_1_308' title='bbox 1026 2138 1066 2176; x_wconf 90' lang='lat' dir='ltr'>in</span> <span class='ocrx_word' id='word_1_309' title='bbox 1079 2150 1194 2188; x_wconf 83' lang='lat' dir='ltr'>quem</span> <span class='ocrx_word' id='word_1_310' title='bbox 1208 2137 1417 2189; x_wconf 86' lang='lat' dir='ltr'>prodibant</span> 
     </span>
     <span class='ocr_line' id='line_1_36' title="bbox 55 2189 1415 2241; baseline 0.001 -11"><span class='ocrx_word' id='word_1_311' title='bbox 55 2192 200 2231; x_wconf 59' lang='lat' dir='ltr'>nitores</span> <span class='ocrx_word' id='word_1_312' title='bbox 213 2205 235 2231; x_wconf 90' lang='lat' dir='ltr'>e</span> <span class='ocrx_word' id='word_1_313' title='bbox 245 2189 375 2232; x_wconf 87' lang='lat' dir='ltr'>casulis</span> <span class='ocrx_word' id='word_1_314' title='bbox 388 2203 451 2232; x_wconf 86' lang='lat' dir='ltr'>aut</span> <span class='ocrx_word' id='word_1_315' title='bbox 461 2193 706 2234; x_wconf 88' lang='lat' dir='ltr'>domunculis</span> <span class='ocrx_word' id='word_1_316' title='bbox 726 2191 800 2232; x_wconf 87' lang='lat' dir='ltr'>suis</span> <span class='ocrx_word' id='word_1_317' title='bbox 812 2190 986 2239; x_wconf 89' lang='lat' dir='ltr'>scenicis,</span> <span class='ocrx_word' id='word_1_318' title='bbox 1003 2193 1049 2232; x_wconf 91' lang='lat' dir='ltr'>ad</span> <span class='ocrx_word' id='word_1_319' title='bbox 1063 2193 1322 2241; x_wconf 85' lang='lat' dir='ltr'>recitandum,</span> <span class='ocrx_word' id='word_1_320' title='bbox 1347 2206 1415 2232; x_wconf 89' lang='lat' dir='ltr'>no-</span> 
     </span>
     <span class='ocr_line' id='line_1_37' title="bbox 39 2247 1415 2302; baseline 0.002 -16"><span class='ocrx_word' id='word_1_321' title='bbox 39 2254 42 2257; x_wconf 75' lang='grc'>’</span> <span class='ocrx_word' id='word_1_322' title='bbox 54 2247 115 2286; x_wconf 86' lang='lat' dir='ltr'>stri</span> <span class='ocrx_word' id='word_1_323' title='bbox 129 2259 263 2288; x_wconf 90' lang='lat' dir='ltr'>vocant</span> <span class='ocrx_word' id='word_1_324' title='bbox 274 2247 504 2302; x_wconf 72' lang='lat' dir='ltr'>Efihaffizult.</span> <span class='ocrx_word' id='word_1_325' title='bbox 522 2249 609 2288; x_wconf 87' lang='lat' dir='ltr'>Fuit</span> <span class='ocrx_word' id='word_1_326' title='bbox 619 2249 851 2290; x_wconf 65' lang='lat' dir='ltr'>exaffiffime</span> <span class='ocrx_word' id='word_1_327' title='bbox 862 2248 970 2289; x_wconf 79' lang='lat' dir='ltr'>fitum</span> <span class='ocrx_word' id='word_1_328' title='bbox 980 2259 1070 2288; x_wconf 90' lang='lat' dir='ltr'>ante</span> <span class='ocrx_word' id='word_1_329' title='bbox 1080 2248 1252 2288; x_wconf 77' lang='lat' dir='ltr'>frontem</span> <span class='ocrx_word' id='word_1_330' title='bbox 1268 2247 1415 2298; x_wconf 85' lang='lat' dir='ltr'>scenae,</span> 
     </span>
     <span class='ocr_line' id='line_1_38' title="bbox 52 2303 1415 2358; baseline 0.001 -16"><span class='ocrx_word' id='word_1_331' title='bbox 52 2314 92 2343; x_wconf 89' lang='lat' dir='ltr'>et</span> <span class='ocrx_word' id='word_1_332' title='bbox 102 2303 184 2343; x_wconf 88' lang='lat' dir='ltr'>loco</span> <span class='ocrx_word' id='word_1_333' title='bbox 196 2305 308 2357; x_wconf 71' lang='lat' dir='ltr'>ipsius</span> <span class='ocrx_word' id='word_1_334' title='bbox 323 2307 467 2352; x_wconf 82' lang='lat' dir='ltr'>medio,</span> <span class='ocrx_word' id='word_1_335' title='bbox 477 2306 543 2355; x_wconf 89' lang='lat' dir='ltr'>qui</span> <span class='ocrx_word' id='word_1_336' title='bbox 555 2304 694 2346; x_wconf 82' lang='lat' dir='ltr'>theatri</span> <span class='ocrx_word' id='word_1_337' title='bbox 707 2317 842 2346; x_wconf 89' lang='lat' dir='ltr'>centro</span> <span class='ocrx_word' id='word_1_338' title='bbox 855 2303 1120 2358; x_wconf 86' lang='lat' dir='ltr'>responderet,</span> <span class='ocrx_word' id='word_1_339' title='bbox 1132 2303 1210 2344; x_wconf 87' lang='lat' dir='ltr'>sem</span> <span class='ocrx_word' id='word_1_340' title='bbox 1216 2317 1283 2357; x_wconf 85' lang='lat' dir='ltr'>per</span> <span class='ocrx_word' id='word_1_341' title='bbox 1294 2307 1316 2344; x_wconf 92' lang='lat' dir='ltr'>li</span> <span class='ocrx_word' id='word_1_342' title='bbox 1321 2318 1415 2358; x_wconf 83' lang='lat' dir='ltr'>gne-</span> 
     </span>
     <span class='ocr_line' id='line_1_39' title="bbox 53 2358 1414 2412; baseline 0.002 -14"><span class='ocrx_word' id='word_1_343' title='bbox 53 2371 117 2398; x_wconf 84' lang='lat' dir='ltr'>um</span> <span class='ocrx_word' id='word_1_344' title='bbox 127 2358 210 2408; x_wconf 90' lang='lat' dir='ltr'>fuit,</span> <span class='ocrx_word' id='word_1_345' title='bbox 225 2371 342 2412; x_wconf 87' lang='lat' dir='ltr'>atque</span> <span class='ocrx_word' id='word_1_346' title='bbox 354 2362 682 2410; x_wconf 79' lang='lat' dir='ltr'>exemtile,·etiam</span> <span class='ocrx_word' id='word_1_347' title='bbox 694 2363 720 2401; x_wconf 79' lang='lat' dir='ltr'>si</span> <span class='ocrx_word' id='word_1_348' title='bbox 734 2359 844 2401; x_wconf 86' lang='lat' dir='ltr'>scena</span> <span class='ocrx_word' id='word_1_349' title='bbox 854 2362 1012 2402; x_wconf 73' lang='lat' dir='ltr'>strufflli</span> <span class='ocrx_word' id='word_1_350' title='bbox 1029 2362 1188 2400; x_wconf 87' lang='lat' dir='ltr'>materia</span> <span class='ocrx_word' id='word_1_351' title='bbox 1202 2361 1414 2401; x_wconf 66' lang='lat' dir='ltr'>constructa</span> 
     </span>
     <span class='ocr_line' id='line_1_40' title="bbox 54 2413 1414 2471; baseline 0.002 -17"><span class='ocrx_word' id='word_1_352' title='bbox 54 2413 188 2455; x_wconf 78' lang='lat' dir='ltr'>fuiffet.</span> <span class='ocrx_word' id='word_1_353' title='bbox 222 2418 555 2470; x_wconf 78' lang='lat' dir='ltr'>Eximebaturque</span> <span class='ocrx_word' id='word_1_354' title='bbox 573 2419 614 2458; x_wconf 88' lang='lat' dir='ltr'>in</span> <span class='ocrx_word' id='word_1_355' title='bbox 629 2418 872 2460; x_wconf 85' lang='lat' dir='ltr'>Athletarum</span> <span class='ocrx_word' id='word_1_356' title='bbox 891 2429 929 2457; x_wconf 85' lang='lat' dir='ltr'>et</span> <span class='ocrx_word' id='word_1_357' title='bbox 948 2418 1207 2471; x_wconf 86' lang='lat' dir='ltr'>gladiatorum</span> <span class='ocrx_word' id='word_1_358' title='bbox 1225 2414 1414 2469; x_wconf 62' lang='lat' dir='ltr'>spectacu-</span> 
     </span>
     <span class='ocr_line' id='line_1_41' title="bbox 57 2470 1414 2529; baseline 0.004 -21"><span class='ocrx_word' id='word_1_359' title='bbox 57 2471 115 2519; x_wconf 83' lang='lat' dir='ltr'>lis,</span> <span class='ocrx_word' id='word_1_360' title='bbox 137 2470 246 2511; x_wconf 90' lang='lat' dir='ltr'>scena</span> <span class='ocrx_word' id='word_1_361' title='bbox 264 2474 683 2529; x_wconf 67' lang='lat' dir='ltr'>nihilominus&#39;integra</span> <span class='ocrx_word' id='word_1_362' title='bbox 701 2485 900 2514; x_wconf 85' lang='lat' dir='ltr'>manente.</span> <span class='ocrx_word' id='word_1_363' title='bbox 941 2475 1071 2514; x_wconf 85' lang='lat' dir='ltr'>Paullo</span> <span class='ocrx_word' id='word_1_364' title='bbox 1083 2475 1194 2512; x_wconf 83' lang='lat' dir='ltr'>altius</span> <span class='ocrx_word' id='word_1_365' title='bbox 1213 2475 1414 2515; x_wconf 89' lang='lat' dir='ltr'>videbatur</span> 
     </span>
     <span class='ocr_line' id='line_1_42' title="bbox 56 2524 1415 2582; baseline 0.003 -18"><span class='ocrx_word' id='word_1_366' title='bbox 56 2527 132 2566; x_wconf 84' lang='lat' dir='ltr'>ima</span> <span class='ocrx_word' id='word_1_367' title='bbox 142 2524 273 2569; x_wconf 88' lang='lat' dir='ltr'>scenae</span> <span class='ocrx_word' id='word_1_368' title='bbox 281 2531 442 2581; x_wconf 78' lang='lat' dir='ltr'>porticu,</span> <span class='ocrx_word' id='word_1_369' title='bbox 460 2531 501 2569; x_wconf 88' lang='lat' dir='ltr'>in</span> <span class='ocrx_word' id='word_1_370' title='bbox 515 2542 589 2582; x_wconf 84' lang='lat' dir='ltr'>qua</span> <span class='ocrx_word' id='word_1_371' title='bbox 600 2532 771 2571; x_wconf 63' lang='lat' dir='ltr'>aetorum</span> <span class='ocrx_word' id='word_1_372' title='bbox 784 2531 921 2570; x_wconf 90' lang='lat' dir='ltr'>domos</span> <span class='ocrx_word' id='word_1_373' title='bbox 935 2530 1152 2569; x_wconf 88' lang='lat' dir='ltr'>constitutas</span> <span class='ocrx_word' id='word_1_374' title='bbox 1172 2528 1249 2569; x_wconf 84' lang='lat' dir='ltr'>effe</span> <span class='ocrx_word' id='word_1_375' title='bbox 1260 2531 1415 2570; x_wconf 86' lang='lat' dir='ltr'>diceba·</span> 
     </span>
     <span class='ocr_line' id='line_1_43' title="bbox 59 2585 1415 2640; baseline 0.004 -20"><span class='ocrx_word' id='word_1_376' title='bbox 59 2591 160 2621; x_wconf 85' lang='lat' dir='ltr'>mus:</span> <span class='ocrx_word' id='word_1_377' title='bbox 179 2585 227 2623; x_wconf 89' lang='lat' dir='ltr'>ad</span> <span class='ocrx_word' id='word_1_378' title='bbox 247 2586 352 2624; x_wconf 87' lang='lat' dir='ltr'>idem</span> <span class='ocrx_word' id='word_1_379' title='bbox 366 2587 506 2626; x_wconf 86' lang='lat' dir='ltr'>leniter</span> <span class='ocrx_word' id='word_1_380' title='bbox 517 2586 804 2627; x_wconf 83' lang='lat' dir='ltr'>adscendebant</span> <span class='ocrx_word' id='word_1_381' title='bbox 824 2587 970 2627; x_wconf 68' lang='lat' dir='ltr'>actores</span> <span class='ocrx_word' id='word_1_382' title='bbox 988 2587 1302 2640; x_wconf 73' lang='lat' dir='ltr'>pronunciaturi‘:</span> <span class='ocrx_word' id='word_1_383' title='bbox 1324 2587 1415 2626; x_wconf 78' lang='lat' dir='ltr'>haut</span> 
     </span>
     <span class='ocr_line' id='line_1_44' title="bbox 56 2641 1414 2695; baseline 0.005 -20"><span class='ocrx_word' id='word_1_384' title='bbox 56 2641 346 2691; x_wconf 68' lang='lat' dir='ltr'>aequelongum</span> <span class='ocrx_word' id='word_1_385' title='bbox 360 2642 432 2681; x_wconf 84' lang='lat' dir='ltr'>fuit</span> <span class='ocrx_word' id='word_1_386' title='bbox 441 2653 557 2692; x_wconf 80' lang='lat' dir='ltr'>atque</span> <span class='ocrx_word' id='word_1_387' title='bbox 568 2641 643 2695; x_wconf 86' lang='lat' dir='ltr'>ipsa</span> <span class='ocrx_word' id='word_1_388' title='bbox 655 2641 775 2687; x_wconf 91' lang='lat' dir='ltr'>scena,</span> <span class='ocrx_word' id='word_1_389' title='bbox 789 2646 907 2683; x_wconf 85' lang='lat' dir='ltr'>altum</span> <span class='ocrx_word' id='word_1_390' title='bbox 921 2655 1068 2681; x_wconf 89' lang='lat' dir='ltr'>tantum</span> <span class='ocrx_word' id='word_1_391' title='bbox 1081 2651 1161 2682; x_wconf 82' lang='lat' dir='ltr'>erat</span> <span class='ocrx_word' id='word_1_392' title='bbox 1174 2642 1291 2693; x_wconf 87' lang='lat' dir='ltr'>pedes</span> <span class='ocrx_word' id='word_1_393' title='bbox 1304 2644 1414 2694; x_wconf 81' lang='lat' dir='ltr'>&#39;quin-</span> 
     </span>
     <span class='ocr_line' id='line_1_45' title="bbox 57 2697 1412 2752; baseline 0.003 -18"><span class='ocrx_word' id='word_1_394' title='bbox 57 2706 144 2745; x_wconf 87' lang='lat' dir='ltr'>que,</span> <span class='ocrx_word' id='word_1_395' title='bbox 154 2707 195 2736; x_wconf 90' lang='lat' dir='ltr'>vt</span> <span class='ocrx_word' id='word_1_396' title='bbox 207 2698 326 2750; x_wconf 81' lang='lat' dir='ltr'>quiin</span> <span class='ocrx_word' id='word_1_397' title='bbox 338 2698 541 2740; x_wconf 84' lang='lat' dir='ltr'>Orchestra</span> <span class='ocrx_word' id='word_1_398' title='bbox 555 2697 748 2745; x_wconf 84' lang='lat' dir='ltr'>sederent,</span> <span class='ocrx_word' id='word_1_399' title='bbox 766 2698 834 2739; x_wconf 83' lang='lat' dir='ltr'>faci</span> <span class='ocrx_word' id='word_1_400' title='bbox 843 2701 916 2739; x_wconf 85' lang='lat' dir='ltr'>lius</span> <span class='ocrx_word' id='word_1_401' title='bbox 927 2699 1074 2752; x_wconf 89' lang='lat' dir='ltr'>pedum</span> <span class='ocrx_word' id='word_1_402' title='bbox 1086 2699 1280 2741; x_wconf 82' lang='lat' dir='ltr'>motiones</span> <span class='ocrx_word' id='word_1_403' title='bbox 1291 2711 1329 2738; x_wconf 87' lang='lat' dir='ltr'>et</span> <span class='ocrx_word' id='word_1_404' title='bbox 1341 2699 1412 2738; x_wconf 80' lang='lat' dir='ltr'>fin·</span> 
     </span>
     <span class='ocr_line' id='line_1_46' title="bbox 722 2754 1417 2810; baseline 0.003 -15"><span class='ocrx_word' id='word_1_405' title='bbox 722 2754 743 2795; x_wconf 84' lang='lat' dir='ltr'><strong>f</strong></span> <span class='ocrx_word' id='word_1_406' title='bbox 767 2768 792 2797; x_wconf 91' lang='lat'><strong>2</strong></span> <span class='ocrx_word' id='word_1_407' title='bbox 1302 2756 1417 2810; x_wconf 86' lang='lat' dir='ltr'>gulos</span> 
     </span>
    </p>
   </div>
  </div>
 </body>
</html>
