1815 3168
517 117 1084 181 ,HEAVTONTmr

1395 136 1489 194 653

264 263 420 315 Voster
443 260 616 316 nostro,
648 260 768 309 istam
791 258 873 307 effe
907 262 1087 307 amicam
1119 261 1260 320 gnati,
1290 270 1383 306 non
1407 277 1495 306 cre-

364 341 434 387 dat
463 351 625 388 tamen.-

172 431 197 481 3
210 431 235 480 5
271 414 371 465 CL.
410 420 471 461 At
491 416 608 460 enirn
631 414 751 478 spem
770 410 875 459 istoc
895 407 1026 476 paiio
1049 408 1222 457 rursum
1240 411 1496 474 nuptiarum

367 507 545 537 omnem
567 491 699 553 eripis
716 508 725 534 :

265 569 386 613 Nam
417 565 523 612 dum
557 567 737 612 amicam
769 563 881 619 hanc
915 577 1058 608 meam
1089 556 1171 606 esse
1196 558 1364 612 credet,
1404 577 1495 607 non

370 643 612 687 committet
633 638 780 685 filiam.

269 720 350 764 Tu
378 712 558 763 fortaffe'
581 714 686 779 quid
717 730 787 760 me
818 710 892 758 fiat
913 714 1040 776 parui
1071 711 1255 776 pendis,
1294 709 1400 756 dum
1436 711 1500 756 illi

371 791 581 839 consulas.

271 864 361 914 SY.
398 866 532 920 Quid,
554 864 732 917 malurn,
757 880 827 910 me
850 871 1032 909 aetatem
1064 861 1205 908 censes
1230 861 1341 910 velle
1371 860 1417 907 id
1448 860 1503 907 as-

371 939 610 986 fimularier
623 937 646 991 ἲ

273 1018 398 1066 Vnus
423 1014 482 1062 est
507 1016 621 1069 dies,
653 1015 760 1062 dum
794 1024 1026 1075 argentum
1049 1014 1191 1077 eripio
1205 1028 1219 1055 ε·
1251 1029 1357 1078 pax:
1392 1009 1504 1058 nihil

374 1091 578 1157 amplius.

197 1305 253 1349 34
282 1294 375 1334 Non
394 1292 516 1334 credat
536 1292 674 1346 tamen]
703 1295 752 1333 H.
766 1304 801 1330 e.

146 1364 283 1392 reuera
310 1349 398 1396 sciat
428 1352 680 1395 contrarium,
707 1363 743 1400 q.
765 1348 801 1387 d.

146 1414 189 1448 z'n
209 1421 281 1460 quo
295 1407 522 1458 decipietur?
553 1406 612 1443 vel
631 1406 704 1443 erit
715 1405 803 1457 pul-

146 1478 225 1511 cra,
244 1473 284 1502 vt
302 1463 374 1502 dici
394 1460 499 1510 solet,
527 1457 711 1513 deceptio!
738 1460 803 1499 vbi

148 1522 253 1571 quiS,
284 1530 322 1558 vt
342 1518 473 1566 credit,
492 1531 575 1556 non
601 1517 803 1566 decipitur.

147 1574 270 1626 Quod
315 1576 369 1614 ita
401 1574 476 1613 erit
511 1574 652 1612 in‘tuo
684 1584 805 1624 patre,

145 1644 266 1684 quem
288 1642 398 1683 putas
416 1631 460 1669 iri
478 1626 621 1668 falsum.
678 1631 727 1670 C.

181 1686 413 1729 .Venustior
447 1685 647 1724 collocatio
681 1684 736 1723 est
763 1684 807 1722 in

148 1743 283 1784 Bemb.
312 1742 375 1796 effi·
401 1740 505 1794 istam
523 1745 697 1789 amicam,
726 1751 764 1780 vt
782 1743 809 1778 i-

142 1800 241 1854 stam
259 1799 301 1839 fit
319 1802 359 1838 in
380 1808 552 1838 accentu.
607 1802 649 1838 B.

208 1869 262 1910 35
291 1857 346 1894 At
371 1856 468 1893 enim
483 1852 611 1908 spem]
641 1853 681 1893 Si
702 1853 810 1893 enim

153 1911 364 1951 crediderit
395 1907 531 1949 senexs
552 1910 714 1957 amicam
739 1906 810 1946 filii

150 1965 208 2011 sui
229 1964 305 2007 effe
321 1966 585 2015 meretricem,
615 1963 733 2004 filiam
750 1961 811 2002 su-

150 2037 213 2064 am
231 2022 331 2062 mihi
353 2036 436 2062 non
458 2021 573 2061 dabit.
628 2024 671 2061 E.

155 2121 158 2123 .
209 2082 263 2133 36
291 2079 421 2120 Meam
439 2078 648 2131 ffcredet]
677 2073 812 2117 Neces-

153 2133 251 2176 sario
289 2135 316 2175 fi
346 2135 538 2177 Chremes
575 2133 813 2174 Bacchidem

156 2192 265 2245 gnati
294 2192 454 2232 amicam
482 2202 564 2230 non
594 2188 811 2236 crediderit,

158 2248 312 2290 Cliniae
335 2245 413 2287 effe
433 2240 650 2286 crediderit.
706 2246 814 2285 com-

155 2306 295 2356 mittet]
319 2307 428 2344 Bene
450 2304 500 2343 de
515 2303 593 2343 filia
614 2304 814 2342 committet

158 2360 286 2404 dixit;
334 2361 425 2411 quia
468 2360 628 2412 proprie
671 2370 813 2410 magna

158 2418 431 2464 committimus,
457 2427 497 2456 et
516 2430 573 2465 ea,
603 2414 815 2455 secundum

158 2476 365 2521 Donatum,
390 2485 490 2524 quae
509 2470 667 2512 salutem
686 2472 728 2510 in
747 2470 814 2510 du-

159 2528 226 2568 bio
247 2527 404 2567 habent.
459 2530 505 2570 C.

218 2596 272 2637 37
319 2584 588 2636 Paruipendis]
636 2586 681 2624 ln
719 2587 815 2637 Reg.

144 2641 330 2692 exempl.
361 2653 496 2692 parum
527 2654 659 2680 curas:
698 2650 816 2692 atque

160 2698 212 2737 ita
233 2698 271 2737 in
296 2697 376 2736 aliis
397 2707 484 2738 vett.
509 2696 620 2736 codd.
674 2698 714 2735 L.

1437 1179 1505 1226 40

908 1293 970 1331 Ne
991 1287 1036 1328 fit
1055 1287 1178 1330 versus
1195 1287 1453 1342 hypermeter,
1473 1299 1511 1325 e-

852 1346 1015 1395 menda,
1043 1345 1099 1384 Tei
1118 1347 1209 1399 fors
1230 1346 1327 1398 quid
1341 1357 1395 1384 me
1413 1347 1510 1396 fiat

854 1413 926 1442 etc.
985 1405 1027 1442 B.

908 1464 958 1510 33
987 1455 1119 1512 Qid?
1148 1456 1328 1509 malum]
1348 1456 1512 1501 Malum,

853 1514 1070 1553 interiectio
1102 1512 1156 1551 est
1182 1509 1388 1551 irascentis.
1443 1511 1514 1551 Me

855 1569 1029 1624 aetatem]
1070 1572 1238 1608 Aetatem
1272 1566 1399 1620 posuit
1439 1581 1512 1620 pro

855 1627 931 1666 diu.
990 1624 1116 1667 Alibi:
1147 1624 1226 1663 Iam
1255 1624 1420 1663 dudum.-
1456 1638 1514 1663 ae-

856 1695 970 1723 tatem
989 1683 1071 1722 lites
1089 1680 1218 1730 fizc'iae
1239 1683 1339 1721 inter
1358 1693 1429 1719 eos.
1463 1682 1515 1721 C.

912 1738 1041 1792 Qud?
1071 1737 1253 1790 maluml]
1284 1735 1421 1776 Credis
1440 1734 1517 1774 hoc

858 1809 923 1835 me
942 1795 1043 1834 velle
1053 1792 1227 1832 fimulare
1247 1791 1420 1843 (excidit,
1420 1791 1518 1843 fim-

855 1863 934 1904 per,
946 1861 1009 1889 aut
1031 1850 1095 1888 diu
1113 1851 1188 1900 Z.).
1217 1847 1368 1887 Malum
1387 1859 1517 1887 autem

858 1906 1076 1946 interieciio
1094 1904 1192 1943 nihil
1215 1903 1422 1957 fignificat,
1452 1901 1516 1943 sed

860 1961 1151 2003 exclamationis
1180 1961 1356 2000 continet
1373 1960 1517 1999 locum.

861 2017 1071 2070 Quomodo
1096 2017 1235 2059 Cicero
1261 2030 1331 2068 pro
1355 2017 1518 2056 Scauro:

860 2076 976 2131 Qtae,
996 2074 1148 2123 malum,
1168 2072 1214 2126 est
1233 2072 1297 2123 ista
1313 2074 1439 2113 ratio?
1475 2076 1520 2112 E.

919 2144 973 2185 39
1013 2136 1112 2170 Vnus
1141 2129 1188 2180 est
1214 2130 1305 2181 dies]
1343 2128 1521 2182 Affignat

862 2199 1012 2238 tempus
1038 2199 1108 2238 pro
1128 2186 1288 2225 ratione.
1335 2187 1428 2224 Non
1441 2184 1523 2224 vult

862 2243 1115 2285 Chremetem
1147 2240 1212 2280 diu
1239 2239 1398 2280 credere
1426 2243 1522 2280 Bac-

864 2299 1018 2339 chidem
1047 2298 1200 2339 Cliniae
1235 2294 1313 2336 effe
1348 2297 1522 2336 amicam.

865 2356 998 2410 Paxl]
1039 2353 1284 2394 Aduerbium
1314 2353 1517 2402 comicum,

865 2410 1105 2466 etsignificat
1123 2423 1281 2450 tamum.
1337 2411 1383 2451 C.

935 2471 1143 2523 Argentum
1191 2467 1322 2518 eripio.
1372 2476 1455 2518 pax
1475 2464 1522 2519 l]

865 2525 1021 2566 Plautus
1040 2521 1172 2563 Pseud.
1189 2536 1228 2567 v,
1247 2535 1273 2571 1,
1292 2534 1357 2574 33.
1390 2522 1525 2574 Itaque

866 2583 950 2622 dum
969 2583 1111 2627 enitor,
1137 2579 1236 2632 pax!
1269 2581 1342 2617 iam
1357 2588 1447 2629 pene
1460 2579 1525 2627 [in-

864 2639 1019 2693 quinaui
1046 2635 1209 2688 pallium.
1250 2632 1398 2678 Auson.
1426 2634 1525 2685 ldyl.

1463 2701 1511 2731 12
