1815 3168
332 173 429 219 472

744 158 900 204 ACT.
930 159 985 203 V.
1019 156 1212 202 SCEN.
1239 157 1288 202 11.

382 303 441 349 35
474 285 597 332 Malo
618 286 838 349 principio
863 301 1024 346 magna·
1047 283 1309 330 familiaritas

480 356 740 408 Conflata'st.
778 360 883 423 quid
910 358 937 403 {i
963 359 1047 405 hoc
1068 358 1278 422 quispiam
1298 353 1439 404 voluit
1459 359 1618 404 Deus?

477 434 584 483 Tu.
601 436 816 498 Equidem
827 435 902 498 pol
917 436 960 479 in
972 450 1065 479 eam
1077 444 1246 498 partem
1259 436 1525 497 accipioque,
1537 444 1579 480 et
1591 433 1708 481 volo.

481 508 528 559 C
545 531 590 558 ιι.
627 515 726 558 Imo
748 513 806 556 ita
833 509 1001 572 quaeso.
1028 526 1163 556 vnum
1177 509 1260 555 hoc
1274 509 1398 565 scito:
1420 509 1708 556 contumeliae

480 592 592 634 Non
614 603 685 632 mc
706 581 845 632 feciffe
867 584 996 637 causa,
1029 584 1097 630 sed
1116 585 1289 632 amoriS.
1325 580 1377 630 T
1392 601 1439 628 H.
1475 583 1575 633 scio.

383 681 448 727 40
485 667 543 710 Et
563 662 640 727 pol
663 672 896 726 propterca
919 661 1055 720 magis
1076 676 1194 705 nunc
1217 658 1392 718 ignosco
1415 658 1510 706 tibi.

483 743 594 786 Non
615 737 723 784 adeo
747 737 988 784 inhumano
1007 737 1189 797 ingenio
1211 734 1319 788 sum,
1343 734 1547 790 Chaerea,

407 969 462 1009 35
491 955 564 998 Etsi
584 955 647 995 sex
663 954 936 1004 codd.habent‚
950 957 1012 994 Ex

352 1015 464 1060 malo,
482 1024 611 1051 tamen
631 1013 707 1064 leg.
721 1012 827 1051 Malo
849 1025 902 1051 ex.
922 1012 1013 1061 quia

352 1068 460 1120 apud
483 1070 645 1107 Terent.
665 1064 878 1117 liquescunt
898 1064 1013 1116 saepe

351 1125 508 1163 vocales
556 1124 732 1171 vltimae,
788 1118 1013 1174 praesertim

353 1193 443 1220 eum
462 1179 626 1219 eaedem
647 1180 908 1231 geminantur.
937 1181 979 1217 Β.

413 1240 466 1289 36
499 1236 606 1291 Qid
615 1235 657 1285 Jt
673 1235 738 1273 hoc
752 1234 932 1287 quispiam
948 1247 1016 1271 vo-

354 1292 426 1333 luit
446 1292 548 1330 Deus
558 1292 590 1345 ?]
620 1292 812 1341 Pleraque
837 1290 1016 1343 repenti-

356 1351 417 1387 nis
440 1346 736 1398 impulsionibus
757 1357 864 1393 nata,
898 1343 1016 1384 miris-

356 1417 434 1454 que
452 1402 722 1457 prouentibus,
758 1402 833 1441 deo
853 1399 1016 1440 adscribi

356 1458 507 1499 solent:
534 1471 571 1498 vt
590 1463 771 1508 (Aen.11‚
792 1459 920 1511 632),
940 1457 1017 1497 De-

345 1516 499 1568 scend0‚
520 1529 560 1555 ac
584 1516 732 1554 ducente
751 1513 1017 1566 deo‘flammam

358 1576 457 1611 inter
490 1585 523 1610 et
562 1571 679 1623 hostes
709 1570 908 1623 Expedior.
968 1573 1018 1610 Et

356 1631 478 1681 (Aen.
498 1641 573 1674 111,
603 1628 740 1681 7152),
768 1627 868 1666 Hinc
888 1640 942 1665 me
963 1627 1017 1665 di-

357 1684 514 1738 ιξνιβῖιιη
531 1683 655 1735 vestris
676 1684 760 1722 deus
779 1683 917 1735 appulit
928 1684 1017 1721 oris.

358 1744 407 1781 Et
430 1740 636 1788 Sallustius,
670 1740 720 1778 Vt
740 1752 846 1778 tanta
873 1749 1019 1791 repente

358 1799 518 1835 mutatio
538 1809 612 1839 non
631 1794 711 1848 fi'ne
730 1796 795 1834 deo
812 1796 1014 1834 videretur.

358 1850 512 1907 Qidfi'
527 1852 590 1890 hoc
610 1851 789 1904 quispiam
806 1853 927 1890 voluit
945 1850 1022 1890 De-

358 1908 458 1961 us?]
507 1908 599 1947 Vult
630 1910 817 1947 Amorem
850 1907 1020 1961 intelligi

359 1965 490 2004 deum.
546 1968 599 2005 D.

415 2017 574 2073 Qidsz'
597 2018 664 2057 hoc
691 2019 871 2071 quispiam
900 2016 1021 2056 voluit

359 2077 465 2117 Deus
475 2075 510 2130 ἵ]
541 2074 720 2124 Libanius
731 2071 1020 2128 progymnasm.

358 2144 493 2172 contra
521 2130 705 2170 homicid.
733 2143 822 2183 pag.
843 2141 908 2184 41.
937 2134 1018 2167 κᾶλ-

357 2202 417 2231 λες
444 2198 495 2231 τὶς
525 2191 671 2230 ἡτῗηθεὶς
695 2191 804 2224 ἀδικεῖ
831 2185 914 2233 μὲν,
943 2187 1018 2223 ἀλλ’

360 2244 437 2290 ’ἔχει
456 2250 667 2291 παραίτησιν·
694 2242 837 2289 ἐβιάσθη
857 2241 925 2289 ’γάρ
948 2239 1018 2279 ziz-ci

358 2305 406 2339 ⁷22⁴
424 2303 500 2344 953,
531 2308 586 2338 καὶ
604 2296 689 2346 πςδς
709 2298 768 2337 τᾶν
789 2293 910 2345 Εῆςωτα
928 2302 1019 2335 8021oe-

358 2364 446 2397 ςείαν
464 2361 628 2402 Zeia-mem
658 2357 700 2393 ἐκ
729 2351 874 2398 ἕυπορον.
911 2354 1020 2393 Plau-

361 2424 419 2452 tus
446 2413 576 2452 Aulul.
608 2425 674 2459 lv,
715 2421 787 2459 10,
820 2422 860 2463 7.
917 2409 1019 2449 Deus

358 2469 451 2508 mihi
470 2467 649 2519 impulsor
661 2466 764 2518 fuit,
784 2469 817 2508 is
837 2479 893 2506 me
911 2466 962 2506 ad
979 2464 1021 2504 il-

360 2528 432 2565 lam
452 2524 584 2563 illexit.
648 2524 690 2562 L.

413 2592 468 2633 37
497 2580 677 2633 Equidem
690 2578 758 2631 pol
773 2580 814 2617 in
841 2591 919 2617 eam
933 2588 1020 2630 par-

356 2651 429 2679 tem
446 2639 658 2692 accipioque
687 2644 722 2676 et
751 2633 854 2691 volo]
884 2637 938 2677 Vt
958 2645 1021 2675 ae-

1528 836 1531 839 »
1550 814 1714 875 Neque

1061 965 1171 995 terna
1198 955 1300 994 inter
1326 968 1392 994 vos
1421 953 1464 994 fit
1491 955 1629 1009 gratia,
1674 967 1716 995 et

1061 1024 1111 1050 ex
1139 1011 1239 1049 malo
1267 1012 1456 1065 principio
1478 1012 1717 1063 compleatur

1059 1065 1473 1119 magna-lhmiliaritas.
1530 1067 1582 1106 Et
1609 1067 1715 1121 volo]

1060 1121 1233 1164 Euenire
1248 1119 1490 1162 subauditur:
1509 1134 1549 1163 et
1566 1123 1619 1162 est
1636 1122 1717 1162 σόλ-

1063 1183 1159 1222 >mulne
1182 1179 1304 1217 tertia.
1367 1180 1413 1218 D.

1119 1233 1297 1287 Equidem
1313 1234 1426 1286 polin
1446 1235 1540 1289 eam]
1571 1236 1718 1274 Intelli=

1065 1290 1124 1344 git
1150 1290 1334 1329 meretrix
1363 1289 1456 1341 quid
1477 1290 1543 1329 {ibi
1564 1291 1609 1330 ab
1630 1292 1720 1331 ado-

1064 1344 1233 1386 lescente
1251 1346 1394 1386 diuum
1412 1345 1462 1394 fit,
1483 1357 1523 1385 et
1546 1346 1638 1386 ideo
1658 1348 1721 1395 ad-

1064 1402 1165 1450 iecit,
1183 1400 1256 1441 hoc
1276 1402 1433 1453 quidem
1444 1403 1593 1455 accipio
1607 1416 1655 1442 ex
1666 1404 1722 1443 di-

1066 1459 1132 1498 &is
1154 1459 1240 1508 tuis,
1261 1458 1367 1509 quod
1388 1457 1722 1499 vehementerde-

1064 1513 1199 1554 sidero.
1257 1517 1301 1554 E.

1118 1579 1171 1622 38
1205 1570 1281 1609 Imo
1312 1572 1368 1611 ita
1401 1569 1549 1626 quaesb]
1579 1575 1722 1613 Vtrum

1065 1627 1327 1675 meretricem,
1357 1640 1405 1664 an
1432 1628 1527 1666 deos
1555 1627 1726 1679 quaeso?

1068 1693 1274 1734 vti-umque
1303 1682 1411 1721 enim
1436 1685 1560 1735 accipi
1583 1685 1719 1735 potest.

1072 1740 1190 1779 Vnum
1230 1739 1297 1778 hoc
1324 1738 1448 1794 scito]
1492 1739 1611 1780 Vnde
1648 1741 1722 1781 hoe

1068 1793 1159 1834 sciat
1183 1793 1323 1843 Thais,
1352 1796 1487 1846 inepte
1513 1798 1723 1847 quaeritur,

1070 1865 1192 1903 quum
1204 1849 1285 1902 ipsa
1294 1863 1353 1888 res
1365 1852 1513 1899 clamet,
1522 1866 1724 1904 nunquam

1069 1906 1173 1952 hanc
1205 1907 1474 1944 conditionem
1508 1904 1725 1950 subiturum

1070 1961 1297 2009 Chaeream,
1324 1972 1361 1999 vt
1378 1975 1449 2013 pro
1465 1964 1654 2003 Eunucho
1672 1977 1728 2005 et·

1069 2018 1147 2060 iam
1164 2016 1287 2065 seruo,
1308 2015 1346 2056 se
1355 2016 1406 2055 fin
1412 2030 1523 2070 geret
1532 2019 1584 2059 fin
1591 2034 1613 2061 e
1622 2035 1726 2061 amo-

1070 2074 1119 2113 ris
1141 2071 1318 2125 impulsu.
1378 2076 1428 2115 D.

1126 2130 1248 2169 Vnum
1272 2129 1470 2183 hocfiito]
1502 2132 1726 2173 Hieillade-

1067 2185 1207 2232 fenfio,
1248 2199 1364 2237 quam
1393 2188 1586 2227 venialem
1612 2186 1725 2242 supra

1069 2241 1246 2282 diximus.
1300 2245 1344 2282 Ε.

1122 2311 1176 2352 40
1203 2298 1314 2337 Nunc
1325 2298 1473 2352 ignofio
1487 2298 1578 2354 tibi]
1600 2302 1724 2352 Quod

1070 2355 1181 2406 culpa
1201 2366 1282 2393 non
1293 2352 1527 2403 sithominis,
1546 2355 1611 2396 sed
1623 2371 1727 2396 amo-

1068 2411 1130 2450 ris.
1185 2411 1236 2449 D.

1120 2477 1171 2520 41
1207 2465 1298 2503 Non
1324 2465 1414 2504 adeo
1442 2466 1642 2507 inhumano
1672 2470 1726 2508 in-

1067 2524 1175 2577 genio
1203 2521 1293 2572 sum
1321 2522 1500 2577 Chaerea]
1541 2526 1629 2563 Hoc
1658 2524 1725 2573 est,

1069 2577 1225 2617 immitis
1247 2591 1330 2616 non
1341 2576 1434 2621 sum,
1459 2591 1646 2630 quantum
1657 2595 1725 2632 pu-

1069 2644 1124 2676 tas
1144 2633 1252 2686 (Tam
1272 2637 1332 2676 im.
1357 2647 1390 2674 n.
1401 2633 1441 2689 J?
1458 2649 1626 2689 quamzu
1641 2637 1723 2690 p.]:

1677 2704 1724 2743 vt,
