1815 3168
455 126 1004 192 ‘HEAVTONTIM

1313 158 1404 206 543

186 278 231 322 Si
252 275 388 321 sumas
412 275 457 318 in
480 272 563 318 illis
590 269 851 322 exercendiS,
875 269 977 333 plus
1000 285 1115 329 agas.

187 348 280 398 ME
296 363 345 396 N.
385 348 587 399 Chreme,
613 339 839 392 tantumne
864 343 922 389 est
948 343 998 389 ab
1018 361 1065 390 re
1085 355 1158 390 tua
1187 348 1262 391 otii
1282 346 1374 399 tibi,

190 426 344 471 Aliena
364 433 410 469 vt
431 439 578 477 cure53
617 437 766 483 eaque,
790 419 898 466 nihil
921 435 1029 481 quae
1051 419 1103 464 ad
1132 430 1173 464 te
1195 423 1412 468 attinent?

94 518 155 564 25
189 496 285 546 CH.
308 502 461 546 Homo
482 498 598 547 sum:
620 497 802 543 humani
821 495 931 542 nihil
945 512 968 540 a
986 511 1056 540 me
1078 494 1267 540 alienum
1284 510 1413 560 puto.

114 732 167 761 22
197 719 243 759 In
271 717 343 761 illis
370 718 600 772 exercendis]
632 717 712 769 Qui
760 716 878 757 altero
918 714 1117 756 reddidit.-

1330 572 1415 619 Vel

1166 714 1287 753 Homo
1315 713 1416 764 fiam,

57 776 142 816 aliis
162 775 401 827 p1·aeest‚vt
428 774 711 835 paterfamilias,
761 774 907 813 humani
924 772 1020 810 nihil
1037 771 1285 810 αηιεαΙίενιιιηι
1308 782 1416 821 puto.

59 842 124 871 aut
144 832 370 882 imperator,
401 834 484 884 pius
508 831 624 870 efficit
648 838 714 868 lua

58 885 330 927 adhoitatione
347 901 460 938 quam
480 899 608 939 Opela.
640 888 685 928 C

59 967 62 977 .
115 954 167 983 2⁶
205 943 406 981 Tantumne
443 942 488 995 est
515 942 560 981 ab
589 956 629 980 re
653 955 715 981 tua

62 1000 135 1037 otii
163 998 252 1051 tibi]
291 998 489 1051 Difficilis,
525 1010 563 1037 vt
594 998 719 1049 inquit

62 1055 202 1095 Cicero
222 1053 387 1105 (Officiis
411 1071 439 1104 ι,
460 1056 537 1107 9.),
567 1054 612 1104 cst
631 1066 717 1092 cura

64 1123 190 1150 rerum
206 1110 416 1149 alienarum.
470 1111 571 1150 Nam
589 1124 628 1147 ea
646 1124 721 1148 ma-

63 1169 121 1221 gis
146 1168 366 1218 percipimus
389 1177 499 1218 atque
520 1167 716 1218 finximus,

66 1235 158 1275 quae
185 1222 286 1261 nobis
306 1224 411 1274 ipsis,
438 1235 505 1260 aut
526 1221 718 1276 prospera,

67 1291 135 1318 aut
155 1277 310 1328 aduerfit
331 1280 522 1326 eueniunt,
553 1291 661 1331 quam
680 1277 719 1316 il-

69 1334 114 1382 la,
132 1347 220 1386 quae
237 1335 410 1373 caeteris:
431 1347 522 1385 quae
534 1333 722 1386 quastlon-

69 1404 118 1444 go
133 1388 326 1428 interuallo
338 1390 525 1428 interiecto
538 1391 724 1427 videmus·

70 1445 177 1484 aliter
194 1445 236 1485 de
255 1445 338 1493 illis,
365 1458 405 1483 ac
424 1446 466 1483 de
484 1444 600 1491 nobis,
627 1445 726 1484 iudi-

71 1515 203 1540 camus.
261 1500 318 1540 Ab
350 1513 390 1539 re
415 1501 498 1555 tua]
536 1501 578 1540 ld
609 1499 673 1548 est,
703 1514 726 1538 a

73 1557 243 1610 negotiis
263 1558 335 1595 tuis
355 1555 611 1595 familiaribus,
661 1556 726 1596 Di-

74 1614 174 1651 citur
201 1612 316 1651 etiam
346 1612 390 1650 ab
420 1626 459 1651 re
479 1625 565 1659 tua,
595 1623 726 1651 contra

72 1669 276 1707 vtilitatem
293 1679 409 1707 tuam.
447 1667 539 1706 ficut
555 1681 572 1706 e
590 1682 629 1707 re
649 1680 725 1713 tua,

74 1735 115 1763 et
134 1739 150 1763 ε
170 1722 348 1775 republica
361 1739 376 1760 .·
404 1723 444 1762 id
457 1723 510 1763 est
521 1737 589 1775 pro
601 1736 642 1763 re
652 1734 728 1772 tua,

76 1790 117 1821 et
137 1793 205 1831 pro
225 1779 432 1830 republica,
489 1782 534 1821 C.

138 1837 343 1875 Tantumne
374 1835 419 1884 est
454 1834 498 1874 ab
528 1836 586 1888 re]
624 1838 734 1885 Bene

77 1901 261 1941 tanquam
302 1891 471 1930 alienum
521 1891 734 1942 alloquitur

75 1945 352 1994 Menedemus,
365 1957 402 1985 vt
412 1947 464 1984 illi
477 1957 516 1984 et
526 1947 646 1985 otium
658 1943 735 1985 effe

78 2002 189 2051 dicat,
209 2013 247 2040 et
265 2012 416 2041 tantum
437 2003 558 2040 otium
579 2016 599 2040 a
618 2001 733 2041 rebus

78 2056 163 2106 suis,
186 2071 228 2097 vt
243 2058 363 2096 aliena
383 2071 497 2108 curet,
527 2072 561 2097 ct
582 2072 621 2098 ea
641 2070 733 2111 quae

79 2114 182 2165 ads&
200 2114 296 2154 nihil
312 2117 483 2154 attinent.
539 2116 581 2153 E.

139 2170 343 2210 Tantumne
355 2170 401 2221 est
420 2169 465 2208 ab
483 2184 523 2209 νε
541 2168 626 2223 tua]
658 2170 733 2209 Au-

84 2225 220 2277 gustiu.
249 2225 363 2277 Epist.
391 2238 455 2279 51.
495 2226 593 2264 Hinc
620 2237 656 2264 et
675 2223 755 2264 ille'

88 2282 263 2329 Comicus,
294 2281 411 2332 (ficut
428 2280 616 2320 luculentis
637 2282 737 2335 inge-

86 2339 162 2376 niis
186 2350 258 2377 non
284 2337 370 2389 defit
398 2337 659 2390 resplendentia
678 2351 737 2375 ve-

85 2394 232 2442 ritatis)
259 2405 335 2433 cum
357 2392 402 2432 ab
423 2407 493 2442 vno
513 2391 601 2444 fine
627 2393 738 2432 alteri

77 2447 166 2501 fini
196 2448 324 2488 clic‘lum
344 2461 597 2501 componeret:
639 2450 736 2488 Tan-

88 2517 214 2543 tumne
234 2501 279 2542 ab
297 2517 336 2543 re
352 2518 414 2543 tua
431 2504 477 2556 est
494 2508 566 2544 otii
585 2504 674 2554 tibi,
701 2519 738 2543 a·

89 2560 186 2599 liena
205 2572 246 2596 vt
266 2572 377 2606 cures,
400 2575 507 2612 eaque
527 2574 620 2614 quae
641 2559 741 2600 nihil

86 2616 139 2656 ad
157 2628 193 2655 te
209 2616 423 2670 αειιήεηιΐ]
450 2615 674 2679 ΙίιῄοονψίυζζιῚ
695 2615 739 2658 ab

764 831 836 870 Cui
850 827 1330 879 fintentiaefiruntetiam
1342 825 1419 865 the-

762 899 846 926 atra
865 894 965 932 tota,
987 883 1092 937 plena
1101 881 1230 934 stultis
1246 882 1420 932 indodi'is

766 955 847 996 que,
866 938 1026 993 applaus
1016 938 1084 990 βε
1143 942 1182 978 L.

818 997 998 1044 Colloca‚
1027 993 1070 1033 ab
1093 1008 1131 1032 re
1147 992 1262 1045 tua'st.
1320 996 1421 1033 Nam

767 1052 815 1092 fic
833 1051 887 1092 ost
907 1065 987 1091 non
1011 1050 1129 1089 modo
1141 1051 1243 1100 apud
1258 1051 1336 1092 Cic.
1352 1048 1421 1088 lib.

767 1123 837 1155 ΧΠ,
855 1107 903 1147 ad
915 1108 1096 1153 Atticum,
1114 1103 1179 1145 sed
1189 1117 1227 1145 et
1236 1107 1276 1144 in
1288 1105 1424 1146 Bemb.

768 1176 807 1204 et
824 1165 907 1203 aliis
927 1163 1037 1202 codd.
1095 1165 1136 1200 B.

820 1233 876 1273 24
906 1220 1029 1271 anue
1046 1217 1144 1256 nihil
1165 1217 1274 1271 quae]
1301 1220 1350 1258 V.
1376 1217 1428 1256 C.

769 1278 825 1317 Ea
850 1288 942 1343 quae
970 1273 1065 1313 nihil
1090 1274 1141 1313 ad
1164 1287 1211 1312 ze.
1256 1275 1426 1312 Menan-

771 1333 864 1371 del·
903 1328 925 1369 ἴε
954 1348 998 1376 μη
1032 1345 1197 1376 προσῆκει,
1223 1328 1306 1375 μήτ’
1330 1345 1427 1376 (κν-δε,

771 1386 850 1433 μήτ’
872 1403 943 1433 oga.
1000 1389 1040 1425 L.

827 1444 974 1481 Omnes
991 1439 1105 1479 nostri
1122 1453 1208 1478 cum
1234 1437 1320 1479 edd.
1340 1448 1430 1478 vett.

774 1497 935 1547 habent,
963 1510 1004 1535 ea
1025 1508 1114 1550 quae
1134 1496 1230 1535 nihil
1247 1498 1300 1535 ad
1314 1508 1350 1534 te
1366 1495 1432 1534 ad-

774 1556 907 1602 tinent,
962 1556 1002 1592 B.

829 1623 882 1664 25
909 1608 1032 1648 Homo
1041 1606 1154 1658 fiam:
1182 1607 1330 1646 humani
1345 1620 1433 1645 ame

776 1665 874 1706 nihil
881 1664 1038 1704 alienum
1049 1663 1164 1716 puto]
1195 1665 1280 1702 Hoc
1290 1676 1340 1702 ex
1350 1663 1438 1701 Pla-

779 1722 879 1761 tonis
891 1719 1093 1768 sententia‚
1113 1720 1181 1769 qui
1191 1719 1337 1770 inquit:
1362 1719 1435 1756 Or-

783 1791 843 1818 tus
870 1775 984 1828 nostri
998 1788 1144 1827 partem
1165 1778 1332 1826 patriam
1351 1773 1435 1812 aben-

783 1835 922 1882 ιίἰεανε,
949 1842 1096 1885 partem
1123 1832 1272 1869 amicos.
1326 1831 1376 1868 Et
1395 1839 1437 1869 vt

784 1889 916 1930 Stoicis
936 1888 1074 1939 placet,
1092 1899 1182 1939 quae
1198 1889 1236 1924 in
1255 1888 1367 1925 terris
1379 1888 1440 1940 gi-

779 1956 970 1999 guantur,
998 1943 1048 1981 ad
1071 1944 1176 1994 vficm
1193 1940 1379 1980 hominum
1399 1955 1440 1979 o-

782 2003 883 2040 nmia
909 2011 1094 2039 creantur.
1152 1999 1343 2036 Homines
1374 2010 1440 2035 au-

781 2068 862 2096 tem
889 2055 1094 2094 hominum
1115 2051 1221 2092 causa
1246 2066 1442 2106 generan-

781 2124 861 2160 tur,
899 2123 938 2150 vt
974 2109 1042 2162 ipfi
1070 2111 1174 2149 inter
1202 2107 1241 2147 se
1268 2110 1332 2147 alii
1360 2109 1443 2148 aliis

782 2164 960 2220 prodesse
983 2166 1134 2215 poffint.
1193 2166 1239 2205 C.

835 2225 956 2263 Homo
973 2221 1086 2274 fitm;
1120 2220 1285 2275 humani]
1325 2221 1443 2263 Cice·

783 2293 826 2319 ro
852 2278 917 2319 lib.
951 2290 983 2319 1.
1008 2277 1059 2315 de
1078 2275 1213 2329 Legib.
1268 2277 1387 2332 Qod
1404 2276 1450 2327 st?

785 2334 964 2389 quomodo
995 2332 1041 2384 est
1058 2346 1206 2381 natura,
1225 2330 1282 2384 sic
1302 2334 1442 2373 iudicio

786 2392 952 2431 homines
970 2388 1132 2434 humani,
1169 2401 1213 2426 vt
1228 2391 1287 2427 ait
1309 2389 1440 2435 Poeta,

786 2446 884 2487 nihil
920 2460 946 2485 a
978 2444 1021 2496 [ε
1059 2447 1214 2484 alienum
1247 2455 1443 2496 putarent.

784 2502 894 2543 Idem
912 2501 977 2542 lib.
1001 2500 1052 2540 de
1070 2500 1218 2540 Officiis
1232 2511 1265 2549 1,
1282 2513 1319 2554 9.
1351 2500 1447 2551 Dis³

780 2557 896 2610 ficilis
937 2571 1025 2596 cura
1063 2569 1185 2595 rerum
1215 2555 1445 2595 alienarum:

788 2627 999 2671 quanquam
1007 2613 1249 2655 Terentianus
1265 2610 1325 2653 ille
1338 2611 1446 2654 Che-e—

1373 2678 1446 2706 ntes
