1815 3168
595 50 1006 96 EVNVCHVS.

1383 56 1476 114 369

244 182 391 242 Atque
415 193 579 223 eccum.
618 176 742 229 salue,
782 178 845 221 mi
861 174 1054 253 Thraso.
1088 169 1185 221 ΤΗ
1198 190 1243 223 R.
1284 196 1312 226 0
1331 181 1472 229 Thais

344 269 452 323 njea,

241 331 400 376 Meum
420 328 629 380 suauium,
651 326 756 390 quid
782 321 964 388 agitur?
1000 325 1156 391 ecquid
1176 342 1258 374 nos
1278 345 1394 377 amas

109 530 234 584 tiplex
277 524 479 569 concursus
530 527 765 568 diffimilium

109 585 360 640 personarum
373 615 382 632 ,
409 595 448 624 et
466 595 597 623 tamen
626 585 765 623 virtute

110 654 154 682 et
171 641 327 680 confilio
347 643 489 681 Poetae
511 638 762 688 discretarum,

108 710 150 739 vt
176 696 349 736 confufio
379 697 484 735 nulla
512 695 554 734 fit
578 695 676 734 faeta
693 693 765 735 ser-

107 754 262 796 monist
290 752 398 792 fimul
416 753 530 791 etiam
547 764 616 801 pro
638 748 676 790 se
692 751 762 790 cui-

108 823 188 862 que
213 808 497 848 accommodata
506 808 603 846 mire
612 819 763 858 reprae-

107 865 279 906 sentatur
296 864 429 904 oratio.
486 864 629 902 Audire
638 876 763 902 vocem

108 921 284 974 mssafimz
302 920 417 970 modoj
433 919 581 973 militis]
612 920 763 958 Omnes

107 976 236 1019 sensus
246 976 325 1026 vifis
334 976 523 1022 dicuntur,
544 975 591 1014 ab
602 988 649 1015 eo
659 974 764 1027 quod

105 1034 162 1074 est
180 1032 421 1073 certiffimum
431 1033 627 1072 oculorum
639 1032 764 1083 (Wie-

110 1091 209 1144 ling.
238 1099 344 1140 putat
359 1089 440 1141 leg.
472 1090 532 1142 qui
556 1086 602 1139 est
622 1084 764 1140 certzffi-

102 1160 203 1192 vmus,
224 1145 425 1193 oculorum,
444 1142 489 1184 sc.
510 1141 650 1192 sensus,
679 1144 762 1184 Cic.

109 1202 162 1242 de
178 1203 284 1241 Orat.
305 1212 377 1248 111,
405 1211 471 1252 41.
527 1198 688 1240 Facilius
715 1199 765 1238 ad

110 1274 163 1307 ea,
186 1270 277 1310 quae
298 1254 385 1304 visa,
410 1268 519 1308 quam
530 1254 765 1308 adilla‚quae

110 1313 238 1353 audita
246 1311 354 1363 sunt,
377 1312 507 1349 mentis
529 1310 624 1350 oculi
632 1312 764 1362 ferun·

113 1371 206 1420 zur).
262 1372 366 1420 Ergo
385 1365 569 1417 vifizfim,
590 1363 693 1405 senfi.
725 1376 765 1406 vt

111 1424 300 1478 Virgilius
320 1425 443 1475 (Aen.
463 1435 525 1472 v1,
560 1426 680 1474 257.)
710 1444 765 1452 —-

112 1504 170 1514 ..-
206 1480 377 1532 vifizeque
405 1491 506 1517 canes
535 1477 677 1518 vlulare
695 1487 765 1530 per

111 1536 290 1582 vmbram,
308 1534 539 1573 Aduentame
555 1534 652 1573 Dea.
683 1536 733 1574 D.

169 1593 308 1633 Audire
333 1590 474 1643 vocem]
506 1591 614 1629 Haec
640 1591 766 1628 Sceua

110 1647 367 1690 sublationem
402 1658 608 1685 munerum
639 1655 760 1691 tenet,

110 1707 261 1758 quippe
278 1706 465 1742 Parmeno
485 1701 679 1739 oblaturus
689 1703 766 1740 Ae-

108 1755 327 1812 thiopiffam
345 1769 384 1796 et
393 1755 634 1806 Eunuchum,
654 1768 764 1808 quos,

110 1829 152 1858 vt
171 1824 342 1868 oportet,
376 1809 590 1852 secundum
610 1825 765 1863 praece-

107 1884 220 1927 ptum
237 1869 386 1910 domini
404 1868 584 1907 laudauit.
642 1868 764 1921 Igitur

110 1926 454 1970 demonstratiuum
472 1936 597 1977 genus
617 1922 761 1973 causae,

111 1986 175 2026 vbi
210 1985 290 2022 laus
319 1981 402 2019 erit.
464 1979 541 2018 Sed
573 1981 762 2031 quoniam

112 2037 291 2094 praeseus
317 2035 371 2075 est
396 2034 509 2074 miles
531 2047 571 2075 et
587 2036 672 2075 eius
691 2049 761 2088 pa-

112 2097 250 2143 ramus,
270 2094 340 2134 erit
357 2092 649 2142 etvituperatio.
662 2104 763 2143 quae

114 2151 246 2192 omnia
263 2162 311 2188 ex
331 2147 518 2187 oratoriae
538 2148 626 2187 artis
650 2146 762 2198 parti-

110 2207 181 2248 bus
200 2203 467 2245 traaabuntur.
503 2203 668 2255 Quippe
678 2214 764 2242 cum

113 2263 243 2303 omnis
269 2262 346 2300 laus
364 2260 426 2299 vel
446 2257 673 2309 vituperatio
692 2257 762 2298 ho—

112 2320 238 2359 mines
263 2327 376 2365 taxat,
405 2314 599 2355 diuidatur
617 2328 664 2355 ex
683 2313 764 2354 ani·

111 2375 167 2414 mi
191 2371 389 2412 bonis⁶vel
414 2372 532 2411 malis.
588 2372 694 2411 Haec
723 2380 764 2410 o-

111 2430 221 2471 mnia
231 2423 482 2480 exsequentur
495 2423 560 2466 suo
571 2426 667 2467 loco.
706 2430 765 2468 Ac

113 2486 282 2539 primum
301 2484 410 2523 miles
418 2484 661 2524 meretricem
674 2494 763 2524 con-

112 2542 246 2593 uenit,
275 2548 312 2581 et
329 2537 376 2579 ab
395 2550 439 2580 ea
456 2538 567 2594 petit
581 2549 620 2582 vt
636 2539 757 2600 dicat,

1400 411 1473 456 De

813 526 1143 580 quemadmodum
1175 528 1326 571 donum
1354 527 1472 570 susce-

813 584 925 636 perit.
979 585 1117 623 Audire
1133 598 1254 624 vocem
1272 586 1353 637 vzfiz
1361 586 1471 642 fiam]

811 639 972 679 Pulchre
989 638 1131 679 saelum
1150 651 1189 680 vt
1205 643 1388 681 meretrix
1409 644 1473 681 in-

812 706 871 734 tus
889 695 1017 747 polita,
1047 710 1169 736 vocem
1188 697 1321 738 militis
1339 699 1472 737 audire

811 749 851 790 se
881 752 1031 790 dixerit.
1084 752 1148 792 Est
1173 754 1281 792 enim
1314 751 1475 794 consue-

813 807 907 846 tudo
926 807 1154 856 hominum,
1188 819 1229 847 vt
1255 808 1304 848 ob
1333 823 1474 850 recens

811 877 952 902 munus
986 865 1118 902 omnia
1146 862 1273 905 officia
1299 876 1339 904 et
1364 864 1474 905 obse-

813 920 903 971 quia
951 919 1214 970 praebeamus.
1294 922 1476 973 Superba

812 976 877 1014 illa
894 977 1075 1014 meretrix
1094 986 1133 1014 et
1150 976 1194 1014 in
1213 988 1402 1017 amatores
1416 976 1476 1017 su-

812 1045 865 1081 os,
886 1045 987 1082 quae
996 1042 1034 1071 et
1043 1031 1266 1072 Phaedriam
1279 1035 1396 1085 paulo
1407 1048 1479 1074 an-

812 1097 852 1126 te
872 1085 1081 1127 excluserat
1096 1087 1213 1127 domo
1230 1091 1475 1138 venientem,

813 1156 919 1182 nunc
937 1142 1020 1195 post
1045 1144 1186 1183 munus
1209 1155 1410 1196 acceptum
1431 1159 1474 1185 e-

812 1199 996 1253 greditur,
1016 1211 1055 1239 et
1072 1201 1204 1241 audire
1216 1197 1254 1240 se
1273 1215 1394 1242 vocem
1404 1204 1476 1242 mi-

810 1257 891 1296 litis
912 1256 1017 1294 uicit.
1073 1258 1117 1296 E.

868 1324 894 1352 2
922 1311 1052 1357 salue,
1087 1312 1141 1350 mi
1169 1311 1334 1368 Thrasb]
1366 1315 1474 1366 Quia

813 1363 957 1414 secum,
995 1367 1145 1407 militis:
1177 1370 1269 1419 quia
1295 1371 1399 1422 apud
1428 1371 1475 1410 il-

812 1423 904 1470 lum,
934 1421 1069 1473 Thrasb
1080 1424 1227 1473 (Lestio
1242 1422 1325 1464 satis
1336 1425 1478 1477 proba-

814 1477 911 1519 Edd,
934 1487 1064 1518 tamen
1086 1489 1174 1518 vett.
1204 1479 1474 1533 Qasinomm

814 1544 849 1573 M
862 1547 879 1572 1
893 1546 919 1572 L
931 1546 1045 1574 ITIS
1074 1536 1172 1587 apud
1187 1536 1286 1574 illum
1305 1551 1382 1576 non
1403 1538 1477 1577 ho-

814 1588 950 1637 nestum
964 1589 1043 1642 sit,
1084 1603 1112 1629 τ
1128 1602 1231 1630 HRA
1244 1603 1267 1630 s
1280 1605 1318 1632 o.
1374 1595 1477 1634 Cae-

815 1656 939 1685 terum
967 1644 1014 1683 cf.
1048 1647 1190 1685 Donat.
1221 1646 1269 1685 ad
1300 1646 1472 1699 Adelph.

813 1713 862 1746 11,
884 1713 921 1750 2,
943 1702 1013 1753 3.).
1069 1701 1132 1740 Est
1150 1701 1339 1752 quaedam
1357 1704 1477 1754 attic,

815 1757 921 1795 cuius
963 1768 1109 1795 nomen
1146 1757 1351 1797 honestum
1391 1759 1471 1807 est;

814 1811 905 1850 ficut
932 1822 1077 1860 orator,
1106 1809 1375 1865 philosophus:
1416 1815 1474 1854 est

841 1867 1026 1916 uaedam,
1055 1871 1160 1907 cuius
1181 1880 1329 1908 nomen
1349 1866 1473 1912 offen-

811 1881 892 1962 Fum
911 1923 976 1971 est,
998 1932 1036 1962 vt
1053 1923 1177 1974 miles,
1194 1926 1373 1965 lanarius.
1415 1929 1472 1967 D.

873 1977 991 2020 Thais
1041 1980 1138 2035 mea]
1185 1978 1362 2022 Priscian.
1399 1981 1474 2023 lib.

809 2048 899 2075 xm.
958 2039 998 2076 L.

866 2105 890 2145 3
921 2090 1054 2131 Meum
1065 2089 1262 2147 fimuium]
1281 2089 1471 2135 Triasunt

812 2142 1007 2186 osculandi
1019 2160 1178 2200 genera,
1199 2151 1355 2201 ojculum
1374 2147 1474 2189 scili-

813 2213 885 2251 cet,
916 2200 1061 2253 bqfi'um,
1090 2214 1130 2242 et
1174 2208 1336 2245 nauium.
1398 2206 1472 2257 Os:

811 2258 892 2298 cula
908 2259 1123 2298 officiorum
1135 2256 1238 2299 sunt:
1269 2260 1388 2313 Bafiiz.
1401 2273 1473 2314 pue

811 2315 987 2354 dicorum
1026 2313 1232 2355 affeauum
1253 2331 1261 2356 ε
1317 2320 1471 2374 buauia,

811 2369 1023 2410 libidinum
1053 2371 1113 2409 vel
1144 2383 1329 2412 amorum.
1385 2375 1473 2414 Me-

812 2437 872 2466 um
897 2426 1094 2481 Jitauium]
1141 2430 1248 2469 Cum
1283 2425 1472 2470 osculare-

813 2493 883 2531 tur,
914 2480 1024 2523 dixit.
1079 2482 1184 2537 Qss'd
1209 2486 1390 2539 agitur?]
1420 2487 1470 2527 Et

810 2537 886 2584 hoc
907 2536 1167 2581 blandimenti
1184 2547 1309 2594 'genus
1323 2540 1375 2581 est
1384 2542 1470 2638 psost

922 2598 960 2643 A
977 2609 999 2636 a
1368 2609 1394 2637 o
1415 2610 1473 2637 cu·
