1815 3168
288 180 387 230 274

706 165 863 210 ACT.
894 165 926 209 Ι.
957 162 1151 208 SCEN.
1183 161 1221 208 1.

424 289 637 343 Exclusit:
671 301 871 339 reuocat:
906 284 1116 340 redeam?
1153 304 1260 341 non,
1279 284 1311 334 fi
1331 303 1403 336 me
1424 287 1631 337 obsecret.

355 386 384 436 ς
426 367 462 417 P
479 382 511 414 A
531 382 578 418 R.
612 370 656 415 Si
680 367 859 432 quidem
885 364 1032 411 hercle
1049 361 1197 430 poffis,
1225 363 1336 410 nihil
1359 366 1502 431 priuS,
1523 378 1669 429 neque

523 445 678 491 fortius
694 462 703 489 :

427 525 599 571 Verum
618 517 649 566 fi
673 519 870 585 incipies,
894 531 1040 583 neque
1058 514 1295 584 pertendes
1319 515 1516 566 nauiter:

349 704 445 745 Non
458 701 620 756 perpeti]
649 698 816 741 Aeneid.
850 711 889 742 2.
908 699 958 740 ad

296 757 391 800 vers.
423 772 514 813 155.
552 758 707 810 vestrum
743 755 855 809 testor
892 769 959 797 nu-

296 830 391 857 men.
451 820 493 857 L

353 886 383 927 4
408 867 586 922 Exclusit,
601 867 770 922 reuocat]
801 871 959 910 Vtrum-

297 941 377 980 que
411 927 589 966 iniuriam
630 924 720 964 fecit
747 937 798 963 ex
825 925 958 972 verbo,

297 983 466 1024 dicendo
486 980 649 1034 Exclrfit
668 981 813 1031 potius,
844 993 960 1031 quam

298 1054 376 1082 non
395 1038 549 1089 admisti.
581 1045 620 1074 et
646 1047 795 1074 reuocat
819 1036 960 1087 potius,

300 1109 417 1147 quam
428 1095 527 1147 petit
537 1092 741 1139 veredeam,
762 1090 869 1141 quod
881 1101 961 1130 erat

299 1150 550 1190 moderatius.
607 1147 790 1186 Redeam?
820 1160 906 1195 non,
922 1143 967 1196 fi

299 1221 356 1247 me
385 1204 562 1258 obficret]
591 1203 712 1243 Vides
738 1216 832 1255 ergo
851 1200 960 1254 supe·

299 1264 444 1303 riorern
473 1271 623 1313 partem
647 1258 898 1298 dubitationis
919 1259 963 1297 in

301 1332 352 1359 eo
371 1315 493 1365 fuifi'e,
514 1327 553 1356 vt
574 1326 727 1368 rogatus
739 1314 962 1365 1·ediret(le-

301 1389 387 1430 ge:
431 1377 491 1414 An
522 1384 675 1426 rogatus
710 1371 860 1410 rediret.
914 1372 963 1410 Et

299 1443 418 1476 mox,
448 1431 510 1469 An
535 1441 580 1468 ne
597 1440 754 1482 rogatus
772 1427 964 1480 quidem):

299 1485 543 1533 inferiorem,
576 1493 614 1522 vt
635 1496 688 1522 ne
704 1494 858 1535 rogatus
884 1483 964 1533 qui·

301 1543 406 1583 dem.
440 1537 596 1591 Non,fi
610 1553 664 1579 me
687 1537 868 1593 olybcret]
894 1541 963 1578 Be·

299 1612 356 1640 ne
374 1598 425 1638 de
446 1610 502 1646 ea,
522 1609 633 1648 quae,
668 1605 791 1635 totum
817 1605 964 1647 proter-

298 1669 355 1695 ue
374 1666 521 1708 agens,
549 1652 700 1703 exclusti
730 1662 770 1691 et
790 1664 939 1699 reuocat
949 1666 964 1688 .-

301 1726 399 1760 non,
420 1719 535 1763 petat,
555 1722 641 1758 nec,
663 1719 786 1761 roget,
813 1720 900 1757 nec,
925 1721 965 1746 o·

302 1779 372 1818 ret,
389 1765 469 1813 sed,
491 1763 662 1816 obsecret,
683 1765 834 1816 inquit:
856 1762 963 1815 quod

299 1825 446 1865 horum
486 1822 661 1860 omniurn
696 1821 739 1859 in
773 1821 963 1860 maiorem

305 1890 454 1936 partem
476 1877 531 1917 est
556 1877 742 1916 vltimum.
798 1881 866 1918 1).>

362 1931 528 1984 Exclufi‘t
547 1948 561 1971 .·
605 1931 784 1985 reuocat]
827 1928 965 1972 Rursus

306 1991 442 2033 diuifio
462 1990 526 2041 iila
555 1988 596 2027 in
623 1988 780 2027 alteram
804 1997 967 2038 partem,

306 2063 357 2089 ex
384 2045 573 2086 diuisione
591 2044 676 2092 illa,
705 2057 756 2083 an
776 2041 859 2082 fieri
879 2040 967 2094 pos-

306 2106 360 2153 fit,
387 2113 428 2143 vt
445 2112 590 2142 amator
611 2109 834 2139 contemnat
850 2112 968 2151 quam

308 2161 450 2213 diligit.
507 2159 550 2198 E.
784 2167 789 2173 ·

367 2229 392 2270 5
429 2214 471 2253 Si
511 2211 659 2266 quidem
692 2209 807 2250 hercle
840 2206 968 2263 poffls]

309 2271 484 2326 (videtur
513 2271 687 2308 Donatus
722 2267 840 2306 etiam
874 2265 971 2305 haee

311 2327 430 2369 verba
451 2324 620 2365 tribuere
643 2322 872 2376 Phaedriae)
902 2326 971 2360 διοι-

310 2382 472 2431 λογισμδς
499 2379 601 2433 quafi
633 2379 680 2419 ad
710 2379 892 2419 alterum:
931 2386 973 2417 vt

311 2441 442 2493 (Virg.
465 2441 566 2479 Aen.
586 2449 644 2487 xv,
666 2437 779 2489 541.)
813 2458 869 2465 —
895 2433 970 2484 nes:

313 2499 366 2537 cis
389 2496 469 2542 heu,
493 2493 661 2547 perdita,
696 2490 846 2530 necdum
871 2491 970 2530 Lao-

312 2552 520 2592 medonte-ae
526 2548 650 2598 fintis
652 2549 819 2600 periuria
826 2548 965 2601 gentis.

314 2606 434 2647 Nihil
434 2609 552 2658 prius,
571 2616 683 2656 neque
687 2603 861 2657 fortius]
890 2605 968 2643 De-

312 2663 388 2716 est,
415 2661 473 2718 est.
503 2671 541 2702 vt
560 2662 684 2715 (Aen.
700 2672 730 2712 1,
753 2661 834 2714 3.),
863 2657 968 2702 Mul·

1002 1147 1126 1198 prius,
1155 1159 1269 1198 neque
1276 1146 1429 1197 fortius

1506 594 1670 657 Atque·

1005 711 1086 739 tum
1114 695 1174 737 ilie
1193 710 1228 737 et
1252 699 1366 737 terris
1385 697 1541 736 iac'latus
1558 709 1595 736 et
1614 695 1672 735 al-

1007 769 1057 796 to,
1114 758 1161 796 Et
1176 754 1280 808 prius
1304 752 1422 792 modo
1434 752 1482 791 ad
1499 752 1668 800 laudem,

1007 824 1090 851 non
1118 811 1167 850 ad
1193 809 1374 849 ordinem
1401 809 1590 861 pertinet:
1630 817 1670 846 vt
1694 825 1709 841 ι

1007 866 1202 908 Sallustius
1224 867 1323 919 (lug.
1344 867 1434 919 41)‚
1462 864 1569 919 Qae
1586 864 1670 916 pri·

1006 938 1065 963 ma
1104 923 1277 962 mortales
1306 921 1455 961 ducunt.
1511 922 1558 960 Et
1588 917 1671 972 ipse

1008 981 1051 1019 in
1070 981 1280 1020 Heautont.
1337 980 1387 1018 Et
1407 976 1547 1030 fimuia
1577 987 1671 1029 quae

1009 1034 1125 1087 (Istue,
1146 1037 1271 1088 prima
1289 1032 1432 1073 habere.
1490 1035 1539 1074 D.

1064 1092 1105 1130 si
1126 1091 1272 1143 quidem
1292 1089 1408 1129 hercle
1424 1085 1543 1142 postis,
1573 1085 1674 1127 nihil

1491 1144 1538 1184 Et
1564 1141 1670 1194 quasi

1010 1197 1135 1240 afferit
1162 1200 1244 1241 fieri
1273 1214 1355 1239 non
1375 1145 1492 1252 pod'e.
1548 1200 1672 1241 Dein-

1010 1257 1061 1296 de
1080 1256 1258 1309 adiungit
1278 1255 1324 1294 ab
1347 1255 1532 1304 honesto,
1562 1254 1670 1306 quod

1010 1314 1109 1352 vltro
1143 1314 1193 1352 ad
1222 1325 1302 1351 eam
1334 1314 1469 1350 veniat.
1539 1315 1672 1362 Atque

1011 1368 1080 1408 hic
1099 1368 1278 1422 adiungit
1297 1377 1337 1406 et
1346 1366 1394 1405 ab
1405 1367 1544 1414 inutiii,
1565 1367 1681 1417 quod-

1013 1422 1207 1464 confefl'us
1226 1423 1358 1464 fuerit.
1408 1421 1672 1463 Confideraiis

1012 1481 1185 1535 partibus
1222 1475 1446 1520 adolescens
1475 1478 1673 1518 concludit

1011 1537 1060 1577 ad
1070 1535 1188 1589 ipsam
1200 1534 1323 1576 rursus
1332 1534 1505 1574 delibera
1510 1535 1674 1582 tionem,

1011 1594 1132 1634 Proin
1147 1606 1200 1642 tu,
1221 1593 1307 1632 dum
1324 1589 1372 1642 est
1389 1602 1539 1644 tempus.
1595 1592 1674 1630 Hic

1013 1651 1090 1690 iarn
1109 1647 1298 1701 persuasio
1315 1646 1462 1696 accidit,
1489 1648 1682 1699 quoniam

1013 1706 1200 1759 cogitatio
1231 1703 1403 1756 superior
1429 1716 1479 1743 ex
1511 1713 1676 1755 vtraque

1012 1772 1122 1816 parte
1148 1770 1358 1812 concepta,
1396 1759 1445 1798 ad
1473 1759 1674 1812 integrum

1011 1818 1166 1870 aequali
1201 1816 1483 1870 cogitationum
1521 1816 1676 1856 ratione

1010 1874 1200 1926 prorupit.
1258 1876 1301 1913 E.

1070 1927 1297 1971 Secundum
1322 1931 1524 1968 Donatum
1551 1925 1674 1966 Phae·

1014 1984 1096 2023 dria
1106 1983 1201 2023 haec
1210 1981 1338 2022 secum
1349 1981 1533 2033 loquitur.
1568 1983 1675 2023 Hine

1013 2043 1183 2081 Faernus
1210 2038 1390 2078 inductus
1417 2034 1494 2077 effe
1513 2037 1673 2086 videtur,

1014 2106 1066 2146 vt,
1088 2107 1222 2135 contra
1234 2106 1384 2141 omnem,
1399 2105 1495 2144 quos
1507 2094 1674 2134 viderim

1015 2151 1126 2192 codd.
1169 2149 1381 2191 Phaedriae
1415 2148 1602 2188 tribueret
1637 2163 1676 2189 o-

1017 2209 1126 2249 mnia
1157 2204 1274 2258 vsque
1300 2205 1350 2244 ad
1380 2217 1414 2244 v.
1440 2216 1503 2247 12.
1552 2206 1676 2246 Male.

1018 2264 1176 2306 Etenim
1195 2261 1244 2302 ab
1264 2260 1339 2300 hoc
1365 2257 1471 2300 versu
1490 2274 1526 2314 ς.
1558 2259 1677 2313 vsque

1021 2320 1070 2360 ad
1094 2333 1168 2372 25,
1196 2315 1275 2359 effe
1290 2328 1502 2370 perpetuam
1521 2320 1676 2358 Parme-

1019 2376 1136 2416 nonis
1155 2373 1366 2426 confidentis
1382 2373 1600 2413 orationem
1619 2386 1678 2414 re-

1018 2434 1078 2473 ete
1099 2432 1191 2472 olim
1211 2429 1303 2469 vidit
1319 2433 1508 2471 Muretus.
1565 2431 1611 2469 B.

1073 2490 1101 2531 6
1132 2485 1318 2539 Nauiter]
1349 2488 1387 2525 A
1407 2485 1498 2524 naui
1508 2484 1674 2535 dudum,

1016 2559 1038 2585 a
1065 2556 1137 2596 qua
1168 2544 1210 2582 in
1236 2543 1312 2581 alto
1340 2541 1489 2581 nullum
1506 2539 1677 2582 diuerso.

1014 2600 1114 2642 rium
1132 2597 1199 2639 est.
1252 2602 1303 2640 D.

1031 2678 1034 2679 ν
1071 2655 1205 2714 Neque
1217 2651 1434 2712 pertendes]
1449 2650 1595 2697 Charis.
1605 2650 1673 2692 lib.
