1815 3168
551 108 647 158 HE
662 108 858 153 AVTO
880 107 1097 157 NTIM.

1407 113 1504 170 695

170 251 229 298 25
280 231 370 283 SY-
407 234 550 287 Abiit3
586 236 683 287 vah,
707 230 871 293 rogasse
886 234 1055 280 vellem.
1094 231 1194 282 CL.
1235 234 1373 299 quid?
1411 233 1502 290 SV,

365 311 478 356 vnde
501 310 608 356 mihi
637 321 832 374 peterem
860 310 1029 356 cibum:

263 389 329 432 Ita
350 403 430 432 nos
453 386 674 430 alienauit:
701 383 779 430 tibi
801 385 886 430 iam
911 381 992 429 effe
1013 382 1064 430 ad
1077 383 1498 447 sororemintelligo.

261 457 360 507 CL.
392 453 563 506 Adeon’
583 476 681 506 rem
700 456 881 512 rediisse,
902 469 949 506 vt
961 460 1209 524 periculum
1231 463 1359 507 etiam
1383 462 1498 509 fame

360 535 469 581 mihi
494 533 555 587 sit,
580 534 717 596 Syre?

258 607 349 657 SY.
388 610 530 656 Modo
550 610 673 656 liceat
695 611 857 662 viuere,
877 607 938 655 est
959 609 1067 674 spes.
1107 605 1212 659 CL}
1241 610 1380 674 quae?
1411 609 1493 662 SY.

356 702 437 732 nos
464 685 695 731 esurituros
723 684 832 732 satis.

253 755 353 806 CL.
395 759 554 806 Irrides
579 762 626 805 'm
647 777 694 806 re
717 770 846 813 tanta,
868 776 1012 824 neque
1034 776 1105 807 me
1129 762 1364 824 quicquam
1387 779 1489 810 con-

352 832 444 881 filio
475 834 651 881 adiuuas
663 836 686 879 ’ἓ

160 924 225 974 30
256 905 344 957 ΞΥ.
379 914 523 956 Immo
545 922 587 956 et
607 910 667 955 ibi
687 928 807 957 nunc
829 911 921 957 sum
942 921 986 957 et
1005 912 1136 975 vsque
1157 910 1203 959 id
1216 914 1286 972 egi
1301 911 1483 967 dudum,

274 1032 277 1035 ,
352 984 456 1030 dum
481 985 677 1048 loquitur
699 997 844 1050 pater:

248 1062 330 1114 Et,
359 1070 570 1123 quantum
601 1077 683 1121 ego
708 1062 954 1122 intelligere
972 1059 1163 1130 possum.
1201 1058 1305 1111 CL.
1346 1062 1482 1128 quid?

347 1132 433 1183 ὃν.
471 1152 563 1183 non
585 1136 725 1183 aberit
748 1137 940 1199 longius.
1470 1140 1472 1142 ’

166 1369 221 1412 25
249 1355 374 1411 Abiit]
407 1358 498 1408 Quo
518 1354 667 1398 facilius
695 1367 767 1398 ter-

109 1425 221 1463 reret,
240 1411 354 1453 senex
378 1412 546 1453 diseeffit.
601 1418 642 1454 E.

163 1473 328 1521 Repoue
355 1469 486 1509 Abiit?
523 1470 663 1524 rogassb
695 1470 765 1508 vel-

107 1526 185 1565 lem.
217 1528 261 1567 C.
292 1526 388 1577 quid,
401 1525 517 1574 Syre?
545 1527 582 1567 S.
609 1527 765 1566 vndemi

102 1593 263 1635 peterem
284 1580 399 1620 cibum
409 1580 430 1624 ‘3
485 1584 526 1621 B.

162 1640 215 1679 26
248 1637 334 1677 Tibi
352 1640 426 1676 iam
445 1637 506 1690 qffi:
518 1638 568 1677 ad
573 1637 759 1693 sbrbrem]

1377 1210 1477 1261 CL.

867 1359 1018 1399 Adeone
1036 1359 1128 1414 rem]
1157 1358 1356 1411 Optimum
1369 1357 1473 1409 equi·-

815 1414 906 1455 dem
926 1414 1074 1455 sensum
1095 1429 1142 1454 ex
1162 1415 1376 1454 necestitate
1397 1414 1468 1451 col·

813 1472 953 1510 leoium
993 1473 1034 1511 in
1069 1471 1208 1511 dolore
1248 1467 1470 1509 adolescens

812 1528 1019 1567 collocauit.
1047 1529 1193 1579 quippe
1222 1539 1310 1564 cum
1328 1525 1470 1577 postre-

811 1598 918 1623 mum
938 1584 1113 1622 omnium
1134 1583 1318 1621 malorum
1344 1580 1467 1620 fames

810 1639 864 1679 fit.
919 1640 1104 1690 Denique
1125 1640 1289 1692 (Etenim
1317 1639 1378 1688 Z.)
1408 1635 1468 1674 ob-

101 1691 178 1735 Ms.
207 1695 247 1733 R.
287 1693 345 1733 Ita
377 1707 441 1732 nos
470 1693 645 1733 alienauit
657 1693 761 1744 fibi:
792 1698 1044 1750 scoenamque
1057 1696 1214 1747 famem,
1237 1706 1331 1746 quae
1343 1696 1468 1745 prima

103 1753 179 1791 iam
200 1748 259 1804 iffi’
274 1749 504 1800 adsororem
522 1761 591 1789 etc.
650 1752 694 1790 L.

155 1808 307 1845 Omnes
342 1805 424 1844 sere
460 1806 578 1845 nostri
613 1805 760 1846 habent

101 1862 208 1900 refie
233 1861 477 1911 abalienauit‚
512 1873 552 1901 vt
577 1861 649 1902 fint
665 1866 762 1902 Iam·

99 1918 189 1957 biei.
244 1920 288 1957 B.

154 1986 209 2026 27
240 1973 292 2013 Vt
305 1973 509 2024 periculum
524 1976 634 2013 etiam
644 1973 756 2025 fame

93 2030 187 2069 mihi
205 2029 270 2081 est,
298 2029 442 2083 Syre?]
477 2029 598 2080 Quod
619 2029 671 2068 est
693 2042 756 2068 ex-

96 2096 263 2126 tremum
312 2084 563 2125 miseriarum.
625 2087 752 2126 Etiam

83 2141 327 2194 flzmesames
357 2141 460 2193 apud
478 2142 753 2193 antiquiffimos

93 2198 136 2236 in
167 2199 301 2249 quinta
337 2197 599 2237 declinatione
630 2198 753 2236 nomi-

90 2267 190 2292 num
211 2254 433 2302 variabatur,
458 2267 508 2294 ex
525 2267 602 2305 quo
629 2252 752 2305 potest

93 2305 171 2347 effe
207 2311 402 2363 genitiuus
437 2307 559 2349 casus:
592 2311 681 2360 quia
699 2311 749 2350 C.

92 2363 231 2405 Caesar
260 2367 302 2405 in
328 2366 428 2405 libro
463 2366 513 2405 de
542 2366 748 2418 Analogia,

91 2420 204 2460 huius
224 2423 282 2460 die
303 2433 341 2461 et
359 2422 598 2474 huius-specie
618 2421 754 2460 dicen-

95 2476 187 2515 dum
220 2488 338 2529 putat.
397 2478 590 2518 Sallustius
628 2478 670 2516 in
697 2480 755 2516 lu-

95 2533 234 2585 gurtha
253 2536 356 2585 (cap.
375 2536 484 2587 97.)‚
520 2534 597 2573 Vix
617 2533 752 2571 decima

86 2600 197 2643 parte
219 2590 276 2628 die
296 2588 446 2642 reliqua.
503 2590 580 2632 Vel
599 2589 624 2629 fi
643 2586 752 2641 septi-

90 2658 178 2685 mus
195 2644 307 2686 casus.
364 2647 410 2687 C.

802 1751 965 1804 pericula
983 1751 1086 1794 vito?
1116 1754 1236 1803 (Aen.
1251 1762 1316 1799 111,
1336 1750 1464 1802 367).

861 1867 968 1916 Lege
994 1861 1195 1915 periculum
1222 1864 1332 1900 etiam
1359 1876 1382 1900 a
1400 1861 1463 1912 fit-

807 1933 887 1962 me;
916 1930 979 1958 aut
992 1918 1163 1969 periclum
1174 1918 1293 1969 fame,
1323 1918 1466 1971 geniti-

806 1988 858 2013 uo
891 1975 1054 2024 vetusto,
1092 1985 1129 2013 vt
1155 1975 1333 2028 periclum
1365 1987 1464 2014 mor-

805 2034 869 2072 tis.
927 2034 967 2071 Β.

859 2093 910 2135 28
950 2085 1169 2138 Eficrt'mros
1199 2082 1318 2135 finis]
1360 2084 1462 2131 naec}

802 2150 993 2193 nemaeum
1018 2142 1172 2193 quando
1185 2143 1294 2180 aliter
1308 2138 1458 2190 respon-

802 2200 948 2247 demus,
971 2213 1084 2249 quam
1103 2195 1374 2247 exspe‘damus.
1414 2197 1460 2237 C.

857 2267 911 2308 30
938 2255 1090 2294 Dudum
1126 2255 1165 2292 id
1192 2255 1266 2308 egi]
1308 2253 1462 2293 Scilicet

801 2322 840 2350 vt
857 2311 1074 2351 adiutorem
1092 2321 1130 2348 te
1149 2308 1316 2348 consilio.
1355 2312 1401 2351 C.

856 2379 903 2420 31
938 2367 1096 2421 ‚Qtid‘NJ
1136 2366 1347 2415 Interrupit
1373 2364 1460 2417 Syri

802 2419 1021 2462 sermonem
1047 2421 1230 2473 Clitipho.
1285 2422 1377 2459 Non
1400 2419 1459 2458 ab-

800 2478 890 2525 erit]
922 2477 1093 2525 Pel-ficit,
1128 2477 1232 2528 quod
1250 2476 1379 2515 dicere
1400 2478 1461 2515 in·-

803 2546 974 2586 ceperat,
1006 2548 1042 2585 q.
1067 2533 1101 2572 d.
1118 2545 1242 2585 poter,
1273 2535 1336 2584 qui
1345 2532 1460 2584 fimu-

801 2590 901 2631 lauit
918 2590 962 2642 fi’
989 2589 1177 2641 abfiedere
1198 2603 1234 2629 et
1260 2590 1462 2642 relinquere

910 2649 979 2688 Xx
1007 2659 1035 2700 4
1374 2657 1462 2697 pro·
