1815 3168
693 174 982 220 ANDRIA.

286 303 491 361 Ingeram
522 299 631 346 mala
664 301 832 347 multa?
868 311 996 364 atque
1029 301 1182 365 aliquis
1205 302 1338 358 dicat,

385 377 675 438 promoueris.

1421 192 1439 224 1
1448 181 1511 238 69

1383 307 1512 352 Nihil

282 450 498 496 Multum.
542 449 746 497 molestus
791 462 905 498 certe
938 453 977 498 ei
1011 451 1162 504 fuer03
1207 463 1335 516 atque
1366 457 1515 503 animo

381 541 551 570 morem
577 524 759 586 gessem.

283 596 365 647 ΡΑ
380 613 436 647 Μ.
475 601 676 654 Charine,
700 613 743 648 et
763 618 833 648 me
857 613 900 649 et
921 611 964 649 te
986 602 1271 667 imprudens,
1304 601 1382 650 nifi
1407 605 1515 668 quid

382 677 443 721 Di
461 675 708 740 respiciunt,
732 677 921 742 perdidi.

150 882 202 910 eo
229 883 441 922 conquerar
466 870 517 910 de
542 870 650 912 hac
638 873 805 913 iniuria·

150 926 226 966 boc
253 929 360 967 enim
390 927 414 966 Γ
418 927 574 981 gnificat
606 929 802 982 expostula·

146 985 221 1030 zio,
243 997 327 1022 cum
348 984 486 1022 iniuria
499 985 535 1023 ei
547 984 710 1025 afficitur
719 999 806 1025 cum

152 1040 281 1090 aliquo
299 1039 468 1090 quaestio
494 1042 517 1066 '¹'
572 1044 614 1081 Ε.

213 1099 261 1138 16
311 1096 482 1151 Ingeram
526 1096 627 1138 mala
674 1096 807 1151 multa]

153 1151 270 1201 Quali
289 1152 380 1200 tela,
409 1149 513 1191 irase
535 1153 627 1193 dicit
642 1153 810 1207 ingestu-

153 1220 237 1246 rum
276 1208 385 1246 mala.
437 1211 562 1262 Atque
595 1209 728 1262 aliquis
759 1210 812 1249 di-

152 1276 225 1311 cat,
255 1263 350 1303 nihil
370 1266 620 1320 promoueris]
649 1269 734 1306 Hoc
755 1265 810 1304 di-

153 1320 217 1367 cit,
237 1322 283 1359 Et
300 1318 325 1357 fi
344 1320 477 1359 existat
501 1322 638 1372 aliquis
657 1323 722 1373 qui
740 1322 810 1361 mi-

152 1374 197 1413 hi
220 1374 335 1422 dicat,
362 1376 467 1425 Quid
492 1376 725 1427 profeceris?
752 1390 811 1417 re-

151 1428 369 1482 spondebo,
389 1432 569 1473 Multum.
626 1436 674 1474 D.

210 1485 325 1524 Nihil
353 1486 596 1537 promoueris]
641 1485 730 1540 (Ms.
762 1488 811 1527 al-

154 1552 233 1581 ter:
266 1545 386 1594 Atque
408 1545 543 1596 uliquis
565 1546 664 1584 dicat
675 1561 688 1581 .·
715 1545 814 1583 nihil

147 1601 421 1650 proinoueris):
441 1603 547 1639 Haec
559 1600 658 1650 quali
676 1601 811 1652 periu-

156 1654 459 1706 terrogationem
473 1667 683 1706 ponuntur.
706 1658 808 1697 Cum

153 1708 198 1748 sit
218 1710 319 1747 enim
342 1709 414 1748 hoc
426 1710 622 1749 confilium
635 1711 808 1759 Charini,

156 1776 195 1803 vt
206 1762 483 1805 accusationem
494 1767 645 1819 ingerat
656 1769 696 1805 in
707 1770 811 1807 Pam-

156 1819 328 1872 philum,
358 1823 545 1873 proponit
571 1821 635 1861 fibi
670 1824 711 1861 in
730 1823 810 1861 irri-

155 1887 237 1914 tum
263 1875 539 1917 accusationem
570 1890 810 1918 euenturam.

153 1933 289 1991 Itaque
315 1932 417 1984 quasi
446 1934 580 1986 aliquis
606 1934 714 1983 dicat,
735 1933 809 1973 [ι’-ιι

153 1987 227 2026 stra
253 1984 511 2029 accusaturum
537 1987 615 2029 efie
632 1989 808 2054 Pamphi·

154 2043 248 2082 lum.
303 2046 344 2085 Si
370 2049 452 2098 quis
478 2060 563 2101 ergo
593 2046 639 2098 est
663 2049 727 2100 qui
749 2046 807 2085 di-

156 2099 605 2153 cat,mh1lpromvuerts
627 2114 810 2154 tanquam

156 2153 350 2207 respomio
378 2155 620 2211 subiungitur
645 2159 809 2199 verbum

157 2211 252 2250 illud
273 2213 376 2263 quod
405 2211 593 2265 sequitur,
620 2215 811 2254 Multum:

156 2265 229 2306 hoc
254 2268 326 2316 est,
361 2271 523 2309 multum
564 2283 809 2321 promouere,

158 2323 250 2362 dum
280 2338 406 2365 meam
433 2328 648 2379 compleam
677 2329 812 2367 volun-

160 2390 285 2420 tatem.
345 2384 388 2421 E.

216 2436 385 2489 Ingeram
410 2439 506 2478 mala
530 2437 660 2486 multa]
693 2440 811 2479 Plaut.

158 2486 326 2530 ΡΓοιΗάοΙ
349 2495 814 2550 Ac}.1,2,125.1ngere

158 2548 253 2585 mula
273 2548 395 2587 multa
426 2553 664 2606 Ps.1amego
686 2565 721 2590 te
741 2552 813 2603 elif

88 2631 93 2639 s
148 2605 278 2654 setam
297 2604 399 2643 ἄιείίς
418 2610 512 2648 meis.
569 2612 608 2648 L.

221 2669 270 2710 17
307 2659 485 2706 Multum]
534 2667 626 2706 Non
659 2660 813 2703 subiun-

1413 757 1517 805 Cn.

853 874 929 922 xit,
970 873 1165 926 quomodo
1203 874 1403 914 multum?
1450 871 1517 916 sed

854 930 949 970 illud
987 929 1136 970 faciam.
1191 930 1379 979 Multum]
1422 930 1517 970 Sub·

858 987 1030 1033 auditur,
1064 998 1281 1039 pr.omoueo
1340 986 1516 1038 Molestus

860 1056 957 1081 certe
981 1046 1013 1082 ei
1027 1042 1160 1094 ⁴luera]
1190 1041 1322 1082 Tmns
1325 1054 1407 1082 tum
1424 1042 1518 1082 fecit

859 1099 1038 1146 dicendo,
1057 1097 1239 1149 Molestus
1260 1112 1357 1137 certe
1376 1102 1408 1136 ei
1427 1102 1518 1151 fite-

858 1168 914 1196 ro,
940 1154 1013 1194 hoc
1032 1154 1105 1201 est,
1130 1155 1155 1193 fi
1175 1154 1272 1193 nihil
1303 1155 1406 1193 aliud
1425 1168 1517 1205 pro-

858 1224 1035 1259 mouei-,o
1057 1220 1161 1250 certe
1181 1212 1216 1248 ei
1235 1210 1414 1250 molestus
1436 1210 1515 1250 fue-

859 1281 917 1307 1·.o
974 1269 1094 1319 Atque
1122 1269 1244 1305 animo
1276 1281 1411 1305 mmem
1435 1266 1518 1322 ges

848 1321 955 1375 fi’ro]
984 1323 1066 1363 Ent
1081 1321 1218 1361 frufilus
1228 1322 1453 1362 iracundiae
1465 1335 1515 1361 ex

859 1378 1036 1422 vindici&
1091 1381 1138 1418 Et
1173 1391 1242 1428 per
1276 1379 1517 1417 iracundiam

859 1446 976 1485 atque
1003 1433 1263 1473 turbationem
1290 1447 1371 1472 non
1402 1436 1517 1473 inue-

860 1491 926 1539 nit,
948 1488 1050 1540 quod
1069 1488 1111 1527 iit
1128 1490 1310 1528 multum:
1341 1489 1442 1528 aliud
1459 1503 1516 1528 er-

859 1559 911 1598 go
939 1546 1109 1592 inuenit,
1147 1545 1323 1584 molestus
1353 1557 1457 1584 certe
1478 1546 1515 1585 ei

857 1590 984 1641 luero.
1039 1604 1089 1641 D.

916 1660 977 1697 Ne
1008 1668 1157 1695 temere
1179 1655 1412 1696 Trochaicos
1435 1657 1516 1696 duo

858 1712 1046 1751 Iambicus
1092 1712 1259 1761 excipiat
1278 1743 1286 1759 ‚
1347 1725 1518 1752 mutetur

858 1768 1027 1806 [Multum
1054 1768 1095 1805 in
1124 1768 1220 1807 Nil?
1254 1778 1292 1806 vt
1315 1770 1417 1808 Eun.
1450 1782 1516 1817 iv,

859 1835 907 1869 2,
940 1837 1002 1865 10.
1062 1826 1102 1862 Β.

919 1888 965 1929 18
1009 1878 1192 1926 Charine,
1224 1892 1260 1918 et
1284 1893 1360 1928 me,
1397 1893 1434 1920 et
1459 1879 1513 1935 te]

859 1936 964 1977 Mire
984 1946 1022 1974 et
1043 1933 1238 1974 artificiose
1265 1934 1379 1982 fecit,
1408 1940 1514 1977 Pam

859 1990 1006 2044 philum
1018 1992 1187 2043 priorem
1200 1992 1356 2042 alloqui,
1373 1992 1419 2031 ad
1434 2006 1518 2043 per·

857 2047 1108 2101 fringendam
1125 2047 1362 2086 iracundiam
1380 2048 1518 2088 Chari-

859 2105 912 2143 ni.
943 2104 1115 2154 alioquin
1139 2103 1165 2142 fi
1184 2105 1288 2154 prior
1311 2103 1516 2143 vociferari

858 2158 1049 2212 potuill'et,
1072 2161 1215 2212 tragica
1235 2159 1515 2199 exclamatione

859 2213 938 2255 vsus
967 2212 1105 2254 suiffet.
1160 2215 1392 2267 Imprudens]
1439 2219 1517 2256 De-

857 2271 980 2312 fensio
1001 2271 1048 2310 ab
1067 2271 1339 2322 imprudentia.
1368 2272 1516 2311 etenim

861 2328 928 2367 nifi
959 2328 1087 2366 bonae
1119 2325 1211 2366 efl'et
1240 2325 1513 2377 conscientiae,

862 2397 1062 2434 nunquam
1098 2382 1244 2423 diceret
1281 2397 1317 2422 te
1349 2384 1511 2437 perdidi,

862 2450 1101 2492 purgaturus.
1161 2443 1210 2480 D.

919 2496 1086 2543 Charine,
1108 2509 1141 2534 et
1153 2509 1218 2543 me,
1243 2508 1278 2535 et
1292 2499 1343 2547 te]
1372 2495 1516 2540 Hicin-

864 2552 956 2603 cipit
985 2527 1177 2599 defeiifim
1209 2562 1248 2590 et
1275 2550 1381 2590 fimul
1404 2552 1516 2590 stitis

863 2622 884 2647 x
889 2608 1022 2646 enialis
1034 2621 1102 2659 per
1120 2607 1432 2659 imprudentiam.
1464 2610 1518 2647 At

862 2662 1054 2707 Charinus
1072 2661 1315 2716 perseuer'at
1306 2676 1346 2704 in
1374 2663 1479 2703 acco}
1483 2678 1519 2701 ι

970 2722 1002 2761 L
1030 2731 1052 2772 5
1398 2721 1516 2767 tione,
