1815 3168
319 137 420 181 ,610

718 128 872 172 ACT.
909 127 980 171 ΙΙΙ.
1021 124 1214 169 SCEN.
1248 123 1278 166 Ι.

356 277 422 322 40
458 254 642 307 Habet-i,
663 253 838 317 quiduis
864 254 963 299 dare
986 253 1125 314 cupis.
1159 266 1275 301 nam,
1302 260 1347 295 vt
1371 259 1419 295 tu
1442 248 1555 300 scias,

465 337 613 387 Quam
635 347 682 376 ca
702 346 818 375 nunc
839 324 1045 374 instrut'la
1068 325 1253 389 pulchre
1269 325 1319 369 ad
1332 325 1572 387 perniciem
1595 320 1687 368 ssei:

464 409 674 456 Primum,
698 407 782 450 iam
802 402 974 448 ancillas
1000 401 1142 447 secum
1166 399 1341 445 adduxit
1362 399 1461 463 plns
1493 398 1656 450 decem,

470 486 679 528 Oneratas
701 477 813 526 veste
834 488 962 540 atque
984 492 1112 522 auro:
1152 479 1348 539 Satrapes
1372 472 1401 519 fi
1421 471 1497 520 fiet

469 563 665 607 Amator,
690 569 915 616 nunquam
936 548 1116 598 sufferre
1140 553 1231 596 eius
1251 550 1414 596 sumtus
1435 558 1578 611 queat,

369 649 435 699 45
467 632 652 682 Nedum
665 641 711 676 tu
723 627 865 694 pollis.
879 624 975 676 ME.
991 624 1105 684 estne
1119 643 1163 672 ca
1180 627 1330 672 intus?
1356 622 1453 672 CH.
1477 621 1698 682 sitrogas'l

332 887 546 947 fignificant
569 887 619 927 ad
636 898 868 941 augmentum
886 883 997 935 osten-

340 948 505 988 dendum,
563 945 666 983 Hinc
693 942 848 990 dicitur,
886 942 998 980 inter-

330 1004 473 1056 fiHus.
532 1012 558 1039 F
569 1012 596 1038 A
607 1011 636 1037 E
649 1011 677 1037 R
690 1010 735 1037 N.

1555 730 1699 781 Sensi:

1044 883 1199 924 Graecis
1225 881 1457 934 prouinciae
1481 876 1700 933 praefe&us

1046 939 1197 978 dicitur.
1254 940 1304 979 C.

1102 997 1285 1034 Oneratas
1320 992 1411 1047 veste
1440 1005 1547 1045 atque
1589 989 1700 1043 auro]

395 1070 451 1107 40
486 1054 649 1108 Qiduis
677 1053 767 1092 dare
791 1051 910 1104 cupis]
949 1054 998 1090 Et
1044 1052 1179 1089 Parum
1200 1048 1366 1097 dixerat,
1397 1047 1545 1089 ancilias
1571 1047 1705 1090 decem,

340 1113 415 1153 hoe
433 1111 488 1151 est
508 1110 654 1149 nimiae
677 1108 875 1160 largitatis.
906 1107 955 1146 C.

398 1166 563 1226 ιρίαίἰιιίς
592 1166 681 1204 dare
708 1163 823 1216 cupis]
853 1163 940 1202 Scio
962 1174 998 1199 e-

342 1226 425 1265 nim
443 1221 704 1275 quodcunque
728 1218 916 1258 defideras
939 1217 999 1256 da-

344 1296 400 1322 re.
457 1284 503 1321 E.

398 1348 449 1388 41
479 1333 610 1386 Num]
641 1336 714 1372 Pro
744 1329 881 1376 multo,
910 1330 1000 1368 alias

345 1407 418 1445 pro
452 1392 604 1430 minimo
634 1387 711 1435 est,
757 1397 796 1426 et
828 1385 878 1424 fic
909 1384 1006 1425 dixit

347 1448 455 1501 quod
476 1445 583 1497 supra
601 1444 785 1483 vehemens
805 1444 844 1481 in
870 1455 1003 1481 vtram-

347 1518 414 1559 que
438 1515 595 1555 partem.
648 1502 752 1552 Ergo
781 1497 904 1550 accipi
925 1507 1006 1549 pot-

347 1560 402 1600 est
440 1572 511 1612 pro
552 1556 738 1609 qualitate
777 1551 1005 1594 sententiae.

404 1672 535 1727 ‚Quam
545 1682 586 1707 ea
598 1680 695 1707 nunc
713 1665 905 1719 instruc‘ta]
933 1668 1008 1705 Ve-

353 1741 439 1767 rum
460 1738 495 1765 vt
507 1725 617 1776 poffis
628 1723 865 1775 intelligere,
879 1735 1009 1772 quem-

352 1782 559 1822 admodum
594 1794 697 1820 nunc
726 1779 793 1817 illa
822 1778 1009 1817 meretrix

352 1839 529 1878 insti-usta
547 1836 590 1875 fit
607 1832 788 1875 aduersus
806 1834 926 1872 filium
951 1844 1008 1871 tn-

353 1909 432 1939 um,
454 1905 493 1932 et
511 1892 557 1931 ad
577 1904 696 1944 quam
714 1891 930 1942 perniciem
948 1888 1009 1927 ad-

354 1951 462 1990 iecTta.
520 1951 562 1988 E.

406 2018 461 2058 42
497 2004 685 2049 Primum,
733 2002 809 2039 iam
841 1999 1010 2052 ancillas]

355 2066 404 2104 Et
431 2061 503 2099 hoc
525 2059 580 2098 est
596 2058 746 2111 signum
764 2058 870 2095 illam
888 2054 1013 2107 probe

355 2117 575 2158 instrue‘lam
594 2114 642 2153 ad
654 2111 903 2163 expilandum
915 2125 1013 2150 ama-

358 2186 472 2215 tores.
556 2170 643 2210 Plus
699 2167 843 2221 decem]
901 2167 1014 2207 Dixit

359 2226 689 2282 quemadmodum
709 2224 879 2270 dicimus,
896 2225 1012 2276 magis

360 2289 496 2333 decem,
524 2285 566 2322 in
587 2280 724 2333 quibus
741 2283 857 2334 magis
875 2289 914 2318 et
929 2282 1014 2331 plus

360 2341 447 2381 sunt
488 2338 682 2378 aduerbia.
747 2338 924 2376 Solemus
963 2345 1014 2373 ta-

359 2410 452 2436 men
485 2393 635 2447 saepius
661 2404 863 2444 apponere
889 2403 1009 2443 quam,

362 2466 410 2500 vt,
435 2449 730 2501 adduxitficum
744 2447 825 2500 plus
841 2459 948 2499 quam
959 2448 1016 2485 de-

358 2523 443 2547 cem.
501 2510 649 2547 Verum
692 2506 888 2543 auetorum
932 2501 1014 2549 vsus

358 2563 507 2616 semper
525 2562 579 2601 est
601 2558 830 2612 sequendus.
883 2560 929 2601 C.

412 2632 472 2675 43
521 2614 722 2672 Satrapes]
776 2615 946 2671 Satrapes
993 2628 1017 2656 a

1047 1118 1148 1156 quae
1165 1117 1224 1144 res
1245 1106 1442 1143 tantumin
1455 1116 1618 1143 numero
1632 1101 1706 1139 col-

1048 1163 1170 1201 locata
1202 1159 1421 1199 videbatur:
1451 1159 1593 1198 adiecit
1621 1171 1706 1195 one-

1050 1231 1153 1256 ratas
1175 1216 1267 1269 veste
1278 1227 1388 1268 atque
1406 1228 1507 1261 aurv,
1529 1227 1565 1253 vt
1582 1213 1704 1265 pudo-

1050 1275 1082 1312 ri
1108 1273 1151 1311 fit
1178 1274 1332 1310 ancillas
1358 1273 1454 1310 tales
1483 1272 1534 1309 ita
1554 1268 1704 1309 vestitas

1050 1329 1131 1369 leui
1153 1328 1237 1368 cibo
1258 1325 1421 1379 pascere,
1441 1338 1503 1365 aut
1514 1336 1614 1365 certe
1635 1323 1707 1363 ser.-

1053 1386 1132 1424 uili.
1189 1384 1360 1436 Satrapes
1377 1382 1467 1437 fiat]
1498 1380 1614 1433 Apud
1641 1384 1707 1420 Ba-

1051 1441 1234 1495 bylonios
1268 1438 1435 1489 satrapae
1464 1438 1709 1491 appellantur

1053 1496 1234 1542 ditiffimi,
1249 1508 1286 1535 et
1300 1493 1473 1534 satellites
1486 1507 1634 1547 regum.
1664 1495 1707 1532 E.

1110 1554 1244 1593 Scribe
1280 1553 1451 1603 Satrapa.
1506 1553 1604 1590 Nam
1633 1549 1710 1600 pri—

1055 1622 1162 1648 mum
1182 1608 1268 1646 cod.
1287 1620 1380 1660 900.
1390 1619 1580 1645 annorum
1592 1604 1712 1643 habet

1055 1667 1232 1716 Satrapas
1243 1663 1379 1714 sistat,
1401 1674 1440 1702 vt
1458 1667 1558 1703 Eun.
1579 1674 1639 1710 1v,
1670 1672 1709 1713 7,

1060 1734 1123 1774 19.
1153 1721 1270 1768 idem,
1291 1720 1423 1758 Armas
1436 1719 1638 1770 stipientem
1654 1718 1716 1755 de-

1058 1791 1121 1816 cet.
1154 1802 1157 1805 ι
1178 1771 1405 1818 Deinde'ob
1415 1776 1634 1827 analogiam
1644 1773 1710 1811 lin-

1059 1845 1171 1886 guae,
1191 1846 1224 1870 =.·.
1249 1845 1281 1869 c.
1311 1845 1330 1869 a
1350 1831 1490 1874 Ποιητής
1508 1830 1549 1868 fit
1578 1830 1715 1880 lanpe-

1057 1903 1131 1927 eza.
1198 1887 1300 1927 Hinc
1340 1884 1567 1925 Glossarium
1604 1895 1715 1924 vetus

1060 1943 1221 1996 Cyrilli:
1245 1947 1430 1991 Σατράπης,
1443 1943 1614 1994 Satrapa.
1644 1943 1685 1980 B.

1111 2011 1164 2051 45
1185 1999 1333 2039 Nedum
1344 2011 1386 2037 tu
1401 1997 1529 2052 poffis]
1554 1998 1715 2043 Nedum,

1059 2054 1135 2094 hoc
1162 2056 1248 2094 loco
1267 2054 1450 2106 negatiue
1467 2054 1642 2107 ponitur:
1675 2063 1716 2092 vt

1063 2111 1155 2149 Non
1175 2110 1355 2149 crederem
1372 2109 1444 2150 tihi
1466 2109 1627 2156 obolum,
1655 2122 1717 2147 ne-

1061 2167 1148 2205 dum
1170 2178 1240 2220 pro
1271 2179 1306 2205 te
1324 2163 1545 2216 effanderem
1558 2165 1718 2220 fizngui-

1060 2236 1151 2262 nem.
1218 2225 1299 2261 Iam
1329 2221 1520 2263 Chremes
1561 2221 1718 2260 Bacchi-

1063 2278 1154 2316 dem
1187 2278 1308 2317 credit
1333 2279 1484 2319 Cliniae
1517 2276 1595 2317 effe
1626 2277 1719 2316 ami-

1063 2346 1158 2372 cam.
1201 2336 1246 2373 Et
1267 2332 1426 2373 obser-ua
1438 2334 1718 2374 Terentianam

1064 2387 1397 2437 consuetudinem,
1424 2392 1490 2441 qui
1502 2390 1649 2429 inducit
1660 2390 1720 2427 ni-

1062 2445 1118 2484 hil
1154 2443 1287 2496 sapere
1318 2459 1382 2486 eos
1418 2447 1484 2498 qui
1519 2445 1715 2485 falluntur.
1758 2487 1763 2489 ,

1062 2500 1123 2542 Est
1158 2512 1432 2555 argumentum
1457 2517 1479 2541 a
1508 2502 1643 2541 maiori
1668 2501 1716 2539 ad

1062 2558 1197 2605 minus,
1216 2571 1306 2597 nam
1325 2558 1352 2596 fi
1370 2571 1450 2597 non
1465 2557 1717 2610 poffitmaior,

1065 2612 1170 2658 idem
1187 2626 1260 2655 nec
1283 2615 1421 2657 minor.
1479 2615 1526 2657 C.
1706 2618 1710 2623 “
