1815 3168
516 146 888 218 'TERENTII
923 174 1111 220 v1TA.
1391 188 1504 218 xxxv

135 293 289 347 quidem
324 291 407 329 eius
439 291 527 330 libri
560 292 799 343 permaxime
825 292 992 337 iambico
1021 303 1145 331 metro
1174 291 1363 341 constant,
1402 292 1496 331 licet

133 364 214 390 non
234 346 422 386 vniformi.
482 349 635 401 Prologi
658 361 747 387 vero
767 350 945 387 omnium
963 349 1146 388 librorum
1173 349 1340 386 ternario
1360 347 1492 386 iambi-

133 420 176 444 co
195 403 387 443 cataleclio
408 403 604 452 compositi
626 402 731 453 sunt,
765 402 829 444 sex
861 404 1026 456 pedibus
1054 418 1125 455 pro
1153 404 1271 442 tribus
1295 414 1491 454 computa·

129 463 185 501 tis.
241 462 337 499 Nam
368 456 517 497 diuersa
544 457 629 498 sunt
656 474 801 514 genera
831 460 990 509 iambici
1011 461 1133 499 metri.
1191 459 1255 501 Est
1276 461 1382 499 enim
1411 471 1490 497 mo·

128 526 366 562 nometrum,
396 515 500 566 quod
529 515 673 555 constat
690 515 840 554 duobus
859 516 1014 555 iambis:
1045 516 1098 555 est
1122 516 1348 562 dimetrum,
1383 513 1490 564 quod

127 582 309 625 quatuor:
349 570 403 609 est
427 572 642 609 trimetrum
661 603 669 620 ,
708 572 810 623 quod
844 569 928 610 sex:
971 571 1025 611 est
1050 572 1334 618 tetrametrum,
1379 569 1488 620 quod

126 629 230 667 octo:
262 625 317 665 est
337 638 642 678 pentametrum,
673 625 737 666 sed
754 641 837 672 raro
857 628 1080 667 inuenitur:
1109 629 1150 666 in
1178 627 1314 678 quibus
1332 625 1400 673 ista
1422 626 1488 665 lex
1522 634 1528 645 ²

124 681 359 729 obseruatur,
395 694 433 721 vt
461 681 612 733 semper
641 683 720 722 duo
741 683 859 723 iambi
879 698 949 735 pro
969 698 1044 722 vno
1069 683 1173 735 pede
1200 691 1483 734 computentur,

122 738 172 778 ob
193 738 429 778 celeritatem
452 740 660 790 temporis,
693 754 805 790 quam
827 751 1039 791 occupant,
1058 739 1162 787 teste
1180 740 1354 784 Horatio⁴
1371 740 1413 776 in
1443 738 1485 775 li-

121 795 188 833 bro
217 795 404 834 Poeticae.
459 796 633 834 Imitatur
667 807 796 835 autem
825 797 1040 842 Naeuium,
1071 797 1265 839 Plautum,
1294 794 1483 840 Ennium,

120 862 272 889 tereres
295 851 496 899 Comicos,
526 852 816 903 praecipueque
835 850 1122 899 Menandrum,
1159 852 1222 903 qui
1246 852 1370 904 longe
1391 859 1483 888 ante

118 905 240 958 ipsum
267 906 360 945 duas
388 906 544 946 Fabulas
571 905 780 959 descriplit,
820 908 862 946 in
884 911 976 958 quas
998 907 1183 947 transtulit
1207 907 1396 958 quaedam
1432 917 1482 944 ex

115 960 310 1002 Perinthia
331 962 449 1010 illius,
484 975 584 1013 quae
603 976 829 1003 conuenere
848 975 923 1002 tam
944 966 984 1003 in
1005 961 1136 1012 sensu,
1172 976 1289 1014 quarn
1310 964 1352 1001 in
1372 957 1479 1000 stilo:

115 1017 338 1068 idcircoque
368 1019 538 1071 grauiter
562 1018 924 1070 reprehendebatur
948 1019 1002 1067 *ab
1031 1020 1202 1059 aemulis.
1261 1023 1314 1058 At
1345 1029 1476 1056 tamen

114 1074 341 1119 notandum,
362 1075 464 1113 inter
481 1088 616 1114 omnes
640 1077 822 1117 Comicos
840 1076 949 1115 istum
967 1077 1201 1117 Terentium
1223 1075 1270 1115 ab
1290 1074 1363 1113 hoc
1377 1075 1480 1125 prin—

113 1130 345 1180 cipalitatem
365 1130 564 1181 poffidere,
588 1144 708 1182 quum
722 1133 998 1184 proprietatem
1017 1131 1222 1171 verborum
1241 1145 1335 1184 prae
1356 1129 1478 1168 omni-

113 1185 184 1224 bus
197 1183 424 1225 Obseruauit.
482 1186 581 1226 Illud
593 1188 708 1226 etiam
725 1187 1128 1236 animaduertendum,
1139 1187 1206 1227 has·
1218 1187 1378 1232 Fabulas
1390 1198 1474 1224 non

112 1242 158 1280 ab
178 1239 257 1291 ipso
277 1243 450 1284 recitatas
462 1240 539 1282 effe
552 1244 592 1281 in
605 1245 750 1283 Senatu
765 1247 909 1296 (Scena
927 1246 997 1294 Z),
1018 1242 1475 1294 sedaCalliopioclariffi-

109 1310 174 1336 mo
187 1299 287 1344 Viro,
311 1295 471 1349 satisque
492 1299 656 1344 erudito,
677 1301 737 1338 cui
752 1298 833 1351 ipse
855 1301 1065 1352 praecipue
1087 1300 1334 1348 adhaerebat,
1355 1295 1479 1337 cuius-

112 1366 189 1403 que
209 1366 285 1404 ope
301 1350 595 1401 sustentabatur,
627 1367 668 1394 et
693 1357 917 1396 auam-irate
945 1356 1186 1398 audiebatur.
1245 1355 1474 1398 Modulator

109 1420 239 1447 autem
266 1408 397 1446 harum
416 1409 641 1450 Fabularum
658 1410 731 1449 fuit
750 1413 926 1459 Flaccus,
958 1410 1261 1464 quotiescunque
1281 1412 1387 1451 enim
1416 1423 1474 1449 re.

110 1463 340 1511 citabantur,
370 1475 451 1502 erat
469 1465 708 1515 modulator,
741 1478 778 1506 et
797 1468 880 1514 alii,
914 1469 980 1518 qui
999 1467 1106 1520 gestu
1128 1469 1295 1518 corporis
1314 1465 1473 1505 eosdem

108 1519 266 1558 affectus
291 1519 468 1572 agebant.
526 1523 743 1562 Comoedia
765 1525 873 1562 enim
895 1524 945 1561 ita
963 1524 1128 1572 constat,
1159 1535 1199 1565 vt
1219 1521 1300 1562 non
1321 1530 1381 1561 res
1402 1535 1470 1576 ge·
1499 1520 1501 1523 ’

108 1575 178 1614 stas
206 1589 315 1614 more
346 1574 584 1615 historiarum
613 1590 763 1627 narret,
792 1577 857 1618 sed
889 1591 939 1617 ex
975 1580 1265 1630 colloquutione
1296 1576 1471 1629 persona-

108 1645 191 1669 rum
220 1644 279 1669 res
311 1630 414 1683 gesta
442 1631 814 1681 comprehendatur,
849 1633 949 1685 quasi
978 1637 1081 1677 inter
1106 1648 1173 1674 eos
1203 1648 1295 1675 tunc
1323 1645 1470 1687 agatur.

105 1689 193 1726 Hoc
211 1698 369 1737 quoque
388 1687 628 1736 notandum,
660 1690 750 1739 qula
769 1703 849 1727 non
877 1688 1020 1741 absque
1047 1703 1089 1730 re
1108 1692 1300 1744 imagines
1315 1691 1469 1729 Teren-

106 1743 234 1781 tianae
251 1741 402 1794 turgido
426 1753 464 1779 et
485 1741 615 1781 inflato
635 1756 703 1782 ore
724 1745 951 1796 pinguntur.
1008 1747 1205 1787 Facundia
1224 1748 1333 1786 enim
1355 1757 1393 1784 et
1413 1744 1464 1783 'as-

103 1798 229 1836 fluens
257 1799 481 1848 eloquentia
505 1800 753 1839 comicorum
779 1813 851 1852 per
878 1799 952 1840 hoc
970 1801 1169 1853 innuitur,
1200 1804 1293 1855 quia
1314 1800 1467 1840 fastuosi

104 1854 337 1905 loquuntur,
372 1864 409 1891 vt
433 1855 626 1900 Horatius,

325 1908 521 1961 Iratufisue
541 1910 712 1950 Chremes
733 1912 871 1951 tumido
893 1913 1061 1968 delitigat
1084 1927 1156 1953 ore.

99 1964 273 2005 Nomina
299 1975 427 2021 autem
454 1965 707 2016 Fabularum,
736 1967 815 2007 fiue
833 1968 1033 2009 Librorum
1059 1969 1175 2011 huius
1197 1970 1347 2013 Comici
1378 1967 1464 2010 sunt

100 2020 194 2059 ista:
243 2020 411 2069 Andria,
449 2022 681 2076 Eunuchus,
719 2026 1204 2076 Heautontimorumenos,
1234 2026 1460 2079 Adelphoe,

99 2080 270 2129 Hecyra,
300 2076 500 2121 Phormio,

360 2182 523 2234 PVB.
563 2182 957 2235 TERENTII
998 2183 1196 2235 VITA

195 2295 267 2323 nn
319 2295 570 2324 οῖς-τις.
625 2282 685 2325 D.
744 2283 795 2326 F.
844 2283 1351 2329 PETRARCHAE

96 2366 240 2407 QVAE
272 2367 374 2397 EST
402 2370 463 2397 IN
497 2369 780 2399 EDITIONE
819 2371 1259 2401 MEDIOLANENSI
1315 2373 1461 2404 ANNI

592 2426 964 2456 Mccchxxvl.

96 2499 208 2595 De
225 2504 405 2544 Terentii
426 2505 501 2544 vita
523 2504 563 2543 in
583 2506 751 2555 antiquis
776 2505 880 2545 libris
899 2508 1020 2548 multa
1044 2507 1313 2559 reperiuntur;
1344 2511 1457 2561 plura

213 2560 328 2598 etiam
355 2561 394 2599 in
421 2560 641 2607 modernis,
673 2559 805 2610 scripta
828 2577 899 2613 per
918 2565 1038 2602 varios
1057 2564 1304 2604 scholasticos
1324 2579 1454 2606 rerum

99 2615 271 2666 ignaros:
296 2629 426 2667 eoque
446 2618 541 2656 veris
562 2614 653 2655 falsa
669 2615 886 2657 miscentur.
943 2620 1039 2660 Illud
1066 2621 1246 2671 primum'
1264 2622 1319 2659 rei
1339 2624 1456 2662 totius
1483 2621 1487 2631 ²

98 2669 405 2712 fundamentum.
458 2672 580 2714 Multi
609 2684 762 2726 ponunt
791 2674 1155 2729 Carthaginiensem
1195 2679 1319 2730 patria
1348 2676 1458 2719 fuiss'e

757 2742 777 2767 C
810 2744 830 2783 3
1311 2737 1463 2776 Tereu-
