1815 3168
720 190 1020 240 ANDRIA.

1453 198 1544 248 ¹19

309 322 459 390 Ipsum
484 321 591 369 adeo
616 317 786 386 praesto
809 318 938 366 video
959 333 1061 364 cum
1082 319 1227 362 Dauo,
1260 314 1346 361 hoc
1367 329 1506 375 agam.

246 416 274 465 ς
310 397 388 448 Sl.
426 404 673 460 Vtrumque
707 391 845 441 adeffe
869 392 1013 441 video.
1056 389 1151 440 DA
1167 402 1216 436 V.
1252 389 1375 435 hem!
1409 389 1541 438 serua.

413 471 445 522 S
457 487 489 520 1.
529 471 778 536 Pamphile.>

312 547 407 599 DA
424 562 470 595 v.
513 546 642 603 Quasi
664 539 722 592 de
743 542 982 611 improuiso
1002 540 1165 607 respice
1185 538 1239 586 ad
1252 555 1368 588 eum.
1406 535 1544 585 PAM.

411 626 554 676 ehem,
577 633 714 688 pater.

313 698 466 751 DAV.
502 697 659 745 Probe.
692 693 771 742 Sl.
811 693 946 741 hodie
970 708 1149 742 vxorem
1182 690 1336 742 ducas,
1371 698 1419 737 vt
1444 687 1545 742 dixi,

412 774 533 824 volo.
544 771 549 774 ’

314 849 414 903 ΒΥ.
451 854 590 898 Nunc
611 844 782 903 nostrae
806 846 942 893 timeo
963 844 1100 910 parti,
1139 839 1247 906 quid
1279 840 1353 887 hic
1373 839 1547 904 respon-

416 926 528 973 deat-

316 999 352 1051 P
367 1016 398 1047 A
413 1015 468 1048 M.
508 1003 672 1062 Neque
690 994 794 1051 istic,
813 1011 960 1059 neque
981 993 1083 1041 alibi
1103 993 1280 1057 vsquam
1301 982 1382 1040 tibi
1404 990 1486 1037 erit
1503 990 1551 1036 in

413 1092 486 1124 me
511 1091 649 1124 mora.
693 1069 731 1120 B
745 1086 792 1119 Y.
831 1065 960 1122 hem!

845 1206 977 1262 H4

1398 1201 1553 1245 DAv.

243 1364 273 1404 4
298 1350 380 1390 Hoc
409 1351 535 1405 agam]
567 1352 613 1390 In
640 1347 747 1402 gestu
769 1344 843 1386 est:
894 1359 998 1397 rum,
1025 1358 1128 1385 vxor
1150 1342 1224 1384 tibi
1252 1343 1362 1384 hodie
1394 1340 1558 1381 ducenda

192 1419 283 1447 nam
300 1406 354 1445 est
372 1404 493 1458 figura
510 1406 689 1456 corporis,
722 1400 849 1441 obser·
895 1402 964 1454 est,
1009 1401 1215 1453 Pamphile.

191 1463 317 1502 nantis
338 1461 431 1512 quid
452 1472 597 1515 agatur.
653 1462 703 1500 D.

250 1532 274 1572 5
312 1518 521 1572 Vtrumque]
552 1521 601 1558 Et
622 1517 790 1562 Dauum,
811 1522 852 1552 et

192 1573 448 1626 Pamphilum.
506 1575 554 1612 D.

248 1634 273 1673 6
303 1627 428 1684 Qast'
448 1626 490 1668 de
519 1625 718 1681 improug’fh
745 1624 855 1678 respi-

195 1686 250 1740 ce]
289 1684 448 1725 Interest
474 1684 556 1722 eius
592 1683 658 1734 qui
690 1692 855 1732 repente

195 1741 405 1793 aspexerit:
449 1753 541 1779 nam
577 1737 769 1778 videbitur
799 1737 858 1775 ni·

193 1797 251 1837 hil
270 1793 401 1836 dolose
428 1796 647 1838 locuturus:
674 1804 713 1833 vt
732 1795 857 1843 (Aen.

194 1866 268 1900 ΧΠ,
297 1851 438 1906 671.),
475 1851 664 1906 Magnam
693 1847 854 1900 respexit

194 1910 245 1950 ad
261 1907 400 1949 vrbem.
453 1907 513 1948 De
534 1903 759 1959 improuiso]
792 1901 856 1943 sci-

196 1966 295 2011 lieet,
308 1978 360 2004 ne
369 1964 552 2004 meditata
562 1962 756 2015 intelligat
766 1973 858 2000 eum

197 2018 369 2063 habuiss'e
387 2019 552 2060 confilia.
605 2020 655 2065 D.

251 2090 279 2130 7
310 2076 432 2118 Hodie
463 2079 618 2115 uxorem
646 2074 773 2123 ducas,
813 2083 859 2112 vt

202 2134 296 2182 dixi,
315 2132 413 2185 volo]
445 2132 544 2172 Nolo
563 2144 598 2170 et
624 2131 721 2179 volo,
742 2129 858 2168 nimis

203 2186 407 2241 imperiosa
423 2201 462 2228 et
480 2186 641 2241 superba
660 2185 776 2226 diffio
795 2184 858 2224 est.

204 2255 245 2284 vt
267 2245 380 2292 alibi,
410 2243 529 2296 Pisces
548 2256 706 2282 caeteros
721 2252 860 2295 purga,

207 2302 372 2348 Dromo,
405 2303 592 2356 Congrum
620 2298 727 2350 'stum
745 2299 863 2338 maxi-

208 2370 305 2397 mum
325 2360 364 2395 in
381 2369 479 2410 aqua
491 2356 611 2409 finito
623 2355 744 2394 ludere
768 2356 866 2394 Pau-

211 2413 331 2464 lisper.
351 2412 415 2452 vbi
434 2427 499 2469 ego
517 2424 663 2460 venero,
694 2408 867 2463 exossabi-

214 2481 294 2508 tur:
327 2470 438 2509 Prius
456 2467 554 2509 nolo.
612 2468 662 2507 D.

275 2523 387 2563 Hodie
414 2538 564 2564 ¹uxorem
585 2521 715 2576 ducas]
745 2522 871 2573 Supra

216 2578 325 2617 enim
367 2579 582 2635 Pamphilus
631 2576 710 2629 ipse
764 2576 872 2626 dixit,

222 2632 446 2677 praeteriens
466 2637 571 2678 modo
589 2635 681 2675 mihi
696 2635 798 2688 apud
804 2634 874 2686 fo-

1274 1399 1415 1453 Merito
1463 1410 1558 1451 ergo

898 1471 1017 1507 nune,
1039 1468 1079 1496 vt
1100 1457 1193 1496 dixi.
1250 1460 1294 1497 E.

953 1520 975 1562 8
1011 1514 1125 1553 Nunc
1145 1510 1288 1564 nostrae
1309 1514 1416 1552 timeo
1434 1508 1560 1567 parta]

902 1572 988 1610 Hoc
1021 1583 1071 1609 ex
1099 1565 1263 1621 persona
1294 1566 1477 1621 Byrrhiae
1504 1566 1563 1603 ἰη-

903 1624 1176 1678 telligendum,
1204 1635 1363 1675 propter
1382 1623 1565 1665 timorem

906 1681 1072 1731 domini,
1098 1693 1217 1731 quem
1237 1679 1365 1718 habet.
1420 1681 1465 1718 E.

961 1736 1070 1777 Ordo
1099 1735 1320 1788 verborum,
1351 1733 1493 1785 nostrae
1519 1734 1565 1771 ti-

904 1806 983 1833 meo
996 1794 1102 1845 parti
1120 1791 1226 1830 idem
1247 1791 1438 1842 reperitur
1456 1790 1498 1827 in
1526 1801 1566 1826 o-

904 1849 1062 1889 mnibus
1084 1847 1199 1887 codd.
1224 1846 1381 1894 Fam-ni,
1409 1855 1449 1885 et
1468 1844 1567 1883 meis

907 1907 1120 1961 plerisque.
1176 1907 1217 1944 B.

957 1975 989 2017 *9
1023 1961 1183 2014 Vsquam
1203 1962 1279 2010 ,erit
1298 1960 1338 1998 in
1366 1970 1421 1998 me
1439 1954 1566 2010 mora]

906 2015 1128 2060 Recusantis
1164 2015 1219 2055 est
1247 2015 1371 2068 magis
1392 2045 1401 2063 ,
1452 2026 1570 2064 quam

907 2089 989 2115 non
1017 2074 1186 2114 volentis
1215 2071 1421 2124 (Boeclero
1450 2066 1573 2108 affen-

910 2133 995 2178 tior,
1017 2131 1084 2182 qui
1103 2129 1218 2182 legit,
1246 2128 1339 2167 Non
1372 2125 1572 2178 recusantis

910 2188 958 2239 est
976 2188 1094 2240 magis
1116 2198 1223 2239 quam
1244 2183 1441 2233 volentis),
1480 2194 1572 2219 con-

912 2242 1044 2291 senfio,
1075 2256 1120 2282 ea
1145 2238 1275 2293 segnis
1303 2252 1345 2278 ac
1366 2237 1516 2288 tepida,
1545 2235 1574 2275 fi

911 2300 1068 2352 penitus
1082 2296 1310 2336 confideres.
1339 2295 1451 2344 Hem]
1487 2296 1576 2332 Per-

915 2353 1035 2395 culsus
1055 2352 1129 2392 hoc
1149 2349 1432 2404 di&oBy1·1·hia‚
1455 2350 1578 2387 inter-

916 2412 1084 2452 ieffione
1104 2409 1239 2462 magis,
1252 2420 1366 2459 quam
1380 2405 1500 2445 verbo
1513 2416 1577 2443 ex·

920 2467 1109 2507 clamauit.
1167 2467 1216 2505 D.

976 2524 1125 2562 Omnes
1165 2520 1249 2561 fere
1284 2517 1403 2558 nostri
1449 2527 1580 2555 rotun-

921 2579 1008 2618 dius
1053 2588 1093 2616 et
1138 2587 1261 2616 metro
1306 2572 1582 2614 conuenienti.

920 2648 964 2675 us
975 2635 1125 2687 legunt,
1144 2632 1213 2673 tibi
1225 2632 1297 2672 etit
1308 2628 1473 2681 vsquam.
1506 2632 1550 2669 B.
