1815 3168
320 83 414 135 682

725 84 885 133 ACT.
918 88 973 133 V.
1011 87 1210 141 SCEN.
1240 90 1276 138 1.

438 204 538 257 Με.
564 203 813 259 Non-‘Ca
841 214 962 268 Quid
984 217 1113 263 non?
1133 213 1234 264 ΜΕ.
1257 235 1349 266 non
1362 219 1555 284 inquam.
1578 218 1676 272 Cn.

537 287 778 352 nequeipse
791 289 977 349 gnatus?
999 287 1097 341 ME.
1117 292 1228 339 nihil
1250 294 1442 358 prorsus,
1465 298 1670 347 Chreme.

436 363 582 422 Magis
605 380 744 410 vnum
768 366 895 410 etiam
915 361 1096 421 instare,
1127 378 1175 416 vt
1197 368 1330 417 hodie
1352 369 1673 424 conficerentur

532 440 723 503 nuptiae.

432 507 543 560 CH.
580 516 698 559 Mira
731 531 903 561 narras:
938 517 1044 580 quid
1065 522 1201 582 Syrus
1232 519 1388 568 meus?
1427 539 1486 571 ne
1510 525 1547 571 is
1572 522 1672 590 qui·'

531 587 630 634 dem
651 587 922 653 quicquam?
959 592 1015 640 M
1030 606 1070 639 F..
1111 594 1239 641 nihil.

432 655 540 708 CH.
583 664 918 718 Quamobrem?
955 663 1060 715 ΜΕ.
1097 669 1262 729 nesci03
1295 673 1499 738 equIdem
1508 677 1663 732 miror,

524 740 601 801 qui
620 739 700 786 alia
727 750 816 787 tam
837 742 968 806 plane
989 743 1103 791 scias.

325 829 352 865 2
365 826 390 875 5
427 812 511 861 Sed
534 814 606 862 ille
633 824 761 864 tuum
782 833 959 883 quoque
970 822 1105 883 Syrus
1115 822 1235 872 idem
1244 825 1354 874 mire
1366 823 1490 875 finxit
1500 824 1656 882 filium,

339 1024 390 1055 21
426 1012 539 1068 Non]
568 1014 743 1056 Ridicula
771 1018 943 1071 negatio.

279 1069 349 1109 Illa
367 1082 459 1108 vero
484 1071 699 1123 virgiliana
709 1085 836 1112 amara
847 1074 943 1126 (Ecl.

279 1137 361 1171 111,
392 1126 475 1175 2.),
516 1127 632 1166 Non:
667 1142 793 1168 verum
822 1134 942 1186 Aego-

277 1184 348 1220 nis.
449 1183 536 1227 uid?
563 1182 711 1238 Non?]
749 1187 854 1228 Cum
879 1187 941 1228 ad·

272 1237 484 1276 miratione
501 1241 642 1291 repetit
660 1253 744 1280 nom
802 1245 849 1285 C.

330 1296 404 1333 Pro
423 1294 530 1347 Qtid
547 1296 636 1349 lege
653 1296 747 1351 Qi.
804 1302 845 1339 B.

330 1362 386 1390 22
416 1351 540 1389 Hodie
568 1351 837 1403 conficerentur
873 1368 938 1396 nu-

272 1406 392 1459 ptiae]
416 1408 582 1459 Incipiet
594 1409 777 1459 paulatim
803 1411 936 1466 detegi

268 1461 432 1502 fallacia.
489 1466 589 1504 Nam
608 1463 682 1503 hoc
694 1465 844 1519 signum
864 1469 930 1517 est,

270 1518 443 1559 Cliniam
471 1533 554 1559 non
584 1519 677 1561 falso
695 1522 801 1564 velle
823 1526 932 1568 Anti*

267 1573 430 1626 philam.
487 1579 535 1619 C.

324 1643 377 1683 23
410 1632 471 1671 Ne
489 1635 522 1672 is
532 1633 676 1686 quidem
687 1637 882 1690 quicquam
891 1637 927 1693 2]

263 1684 500 1733 Α’ποσιῶπησις
536 1689 770 1731 admirantis.
845 1697 931 1734 HOC

263 1743 390 1797 magis
402 1745 544 1785 mirum
556 1747 720 1795 videtur,
735 1750 840 1800 quod
853 1763 928 1791 nec

262 1800 384 1851 Syrus
415 1801 534 1841 verba
562 1803 762 1853 iniecerit,
794 1806 842 1845 ad
863 1819 927 1847 ex·

263 1857 530 1906 torquendum
551 1871 768 1911 argentum.
819 1863 865 1903 C.

316 1923 372 1962 24
408 1915 496 1952 Alia
543 1924 622 1954 tam
657 1917 769 1968 plane
804 1917 920 1975 fitius]

255 1966 422 2007 Pulchra
440 1970 617 2011 ironiain
637 1984 741 2024 eum,
768 1975 834 2025 qui
853 1975 919 2014 de-

256 2034 393 2075 ceptus
422 2025 476 2064 fit.
535 2027 584 2067 C.

311 2080 391 2120 Nifi
416 2082 526 2121 malis
541 2080 614 2122 'hic
644 2097 804 2125 omnem
833 2085 917 2128 sen·

253 2137 402 2177 tentiae
422 2151 606 2179 venerem
617 2140 738 2180 exstin
743 2142 821 2195 gui,
831 2156 915 2184 ver-

250 2189 345 2232 bum
379 2193 493 2247 aestio
516 2195 587 2248 ipfi
620 2195 822 2239 Chremeti
850 2202 913 2240 tri-

251 2246 340 2287 bue.
396 2247 437 2290 13'.
536 2279 537 2282 =
775 2288 783 2296 .

299 2315 354 2356 25
392 2305 455 2345 Ille
487 2320 573 2348 tuus
599 2321 746 2363 quoque
773 2309 909 2368 Syrus]

247 2360 383 2411 Quem
405 2373 819 2420 tantumnveteratorem
836 2384 912 2423 pu-

241 2425 343 2469 ἵεις.Κ
377 2418 513 2459 Finxit
540 2419 681 2477 filium]
728 2423 918 2466 Refertur'

240 2471 289 2512 ad
311 2472 352 2512 id
376 2475 483 2524 quod
503 2476 690 2519 Chremes
713 2476 823 2532 supra
846 2481 906 2521 di-

238 2523 314 2575 xit‚*
333 2530 467 2570 Voltus
485 2546 629 2588 quoque
638 2534 826 2577 hominum
828 2536 904 2590 fin·

236 2587 297 2641 git
313 2584 443 2638 s'celus.
504 2589 550 2629 C.

289 2643 362 2685 Sed
400 2642 458 2685 ille
491 2659 595 2688 tuum
624 2646 788 2706 quoque]
826 2652 902 2694 Hic

1591 908 1655 954 Vt

992 1021 1067 1061 iarn
1086 1024 1360 1078 prorumpit'in
1380 1029 1656 1069 narrationem.

992 1076 1077 1126 Ille,
1113 1080 1259 1131 inquit,
1285 1080 1399 1131 Syrus
1429 1088 1520 1123 mire
1546 1098 1652 1124 tuum

983 1131 1104 1184 finxit
1117 1134 1251 1185 filium,
1271 1148 1311 1176 vt
1328 1138 1487 1178 amicam
1508 1141 1589 1179 eius
1607 1150 1650 1180 tu

989 1189 1222 1232 Bacchidem
1240 1189 1412 1246 suspicari
1423 1208 1505 1235 non
1517 1196 1647 1248 postis.

990 1248 1099 1286 Haec
1121 1261 1348 1302 argumenta
1368 1251 1517 1304 colligit
1543 1266 1566 1291 a
1591 1251 1650 1293 fa-

990 1303 1080 1341 eis:
1108 1306 1219 1346 mitto
1252 1307 1325 1345 iam
1343 1306 1503 1358 ostulari
1520 1321 1556 1348 et
1573 1323 1647 1348 am-

981 1360 1143 1412 plexari.
1197 1362 1356 1412 Deinde
1374 1377 1396 1402 a
1415 1363 1513 1413 loco,
1538 1363 1645 1416 quod
1671 1403 1675 1406 ,

985 1416 1027 1454 in
1049 1415 1190 1456 vltimis
1207 1417 1358 1458 aedibus
1379 1433 1481 1459 retro
1502 1421 1644 1460 concla-

982 1483 1027 1510 ue
1042 1471 1204 1524 pofitum
1223 1472 1278 1522 fit,
1310 1488 1387 1527 quo
1409 1476 1464 1516 eis
1483 1477 1643 1517 introla-

980 1540 1043 1568 tus
1072 1528 1119 1580 est
1136 1528 1271 1570 lec‘i'us:
1315 1533 1444 1583 vtique
1483 1532 1641 1575 diceffio

985 1582 1084 1625 haec
1100 1586 1224 1639 longe
1239 1601 1259 1625 a
1278 1585 1482 1640 conspeRu
1499 1590 1640 1630 multo-

983 1655 1068 1680 rum
1085 1641 1214 1694 pofita,
1238 1643 1329 1683 ideo
1355 1642 1473 1684 sumta
1490 1643 1638 1698 conspi-

981 1697 1088 1747 citur,
1109 1709 1147 1738 vt
1162 1700 1288 1754 magis
1305 1699 1453 1739 facinus
1480 1702 1642 1747 celarem

977 1754 1137 1794 Deinde
1168 1755 1272 1807 quod
1302 1756 1456 1810 ingreffi
1474 1755 1638 1810 suntse-

977 1810 1037 1849 lus
1078 1811 1242 1864 Clitipho
1284 1826 1318 1852 et
1345 1813 1433 1864 sola
1464 1814 1632 1858 Bacchis.

970 1868 1081 1906 Haec
1105 1868 1239 1907 dicens
1265 1883 1287 1908 a
1305 1869 1632 1920 praecedentibus

969 1934 1279 1975 argumentatur,
1320 1924 1414 1975 quid
1453 1924 1631 1967 consecu-

968 1988 1052 2017 tum
1090 1979 1153 2028 fit,
1202 1977 1344 2019 scilicet
1386 1982 1627 2024 concubitus,

967 2035 1085 2075 Vnde
1105 2036 1194 2087 quia
1213 2049 1297 2076 rem
1318 2038 1628 2080 conieiluraliter

966 2091 1189 2145 eollegerat,
1216 2092 1334 2139 addit,
1356 2104 1527 2145 operuere
1544 2095 1628 2147 osti-

963 2160 1036 2196 um,
1057 2162 1103 2195 et,
1116 2148 1238 2190 Clinia
1250 2149 1336 2189 haec
1346 2148 1436 2202 fieri
1447 2150 1624 2193 videbat?

961 2204 1063 2244 Fieri
1090 2206 1196 2245 enim
1222 2219 1305 2245 non
1341 2205 1484 2258 potest,
1527 2218 1566 2247 vt
1593 2207 1626 2249 ff

962 2261 1083 2299 amica
1118 2263 1285 2315 Cliniae
1306 2260 1399 2302 effet
1423 2264 1619 2314 meretrix,

959 2313 1041 2368 ipso
1060 2316 1260 2369 praesente
1281 2331 1367 2357 cum
1387 2319 1509 2358 altero
1527 2319 1620 2359 ado-

958 2370 1133 2414 lescente
1156 2374 1464 2414 concluderetur.
1523 2377 1617 2428 Qua

956 2441 999 2468 re
1020 2430 1179 2482 probata
1198 2431 1387 2472 Chremes
1401 2430 1615 2472 vehemen-

956 2495 1016 2525 ter
1031 2487 1224 2535 exclamat,
1238 2501 1386 2527 memor
1395 2501 1539 2527 coenae
1548 2488 1615 2528 da·

956 2552 1031 2589 tae,
1064 2545 1194 2583 Decem
1215 2544 1357 2582 dierum
1374 2547 1444 2582 vix
1455 2544 1546 2583 mihi
1562 2543 1613 2595 est

942 2598 1108 2652 famih'a.
1165 2602 1217 2640 Vt
1242 2600 1359 2647 dicat,
1401 2599 1493 2639 haut
1517 2598 1611 2651 effe,

952 2654 1057 2697 vnde
1078 2654 1263 2698 familiam
1279 2654 1469 2698 sustentet.
1507 2658 1554 2703 E.
