1815 3168
703 122 992 169 ANDRIA.

1424 139 1518 184 229

194 266 253 306 10
283 247 359 296 SI.
399 254 464 296 Ac
476 251 741 297 meretricios
756 266 924 296 amores
947 250 1112 313 nuptiis
1137 248 1440 308 conglutit-ias?

279 323 358 372 PA
373 340 428 371 M.
462 328 587 373 Perii.
611 337 760 373 metuo
781 338 828 373 vt
847 323 1002 372 substet
1024 324 1193 389 hospes,
1230 322 1336 372 CH.
1374 323 1418 377 fi,
1443 327 1510 372 Si-

376 418 465 454 mo,
484 401 602 447 hunc
625 404 744 448 noris
765 402 873 453 satis,

277 482 386 525 Non
421 479 478 522 ita
507 476 736 524 arbitrere:
768 478 911 524 bonus
944 474 1003 523 est
1029 475 1100 523 hic
1120 477 1202 524 vir.
1235 472 1310 522 Sl*-
1347 474 1418 520 hie
1441 477 1507 523 vir

375 551 423 599 {it
442 553 585 598 bonus
600 555 622 598 P

274 632 396 675 Itane
418 628 710 692 adtemperate
729 631 850 676 venit
865 628 998 674 hodie
1024 628 1069 673 in
1093 624 1192 691 ipfis
1216 626 1396 689 nuptiis,

272 709 333 752 Vt
363 706 532 751 veniret
565 705 743 751 antehac
773 695 1029 768 nunquam?
1061 701 1120 749 est
1149 718 1254 749 vero
1280 701 1383 746 huic
1403 715 1498 746 cre-

369 779 576 831 dendum,
603 777 825 831 Chreme?

172 875 189 906 1
204 872 229 918 ς
263 853 336 903 PA
351 869 404 901 Μ.
441 857 506 901 Ni
529 865 719 901 metuam
733 866 916 920 patrem,
940 853 1081 902 habeo
1105 869 1189 919 pro
1201 852 1272 899 illa
1290 868 1351 921 rte,
1374 851 1499 897 illum

366 930 486 995 quod
508 948 713 978 moneam
732 931 887 997 probe.

188 1181 240 1209 10
283 1170 337 1207 Ac
375 1170 604 1207 meretricios
640 1181 788 1208 amores

129 1227 270 1277 nuptiis
299 1223 586 1279 conglutinas?]
619 1225 723 1263 Vide
750 1237 785 1262 ο-

130 1280 271 1319 ratorie
304 1281 389 1331 agi,
425 1292 463 1318 vt
487 1280 638 1331 grauius
662 1281 786 1320 Crito-

127 1348 220 1374 nem
233 1334 379 1373 accuset
388 1337 510 1385 Simo,
534 1348 637 1373 nunc
650 1334 786 1374 defen·

125 1391 181 1430 dit
198 1389 337 1439 filium,
368 1403 483 1442 quem
501 1390 646 1429 dudum
666 1392 786 1429 incre-

127 1456 295 1498 pauerat.
349 1449 404 1486 Ac
431 1447 653 1486 meretricios
687 1460 784 1484 amo-

125 1507 196 1554 re5]
228 1503 339 1541 Peius
359 1503 558 1540 lenocinio
570 1503 715 1540 crimen
728 1503 786 1540 in-

127 1559 256 1612 gessit:
286 1571 366 1596 non
393 1559 554 1596 amicam
581 1557 707 1596 facere
734 1557 784 1596 de

123 1615 338 1659 meretrice,
362 1611 426 1651 sed
445 1614 666 1665 coniugem.
697 1613 782 1652 Nu·

119 1673 210 1723 ptiis
241 1667 485 1724 conglutinas]
515 1671 600 1708 Hoc
627 1670 782 1722 grauius

121 1725 176 1765 est
194 1726 404 1765 lenocinio.
460 1727 508 1764 D.

176 1782 419 1821 Meretricios
448 1784 607 1832 amores]
647 1778 777 1821 Efficvis

120 1848 162 1877 vt
179 1837 397 1876 meretrices
415 1835 508 1875 fiant
523 1848 666 1874 vxores.
703 1840 746 1877 E.

179 1906 223 1935 ΙΙ
258 1893 388 1932 Metuo
410 1905 452 1931 vt
469 1890 612 1944 substet
630 1891 774 1947 hospes]

119 1950 182 1998 Vt,
209 1962 261 1988 ne
283 1962 378 1987 non.
436 1947 620 1996 Lucilius,
654 1950 776 1987 Tuum

119 2019 162 2045 vt
188 2009 396 2044 memoriam
424 2007 589 2043 retineas.
645 2006 693 2045 Et
710 2004 774 2043 be-

118 2075 173 2102 ne
196 2061 318 2115 hospes
349 2061 421 2108 ait,
449 2073 531 2098 non
551 2060 678 2108 homo,
711 2060 774 2102 vel

120 2119 238 2158 Crito.
270 2116 323 2156 est
335 2118 438 2156 enim
451 2119 467 2167 ζ
470 2118 511 2154 in
531 2118 593 2167 Z.)
606 2113 686 2169 ipso
704 2130 773 2155 no-

118 2175 225 2214 mine
243 2170 348 2212 causa
377 2171 628 2210 diffidentiae.
689 2175 736 2212 D.

172 2231 315 2276 luetuo,
335 2241 379 2267 vt
391 2227 525 2278 fitbstet
535 2227 678 2283 hospes]
699 2231 773 2266 Ve-

118 2298 214 2333 reor,
235 2285 371 2336 inquit,
390 2283 618 2335 Pamphilus,
639 2298 690 2324 ne
711 2299 774 2335 pa-

117 2342 183 2380 tris
204 2338 378 2379 sermone
405 2337 538 2389 hospes
566 2340 673 2379 Crito
698 2350 771 2379 ter-

117 2399 219 2445 ritus,
241 2409 322 2435 non
344 2396 454 2447 possit
470 2394 642 2436 refistere
663 2395 770 2435 forti-

118 2464 186 2492 ter.
245 2456 284 2492 E.

180 2519 228 2549 12
260 2508 347 2546 Non
361 2508 415 2545 ita
429 2504 622 2552 arbitrere]
653 2506 695 2546 Id
709 2504 789 2555 ests

117 2575 199 2603 non
219 2563 420 2601 arbitreris.
476 2564 599 2602 Bonus
631 2563 687 2602 hic
709 2567 770 2603 vir

120 2618 180 2671 est]
221 2622 321 2662 Cum
357 2618 531 2672 pondere
568 2630 608 2659 et
637 2620 767 2660 distin-

791 1027 897 1089 ΡΞ

1414 1022 1497 1066 Sr.

837 1168 966 1208 &ione
1000 1164 1264 1206 inferendum.
1322 1164 1397 1204 Hic
1433 1164 1496 1202 vir

828 1223 882 1275 fi't
899 1222 1027 1273 bonus]
1060 1223 1146 1270 Hic,
1161 1234 1229 1271 pel·
1249 1227 1406 1268 εἰρωνείαν
1419 1232 1492 1257 nec

837 1280 979 1326 virum,
1008 1292 1082 1317 nec
1111 1278 1259 1316 bonum
1288 1274 1365 1315 effe
1385 1276 1490 1314 dixit.

835 1337 910 1374 Hic
931 1337 992 1372 vir
1002 1334 1056 1385 fi't
1081 1332 1214 1385 bonus]
1244 1333 1344 1372 Mire
1363 1342 1491 1383 poeta,

837 1404 923 1428 cum
951 1390 1165 1441 oportuerit
1191 1389 1396 1427 Critonem
1419 1387 1491 1425 ini-

831 1447 1034 1486 miciorem
1065 1444 1228 1485 Chremi
1267 1441 1343 1482 effe
1375 1455 1491 1494 quam

835 1503 995 1549 Simoni,
1014 1501 1061 1540 fic
1081 1514 1161 1540 rem
1181 1499 1337 1547 inducit,
1368 1510 1403 1537 vt
1421 1512 1491 1537 no-

833 1559 908 1596 tior
925 1558 960 1595 ei
977 1555 1021 1594 fit
1039 1567 1170 1595 contra
1189 1568 1305 1606 quem
1322 1555 1489 1593 maxime

833 1623 1002 1658 venerat,
1034 1622 1148 1663 atque
1167 1610 1216 1650 ab
1237 1624 1284 1650 eo
1306 1609 1487 1649 defenda-

832 1680 902 1716 tur,
927 1667 1050 1719 magis
1076 1677 1115 1706 vt
1143 1679 1205 1705 res
1223 1666 1413 1719 progredi
1437 1664 1486 1704 ad

831 1722 1096 1777 catastrophen
1117 1722 1242 1774 possit.
1298 1725 1346 1762 D.

887 1792 933 1831 13
967 1780 1013 1818 In
1041 1776 1121 1830 ipst's
1151 1780 1302 1829 nuptiis]
1332 1780 1377 1817 In
1403 1775 1483 1831 ipso

827 1836 983 1876 articulo
1003 1835 1235 1887 nuptiarum.
1294 1834 1344 1872 D.

883 1894 992 1936 Itane
1027 1885 1302 1943 adtemperate]
1335 1886 1406 1931 Ms.
1437 1892 1481 1930 R.

823 1949 883 1989 Ita
905 1948 1058 1998 adtemp.
1116 1949 1155 1987 L.

876 2005 1008 2045 Plures
1041 2002 1151 2043 codd.
1171 2003 1300 2045 euenit,
1333 2010 1372 2040 vt
1390 2009 1481 2038 ante

822 2072 869 2112 4,
897 2059 1001 2113 quod
1028 2058 1088 2097 hic
1108 2059 1214 2099 Simo
1241 2059 1352 2095 iratus
1373 2070 1480 2107 repe-

823 2118 878 2154 tit.
935 2124 1137 2158 Laeter-um
1176 2112 1370 2164 distingue
1402 2112 1478 2152 fic:

829 2173 929 2211 Itane
950 2187 982 2210 a.
1006 2173 1143 2215 euenit,
1175 2169 1208 2209 h.
1231 2171 1256 2207 i.
1278 2171 1303 2206 i.
1324 2170 1473 2218 nuptiis.

828 2230 878 2267 Ut
896 2230 1061 2275 veniret,
1082 2241 1114 2264 α.
1134 2226 1196 2268 n.?
1225 2239 1252 2272 e.
1269 2239 1304 2263 v.
1323 2223 1357 2262 h.
1383 2237 1408 2262 c.
1433 2225 1474 2263 C.

822 2285 951 2323 vltima
969 2281 1081 2328 effer,
1110 2281 1190 2320 fine
1209 2280 1477 2333 interrogatio-

821 2354 885 2388 ne,
907 2354 975 2391 per
992 2339 1167 2377 ironiam.
1225 2340 1263 2376 B.

878 2408 928 2448 14
961 2396 1010 2434 Vt
1037 2397 1181 2433 veniret
1209 2390 1361 2432 antehac
1385 2404 1474 2431 nun-

821 2452 981 2504 quam?]
1012 2452 1245 2500 Plerumque
1274 2446 1373 2487 casus
1394 2449 1478 2487 imi-

819 2519 918 2546 tatur
936 2507 1183 2546 industriam:
1215 2515 1251 2544 et
1272 2503 1342 2542 hoc
1363 2502 1477 2554 saepe

820 2563 880 2609 fit,
915 2575 952 2602 vt
973 2564 1085 2603 etiam
1107 2559 1240 2601 sedulo
1257 2559 1374 2609 sacia,
1404 2560 1476 2600 {int

819 2617 995 2673 suspecffa.
1053 2620 1103 2659 D.
