1815 3168
595 156 1002 203 EVNVCHVS.

1368 169 1467 215 457

150 279 209 351 30
243 279 356 333 Scin'
376 293 438 338 tu,
461 292 508 330 vt
528 282 608 330 tibi
631 301 700 330 res
725 284 764 330 se
782 277 970 334 habeat?
1012 278 1043 327 fi
1076 283 1309 346 quicquam
1335 282 1468 330 hodie

338 361 409 406 hic
434 358 587 406 turbae
610 361 822 424 coeperis,

240 437 413 483 Faciam
434 446 481 483 vt
503 435 635 483 huius
654 435 753 489 loci,
778 434 964 497 dieique,
992 433 1166 494 meique
1188 431 1357 497 semper
1376 450 1471 481 me-

339 513 533 558 mineris.

241 583 361 635 GN.
401 586 579 634 Miseret
599 587 664 633 tui
683 601 768 639 me,
791 586 869 649 qui
888 584 1009 631 hunc
1035 593 1207 631 tantum
1239 581 1470 631 hominem

339 662 464 709 facias
488 664 717 717 inimicum
740 660 835 710 tibi.

241 734 290 787 C
304 750 360 784 H.»
391 738 647 785 Diminuam
670 753 753 797 ego
776 744 907 801 caput
926 745 1055 783 tuum
1075 733 1232 788 hodie,
1258 731 1337 782 nisi
1361 732 1469 781 abis·

340 808 449 861 GN.
482 811 566 861 ain'
591 829 711 866 vero,
747 812 898 859 canis?

764 887 900 951 Ff5

107 1031 208 1073 dicas
224 1042 319 1071 nune
336 1031 439 1086 viro]
471 1030 765 1079 Animaduerte,

111 1087 313 1141 parafitum
340 1100 473 1138 neque
493 1098 625 1128 tacere
643 1088 765 1127 omni-

109 1158 174 1193 no,
204 1157 256 1183 ne
276 1141 439 1184 defuifl'e
456 1155 619 1196 patrono
638 1143 766 1183 videa-

107 1211 188 1246 tur;
218 1213 351 1251 neque
371 1200 412 1238 in
432 1201 559 1240 aliena
585 1197 693 1238 causa
720 1200 765 1238 ri-

107 1270 194 1297 xam
205 1257 248 1295 in
266 1253 303 1294 se
314 1252 529 1296 transferre.
589 1257 686 1296 caue
694 1254 767 1309 fis]

108 1313 213 1363 Quia
228 1312 457 1363 imperatiua
471 1309 556 1350 sunt
573 1321 770 1350 contume-

106 1364 407 1414 liosa‚addebant
419 1367 628 1421 veteresfis
637 1384 651 1405 .·
661 1366 768 1418 quod

110 1422 297 1477 fignificat
306 1421 348 1474 fi
359 1425 427 1461 vis.
480 1424 531 1461 D.

160 1480 285 1519 Bentl.
309 1477 444 1527 edidit,
469 1476 600 1528 Nestis
619 1479 674 1517 cui
692 1491 767 1516 ma-

111 1536 247 1577 ledii-as
271 1547 364 1574 nunc
381 1536 477 1574 viro.
532 1536 573 1574 Ζ.

162 1660 218 1701 30
249 1645 343 1686 Non
369 1658 412 1685 tu
438 1644 524 1685 hinc
541 1644 651 1684 abis?
668 1644 771 1695 fiin’

111 1716 167 1752 tu,
187 1716 230 1742 vt
244 1701 317 1741 tihi
337 1715 393 1741 res
401 1698 446 1752 fi
466 1699 652 1754 habeam]
682 1703 768 1740 Hoc

109 1757 282 1809 parasito,
316 1757 412 1796 illud
431 1757 545 1796 militi
563 1755 764 1796 Chremes.

110 1813 211 1854 Scin'
230 1815 290 1868 tu]
317 1818 408 1855 Non
418 1812 588 1866 parasito,
608 1809 674 1853 sed
695 1813 767 1853 mi-

110 1871 170 1911 liri
187 1870 292 1909 dicit.
351 1872 400 1910 D.

167 1927 266 1967 Scin'
294 1937 358 1973 tu,
387 1935 430 1965 vt
455 1922 528 1964 tibi
547 1924 656 1978 res?]
683 1924 764 1973 Vis,

111 1982 260 2034 inquit,
295 1979 411 2030 scire,
440 1979 770 2032 quemadmodum

113 2051 174 2084 res
197 2036 290 2077 istae
309 2036 407 2079 fint?
430 2037 472 2078 Si
491 2036 635 2088 aliquid
648 2036 770 2076 hodie

113 2093 182 2139 hic
201 2093 412 2134 turbaueris
431 2104 496 2132 aut
517 2093 594 2131 litis
611 2091 765 2140 feceris,

116 2149 314 2203 perficiam
350 2160 391 2189 vt
424 2148 653 2189 verberibus
689 2148 772 2188 diei

116 2207 268 2253 locique
292 2205 422 2254 huius,
452 2215 492 2246 et
515 2206 598 2248 mei
621 2202 773 2257 semper

117 2262 351 2302 memineris.
399 2263 446 2303 E.
666 2257 670 2276 ³

171 2385 222 2426 31
258 2375 403 2414 Faciam
421 2388 465 2414 vt
484 2370 594 2415 buius
614 2373 698 2423 loci,
718 2373 772 2413 di-

121 2430 233 2483 eique,
253 2432 388 2483 meique
397 2429 771 2485 fimpermemineris]

119 2487 242 2526 Moris
271 2485 324 2525 est
352 2500 510 2540 magnas
539 2485 616 2528 effe
648 2488 772 2526 minas

115 2541 320 2581 hominum
330 2540 648 2583 meticulosomm.
677 2545 773 2596 Spe-

120 2597 178 2637 &a
204 2611 298 2650 ergo
321 2610 436 2648 quam
459 2601 599 2639 acriter
618 2599 774 2639 timidus

121 2654 390 2694 comminetur.
446 2655 571 2698 Huius
598 2656 688 2706 loci,
718 2656 773 2696 cli-

1384 885 1472 932 Sic·

814 1032 926 1084 eique,
949 1029 1103 1083 meique]
1133 1029 1235 1078 Loci,
1257 1030 1298 1070 in
1310 1042 1386 1082 quo
1397 1029 1474 1069 lae-

813 1084 884 1126 su&
942 1087 1054 1132 Diei,
1086 1100 1164 1137 quo
1182 1085 1322 1126 caesus.
1375 1086 1473 1134 Mei,

814 1157 836 1182 a
856 1155 935 1195 quo
955 1139 1091 1181 caesus.
1147 1143 1198 1181 D.
1405 1148 1407 1153 ’

869 1211 923 1251 32
952 1197 1111 1248 Miseret
1133 1200 1193 1237 tui
1210 1197 1283 1253 me]
1314 1198 1389 1238 Hic
1407 1211 1475 1250 pa-

819 1254 948 1294 rafitus
998 1267 1106 1292 nunc
1153 1254 1255 1305 quafi
1300 1255 1477 1294 monitor

818 1310 1023 1352 Chremeti
1035 1308 1252 1361 respondet.
1288 1309 1366 1364 Qi
1376 1309 1477 1349 hunc

815 1376 968 1406 tantum
995 1366 1175 1404 hominem
1200 1368 1390 1406 inimicum
1412 1368 1476 1417 fiz-

789 1431 797 1434 “
817 1424 893 1461 cias
915 1419 1003 1469 tibi]
1029 1425 1089 1461 Ne
1106 1435 1211 1460 nunc
1230 1422 1391 1472 quidem
1407 1436 1474 1474 pa-

818 1476 946 1516 rafitus
985 1491 1006 1515 a>
1046 1477 1180 1516 militis
1217 1475 1475 1518 assentatione

818 1530 989 1573 discedit.
1045 1534 1093 1573 D.

874 1588 1035 1639 ΜξΙὲνεε
1081 1589 1141 1627 tui
1175 1593 1245 1641 me]
1293 1588 1476 1630 Parasitus

819 1654 1006 1696 quantum
1024 1643 1158 1695 potest,
1183 1643 1344 1697 refregit
1361 1645 1475 1684 auda-

818 1702 915 1739 ciam
936 1699 1165 1746 Chremetis,
1188 1711 1228 1739 et
1243 1698 1476 1741 misererese

817 1756 921 1805 dicit,
945 1755 1049 1808 quod
1062 1756 1178 1794 talem
1193 1756 1395 1796 inimicum
1406 1758 1479 1796 mi·

817 1813 926 1852 litem
943 1811 1067 1860 faciat,
1088 1825 1175 1851 cum
1195 1815 1274 1864 (cui
1281 1814 1345 1865 Z.)
1362 1826 1474 1865 repu-

818 1881 1041 1922 gnarenon
1060 1867 1179 1918 poffit.
1236 1871 1279 1909 E.

874 1936 925 1977 33
959 1924 1176 1963 Diminuam
1207 1937 1274 1980 ego
1292 1935 1400 1977 caput
1418 1937 1476 1964 tu-

817 1992 879 2019 um
907 1979 1032 2028 hodie,
1061 1980 1138 2032 nist
1157 1978 1256 2036 abis]
1292 1980 1476 2022 Rusticius

819 2035 937 2082 dixit,
972 2037 1093 2087 Caput
1125 2049 1227 2078 tuum
1260 2037 1476 2085 diminuam,

820 2104 935 2144 quam
952 2090 979 2131 fi
996 2091 1155 2141 diceret,
1177 2093 1398 2133 Diminuam
1428 2095 1478 2133 ti·

820 2147 858 2187 bi
883 2159 1001 2201 caput.
1054 2148 1145 2188 Ain’
1175 2163 1288 2198 vero,
1319 2149 1477 2204 canis?]

820 2206 906 2245 Hoc
930 2202 1050 2243 verbo
1085 2204 1379 2256 impudentibus
1405 2206 1481 2244 ini-

820 2261 928 2300 micis
971 2260 1190 2300 conuicium
1236 2260 1322 2301 fieri
1368 2259 1478 2302 solet.

820 2320 921 2357 Nam
945 2316 1111 2354 militare
1131 2317 1274 2365 dietum
1286 2318 1339 2357 est
1356 2318 1398 2357 in
1411 2317 1481 2356 ho-

821 2371 936 2420 stem,
969 2374 1093 2411 canis:
1137 2384 1175 2412 et
1201 2371 1312 2425 apud'
1333 2377 1481 2414 Home-

820 2441 904 2468 rum
925 2429 981 2475 (11.
1002 2433 1035 2476 ἀ,
1061 2431 1171 2482 159.)
1182 2444 1252 2481 pro
1265 2431 1482 2483 grauicon·

821 2484 980 2524 tumelia
1012 2485 1054 2524 in
1091 2483 1350 2529 aduersarium
1389 2486 1483 2526 dici-

823 2551 902 2587 tur,
937 2541 1045 2580 velut
1063 2541 1104 2578 in
1126 2542 1194 2580 illo
1216 2543 1326 2592 loco,
1352 2551 1388 2581 τὶ
1415 2542 1480 2589 μήν

823 2593 994 2644 οἷςνιῖμενοι
1036 2603 1191 2646 Μενελάῳ
1227 2604 1337 2650 coln,
1375 2596 1481 2654 ικυνώ-

825 2669 886 2694 πκ.
942 2654 990 2696 D.
