1815 3168
627 118 1027 165 EVNVCHVS.

1423 130 1513 188 283

288 246 390 291 Pars
421 259 554 307 aequa
577 246 735 291 amoris
755 256 915 297 tecum,
941 264 988 291 ac
1009 250 1171 309 pariter
1191 245 1327 302 fieret,

288 323 351 366 Vt
368 329 441 365 aut
464 320 549 366 hoc
571 320 650 365 tibi
674 319 842 367 doleret
863 321 1028 373 itidem,
1051 331 1098 367 vt
1121 322 1230 367 mihi
1253 323 1395 376 dolet;

288 396 381 440 Aut
400 410 484 454 ego
507 393 612 441 istuc
631 393 704 441 abs
730 405 772 441 te
793 393 958 442 facium
984 396 1380 461 nihilipenderem.

195 485 253 533 ις
284 465 400 516 ΤΗ.
439 473 516 517 Ne
538 472 681 518 crucia
700 480 758 526 te,
783 470 973 525 obsecro,
996 474 1139 519 anime
1163 474 1238 526 mi,
1259 473 1483 524 Phaedria.

210 715 261 748 12
303 707 450 747 Vtinam
482 705 563 760 effi‘t
604 708 698 748 mihi
722 719 811 761 pars

150 776 269 815 aequa
284 766 419 804 amoris
437 764 570 817 tecum]
600 765 675 806 Vel
684 779 811 804 aman-

153 818 206 866 di,
231 819 291 857 vel
315 832 395 858 non
417 820 572 858 amandi
585 817 727 860 scilicet
739 823 810 873 (A-

150 875 278 914 mandi
297 888 332 914 et
350 888 424 914 non
445 876 594 915 amandi
611 876 729 916 habet
750 875 810 916 ed.

151 931 385 983 Arge-mina.
445 934 666 984 Vtrumque
703 945 807 980 vero,

152 985 260 1038 quod
269 997 469 1034 memorat,
487 986 570 1029 fieri
580 998 685 1039 optat
694 988 810 1028 Phae-

153 1042 256 1091 dria,
282 1044 387 1082 cuius
415 1044 621 1097 geminum
641 1059 705 1084 aut
726 1058 809 1083 non

152 1097 245 1139 facit
284 1099 488 1147 dilemma,
538 1097 604 1139 sed
642 1101 806 1153 copulat.

152 1154 241 1195 Esto
266 1155 382 1207 igitur
403 1152 530 1195 sensus
557 1157 709 1196 alterius
731 1170 813 1196 ver«

153 1208 233 1250 sus:
261 1222 299 1249 vt
319 1223 396 1263 ego
417 1211 510 1250 istuc
528 1211 668 1252 factum
687 1212 754 1252 abs
774 1223 814 1251 te

155 1279 281 1318 aequo
303 1268 434 1305 animo
454 1265 610 1315 ferrem,
627 1267 654 1306 fi
667 1266 811 1318 scirem,

153 1322 252 1361 illud
276 1321 414 1361 itidem
432 1322 567 1362 dolere
585 1323 665 1372 tibi,
688 1334 727 1362 vt
745 1325 815 1362 mi·

154 1377 195 1416 hi
230 1376 366 1428 dolet).
422 1379 476 1416 Ac
506 1381 655 1431 pariter
683 1377 812 1433 fieret]

153 1434 318 1481 Pariter,
332 1432 513 1473 {imiliter.
547 1433 743 1474 Sallustius
754 1434 814 1484 (in

153 1489 415 1542 Fragmentis)
429 1520 439 1538 ‚
479 1490 551 1530 Cui
577 1490 651 1542 nist
663 1492 815 1543 pariter

153 1545 301 1584 obuiam
321 1548 455 1584 iretur.
513 1548 562 1586 D.

211 1603 306 1642 Pars
334 1614 451 1653 aequa
477 1601 634 1654 amoris]
665 1604 717 1641 10.
745 1603 812 1642 Sa·

156 1656 287 1696 risber.
305 1657 453 1709 Polycr.
466 1668 541 1695 nx.
554 1669 635 1708 cap.
654 1670 689 1710 5.
717 1660 759 1699 L.

209 1715 252 1752 Εἰ
286 1711 346 1758 μὲν
384 1714 438 1751 ἐπ’
463 1717 696 1760 ἀμφοτέροισιν
724 1709 815 1761 Ε’ςως

154 1770 213 1810 ἴσα
232 1767 318 1817 τᾶξκ
335 1773 486 1811 matum
499 1798 508 1816 ‚
539 1760 576 1807 {a
594 1766 684 1812 θεός·
718 1767 746 1806 ἐι
775 1767 813 1806 δὲ

152 1827 266 1876 §iorem
285 1823 366 1872 πςδς
383 1831 500 1872 μέρος,
527 1823 550 1862 ε’
568 1822 649 1867 θεὸς
670 1818 712 1864 ἕι.
733 1826 814 1865 Au-

153 1881 246 1920 thol.
267 1893 354 1927 vn,
389 1892 481 1933 139.
535 1882 602 1919 W.

160 1978 166 1982 ,
206 1947 259 1987 13
301 1937 352 1976 Vt
376 1949 441 1975 aut
471 1934 540 1974 hoc
571 1934 644 1975 tibi
673 1936 814 1977 doleret

154 1990 292 2041 itidem,
311 2005 354 2031 vt
374 1991 468 2031 mihi
492 1991 608 2047 dolet]
635 1993 677 2033 Si
694 1991 812 2033 ambo

158 2060 384 2090 amaremus,
439 2049 493 2087 D.

218 2116 268 2156 14
303 2104 402 2146 Cod.
431 2103 706 2154 Academicus,
744 2104 814 2146 vili

152 2159 356 2213 penderem.
409 2161 450 2199 B.

217 2227 266 2268 15
296 2216 356 2255 Ne
379 2209 499 2256 crucia
519 2230 567 2263 te,
589 2214 749 2266 obficro,
778 2230 816 2255 a·

160 2273 254 2310 nime
271 2272 339 2326 mi]
367 2273 443 2320 Mi,
464 2271 658 2312 vocatiuus
675 2272 740 2319 est,
767 2271 816 2312 ab

161 2339 212 2365 eo
227 2327 329 2377 quod
351 2327 405 2366 est
429 2341 541 2367 meus.
576 2327 681 2368 Vide
699 2341 816 2379 quam

158 2380 393 2421 familiariter
428 2382 502 2422 hoe
535 2383 645 2422 idem
675 2384 817 2436 repetit

159 2437 481 2479 blandimentum.
561 2440 659 2480 Vult
709 2441 817 2480 enim

158 2493 368 2532 Terentius
389 2495 493 2534 velut
509 2495 705 2547 peculiare
730 2509 813 2537 ver-

159 2549 253 2587 bum
270 2549 346 2587 hoc
365 2547 442 2589 effe
459 2550 633 2592 Thaidis.
657 2551 748 2591 ideo
759 2563 816 2591 to-

160 2606 261 2646 tiens
282 2604 424 2647 dietum
441 2606 505 2659 est,
529 2606 628 2649 Tune
643 2607 702 2649 bic
720 2623 816 2659 eras,

1405 571 1518 615 Non

859 711 912 750 mi
945 708 1179 750 Phaedriae?
1216 708 1279 749 Ne
1314 712 1434 749 crucia
1470 724 1520 765 te,

859 765 1025 817 obficro,
1063 768 1180 804 anime
1208 767 1278 811 mi,
1314 766 1519 807 Phaedria.

864 823 926 861 Ne
948 824 1066 861 crucia
1084 821 1138 875 te]
1167 824 1277 861 Haec
1288 822 1357 860 nili
1369 824 1519 875 ample-

862 879 968 918 flens
995 875 1282 918 adolescentem
1307 880 1447 918 mulier
1465 878 1521 918 di-

858 935 968 981 xerit,
988 932 1184 973 videbitur
1211 947 1254 972 ne
1274 937 1406 984 crucia,
1437 934 1521 975 fine

859 988 997 1030 affe&u
1028 988 1172 1028 dicere.
1228 989 1305 1030 Sed
1335 989 1384 1028 iic
1403 990 1520 1039 dicet,

859 1060 903 1086 ne
922 1046 1046 1085 crucia
1067 1058 1120 1093 te,
1152 1058 1199 1084 eo
1218 1044 1335 1098 gestu,
1357 1046 1457 1098 quafi
1474 1048 1521 1087 in

862 1115 910 1142 eo
938 1102 1054 1140 etiam
1080 1097 1159 1153 ipsa
1188 1101 1395 1140 crucietur:
1427 1116 1521 1144 nam

861 1157 954 1197 ideo
964 1154 1136 1206 subiecit,
1160 1159 1348 1205 animemi,
1370 1157 1444 1197 hoc
1454 1159 1523 1208 est,

861 1214 1012 1253 animus
1033 1226 1154 1253 meus.
1211 1216 1260 1254 D.

915 1269 978 1309 Ne
1000 1271 1121 1309 ctucia
1139 1282 1196 1317 te,
1225 1267 1392 1324 obficro]
1422 1271 1522 1312 Inci—

863 1325 921 1376 pit
955 1323 1148 1373 defenfio,
1195 1338 1296 1375 quae
1329 1327 1524 1376 optimum

862 1380 1098 1431 principium
1116 1381 1261 1429 tenuit,
1299 1392 1339 1420 vt
1355 1380 1523 1422 irascen-

863 1436 910 1474 tis
943 1437 1112 1487 primum
1143 1436 1294 1474 animus
1330 1447 1523 1488 tempera-

861 1501 975 1530 retur.
1006 1491 1165 1532 Deinde
1183 1492 1336 1530 confilio
1355 1506 1523 1546 genera-

861 1547 949 1586 liter
1001 1544 1202 1599 subiungit
1248 1561 1523 1601 argumentum

860 1602 1068 1649 meretrix,
1122 1599 1189 1641 sed
1239 1604 1525 1644 coniecturale.-

865 1657 972 1709 quod
1001 1670 1085 1696 non
1110 1657 1185 1696 hoc
1211 1659 1344 1698 animo
1371 1659 1523 1710 fecerit,

865 1725 944 1764 quo
961 1713 1080 1751 alium
1100 1713 1204 1765 apud
1222 1711 1261 1752 se
1272 1715 1445 1756 videatur
1455 1716 1524 1754 ha-

862 1768 957 1809 bere
976 1770 1179 1822 potiorem.
1235 1772 1321 1810 Hoc
1339 1773 1448 1810 enim
1466 1773 1524 1811 di-

861 1824 938 1864 xit:
981 1825 1073 1864 Non
1105 1825 1178 1877 pol
1203 1838 1276 1878 quo
1305 1840 1522 1882 quemquam

857 1882 942 1935 plus
961 1894 1174 1938 amem-aut
1188 1883 1271 1933 plus
1290 1884 1458 1939 diligam,
1477 1899 1521 1925 eo

852 1938 946 1990 feci.
976 1938 1158 1978 Similiter
1175 1935 1372 1992 subiungit
1398 1954 1525 1994 gene-

861 1994 943 2034 rale
956 1993 1063 2044 aliud
1084 2005 1375 2047 argumentum,
1406 1996 1524 2037 status

861 2049 1026 2090 venialis
1049 2061 1098 2088 ex
1116 2050 1356 2090 neceffitate:
1385 2051 1457 2091 Sed
1466 2057 1523 2094 ita

863 2117 945 2145 erat
982 2119 1049 2145 res.
1103 2104 1190 2145 Post
1219 2107 1403 2147 meretrix
1432 2123 1523 2148 con-

866 2161 1017 2201 turbata
1056 2162 1233 2201 oratione
1263 2160 1380 2214 serui,
1425 2167 1523 2217 petit

865 2217 1127 2265 audientiam,
1164 2226 1204 2257 vt
1231 2218 1387 2270 plenior
1411 2223 1524 2274 origo

865 2284 1047 2313 narretur.
1101 2275 1193 2313 Non
1220 2284 1368 2314 tantum
1394 2280 1525 2317 exclu-

864 2329 1012 2369 fionem
1053 2328 1165 2380 ipfius
1195 2342 1355 2371 narrare
1394 2332 1525 2381 debet,

865 2383 930 2424 sed
952 2394 993 2424 et
1018 2382 1174 2424 causam.
1210 2386 1316 2433 >Post
1336 2389 1526 2442 principia

867 2441 965 2494 petit
985 2439 1241 2482 audientiam:
1273 2456 1350 2495 qua
1374 2445 1527 2487 conces·

863 2495 911 2547 sa,
931 2497 1098 2550 narratio
1120 2497 1268 2549 incipit.
1324 2501 1370 2540 E.

870 2608 899 2651 d
917 2555 1043 2606 Lege,
1075 2554 1194 2597 anime
1217 2556 1294 2607 mi,
1330 2558 1383 2598 πί
1403 2557 1525 2600 Phae*

858 2646 862 2649 .
897 2612 971 2653 ria.
1027 2611 1069 2651 Β.
