1815 3168
707 193 1003 240 ANDRIA.

1440 212 1530 262 13¹

300 321 386 368 Vix
406 319 582 367 tandem
602 316 705 365 senfi
725 316 919 366 stolidus.
959 317 1008 367 D
1022 330 1056 365 A
1071 331 1118 370 v.
1157 322 1263 385 quid
1295 322 1367 371 hic
1396 325 1535 374 sensis·

395 395 435 441 se
468 395 557 441 ait?

295 466 370 516 Sl.
409 473 532 516 Haec
561 462 759 534 primum
789 466 970 516 affertur
1004 471 1092 517 iam
1120 471 1230 518 mihi
1265 470 1424 521 abhoc
1456 476 1529 523 fal-

392 543 496 590 lacia
508 561 519 601 ;

291 623 423 666 Hanc
445 618 646 666 fimulant
664 635 832 684 parere,

857 635 946 682 quo
958 618 1237 667 Chremetem
1251 621 1528 673 absterreant.

202 713 221 744 1
235 711 260 758 5
295 692 347 742 G
359 707 405 741 L.
441 697 555 743 Iuno
574 697 753 749 Lucina,
775 694 841 742 fer
859 711 994 760 opem
1005 711 1019 753 3
1058 695 1179 743 serua
1197 713 1294 755 me,
1334 699 1527 749 obsecro.

155 950 231 991 iam
247 950 389 991 demens
409 948 464 1002 est,
484 949 588 1004 quod
595 963 706 991 amat.
737 952 816 993 Cui

156 1006 319 1058 quidem
347 1007 571 1046 dementiae
590 1006 739 1048 accedit
761 1008 814 1046 al-

157 1071 251 1111 tera,
272 1060 413 1102 scilicet
430 1063 533 1114 quod
558 1075 629 1103 Ex
660 1075 814 1104 FERE-

156 1130 225 1158 GR
239 1130 332 1158 1NA
346 1150 355 1167 ,
395 1119 435 1158 id
462 1118 508 1170 est
536 1133 583 1157 ex
608 1122 808 1168 meretrice,

153 1172 236 1213 sub.
255 1174 347 1213 velit
365 1175 502 1213 tollere
513 1185 674 1225 partum.
705 1177 813 1215 Haec

157 1230 374 1270 coniec‘iura
396 1229 640 1270 confirmatur
650 1229 732 1270 cod.
743 1234 810 1271 Bo-

156 1284 248 1324 end.
271 1284 334 1324 vbi
354 1285 407 1324 est
426 1285 522 1324 haec
550 1285 705 1326 diuifioz
735 1299 812 1326 Ex

155 1351 491 1381 Panaenum.
521 1342 570 1381 Id
586 1341 646 1393 est,
673 1355 722 1381 ex
738 1355 811 1381 me-

156 1397 291 1434 retrice
317 1396 390 1435 vid.
410 1396 559 1436 Phorm.
581 1411 629 1445 11,
649 1409 687 1449 3,
707 1400 806 1448 68).

154 1451 344 1493 Mulieres
365 1452 470 1490 enim
491 1453 736 1505 peregrinae,
754 1452 810 1491 in-

154 1505 343 1546 honestae
378 1520 421 1546 ac
450 1509 670 1549 meretrices
696 1506 813 1547 habe-

155 1561 306 1602 bantur.
364 1564 427 1603 Sic
446 1561 525 1614 ipse
550 1563 663 1612 alibi,
690 1565 813 1604 Samia

153 1617 246 1658 mihi
269 1631 386 1658 mater
398 1617 504 1668 flss't,
542 1633 583 1658 ea
616 1617 813 1658 habitabat

153 1673 286 1714 Rhodi.
339 1677 388 1714 Et
405 1670 542 1722 seruus,
562 1673 677 1726 potest
695 1676 812 1714 taceri

153 1729 222 1770 hoc
249 1730 405 1782 quidem,
437 1728 511 1768 hoc
528 1728 605 1779 est,
636 1730 812 1768 meretri-

152 1798 238 1825 cem
254 1783 424 1825 habuifl'e
453 1795 490 1824 te
500 1795 674 1834 matrem,
690 1784 812 1825 verifi-

150 1841 245 1881 mile
274 1840 338 1881 est.
395 1840 459 1880 Ex
473 1841 687 1896 peregrina]
730 1846 811 1879 ἄπο·

149 1894 316 1940 cadomo-14.
346 1896 454 1936 deest
476 1898 596 1944 enim,
628 1909 670 1935 vt
685 1895 811 1948 filium

144 1951 353 2007 fitscipiat?
380 1953 601 2004 autaliquid
613 1952 701 1993 tale.
731 1955 782 1994 D.

211 2020 261 2050 12
310 2010 383 2049 Vix
410 2009 563 2048 tandem
583 2005 690 2058 senfi'
704 2008 810 2060 stoli-

150 2064 237 2118 dus]
287 2063 449 2104 Pulchro
476 2065 607 2104 colore
636 2064 807 2113 induem,

152 2131 268 2172 poeta
287 2119 454 2159 ostendit
474 2134 556 2160 non
574 2121 702 2160 minus
723 2120 807 2160 falli

149 2173 408 2228 suspiciosum,
438 2190 553 2228 quam
579 2176 646 2228 qui
670 2176 804 2217 stultus

150 2230 215 2273 est.
243 2232 343 2272 Huic
364 2234 471 2272 enim
495 2233 632 2272 veritas
654 2232 805 2272 fallacia

148 2286 318 2337 videtur,
347 2287 441 2328 dum
468 2289 584 2328 nimis
605 2288 658 2328 est
675 2299 805 2327 acutus

149 2355 193 2382 ac
214 2341 420 2394 perspicax.
455 2347 502 2385 Et
513 2343 586 2383 hoc
603 2343 668 2394 est,
700 2343 806 2396 quod

148 2397 196 2438 ab
215 2409 359 2439 euentu
369 2399 482 2453 fingit
491 2411 621 2452 poeta.
650 2401 746 2440 Non
766 2412 804 2440 e-

1438 814 1522 880 81.

865 959 957 1000 tum,
974 951 1099 1006 magis
1116 950 1312 994 sensibiles
1323 953 1523 1004 habemus,

864 1021 979 1059 quam
1007 1021 1160 1060 pecora.
1215 1010 1334 1050 Vnde
1365 1013 1521 1060 Cicero,

863 1063 1028 1115 (Eadem
1054 1064 1171 1104 verba
1190 1078 1240 1104 ex
1256 1067 1404 1106 incerto
1420 1067 1523 1113 libro

861 1118 991 1158 laudat
1014 1120 1206 1165 Nizolius‚
1234 1135 1308 1161 nec
1329 1122 1525 1176 fragmen-

860 1176 908 1214 tis
928 1175 1111 1228 leguntur
1127 1174 1308 1230 inserta),
1341 1179 1436 1218 Non
1455 1179 1523 1233 so-

861 1231 935 1270 lum
953 1232 1114 1281 videam,
1141 1231 1217 1283 sed
1235 1237 1344 1274 etiam
1361 1235 1522 1284 audiam,

854 1287 1035 1340 planeque
1051 1287 1229 1338 sentiam,
1261 1289 1364 1342 quafi
1393 1290 1443 1331 ad
1471 1301 1528 1331 ta·

863 1344 964 1382 &um
983 1345 1124 1392 retulit,
1144 1358 1220 1395 quo
1240 1346 1356 1385 etiam
1379 1360 1523 1399 pecora

861 1398 1115 1449 impelluntur
1147 1400 1194 1438 ad
1225 1399 1387 1441 sensum.
1441 1404 1525 1443 Du-

863 1452 957 1492 abus
977 1467 1071 1506 ergo
1080 1453 1193 1494 rebus
1204 1453 1340 1496 scimus
1351 1471 1360 1495 :
1388 1469 1454 1497 aut
1462 1472 1525 1497 ra-

862 1509 1138 1557 tiocinatione,
1178 1521 1244 1550 aut
1269 1510 1396 1553 sensu:
1439 1515 1526 1566 qui·

863 1563 933 1604 bus
948 1565 1117 1604 maxime
1135 1566 1366 1618 praestamus
1394 1580 1524 1610 caete-

861 1621 910 1659 ris
929 1620 1167 1660 animalibus.
1221 1626 1327 1676 Ergo
1345 1622 1463 1664 senex
1481 1624 1524 1665 se

861 1688 943 1713 non
962 1673 1088 1724 senso,
1122 1690 1205 1715 non
1225 1680 1523 1722 ratiocinatione

859 1727 1022 1780 senfiffe,
1042 1728 1107 1770 sed
1129 1733 1247 1772 veluti
1265 1735 1469 1775 calcaribus
1481 1747 1524 1777 et

859 1784 1019 1824 stimulis
1039 1788 1236 1838 punelum.
1290 1793 1338 1831 D.

915 1853 964 1893 13
1005 1842 1106 1883 Haec
1123 1844 1305 1900 primum]
1353 1847 1451 1887 satis
1479 1846 1520 1888 se

859 1893 1032 1951 sagacem
1051 1895 1168 1938 senex
1186 1899 1366 1952 ostendit,
1398 1914 1521 1955 quan-

859 1952 910 1991 do
937 1954 1126 2006 principia
1153 1953 1232 2006 ipsa
1257 1957 1523 2010 inceptiones-

858 2021 937 2061 que
967 2009 1274 2062 comprehendit.
1322 2015 1426 2054 Haec
1441 2020 1519 2069 pri-

856 2065 973 2119 mum]
1005 2068 1112 2105 Bene
1127 2069 1315 2120 primum:
1344 2071 1445 2122 quafi
1465 2085 1517 2112 ex

855 2122 1003 2170 multis,
1038 2135 1130 2172 quas
1159 2136 1359 2174 parauerat
1383 2131 1520 2169 Dauus

855 2176 1266 2219 contraChremetem.
1287 2181 1396 2238 Qo]
1426 2185 1518 2235 Qua

854 2245 907 2272 re.
963 2235 1012 2274 D.

915 2300 967 2341 14
1009 2289 1122 2330 Hanc
1148 2287 1325 2337 fimulant
1358 2296 1515 2352 parere]

854 2341 1032 2384 Priscian.
1053 2344 1119 2385 lib.
1139 2359 1176 2385 Χ.
1199 2361 1235 2398 p.
1260 2359 1348 2400 124.
1403 2353 1445 2391 L.

916 2412 965 2454 15
997 2401 1092 2440 Iuno
1117 2402 1271 2452 Lucina,
1288 2406 1358 2455 fer
1386 2417 1518 2458 opem.-

149 2455 232 2493 nim
271 2456 313 2493 in
337 2457 452 2495 Dauo
489 2455 564 2503 est,
602 2456 650 2495 fic
678 2468 806 2495 errare
841 2455 956 2507 serua
975 2457 1047 2514 me]
1078 2459 1178 2496 Iuno
1210 2460 1372 2509 Lucina,
1400 2464 1516 2502 Iuno-

148 2522 253 2549 nunc
270 2508 415 2551 senem.
455 2512 532 2552 Vix
550 2513 697 2552 tandem
707 2509 812 2563 Jenst
855 2514 916 2551 nis
933 2510 1022 2561 filia,
1042 2513 1196 2553 Graece
1212 2520 1364 2554 ἐιλείουια
1391 2519 1517 2568 (Hinc

142 2564 318 2620 stolidus]
350 2568 540 2620 Quinque
560 2567 647 2608 sunt
663 2566 802 2618 sensus,

149 2631 311 2673 quorum
339 2621 452 2678 duos,
486 2621 607 2667 visum
632 2622 805 2682 eraudi-

853 2571 1036 2606 ἂνελείθυια
1055 2567 1195 2609 dicitur
1215 2568 1328 2615 ἄτοκος
1347 2574 1441 2620 γυνῆ.
1465 2573 1519 2613 cf.

851 2622 1064 2667 Lindenbr.
1074 2627 1091 2680 )
1101 2655 1114 2682 ρ
1162 2625 1311 2668 dicitur.
1373 2630 1516 2673 Latine

961 2681 982 2719 I
1009 2691 1036 2724 2
1406 2688 1509 2726 Iuno
