1815 3168
328 127 389 182 58

731 120 961 173 ACT41.
1017 124 1214 174 serim
1253 129 1283 173 ῐ.

463 247 494 298 S
510 263 538 300 1.
572 255 753 317 Nempe
774 269 884 314 ergo
906 266 1054 318 aperte
1076 257 1163 308 vis,
1198 271 1307 319 quae
1332 249 1503 308 restant}
1536 255 1605 302 nie
1630 252 1690 304 Io·

560 327 667 390 qui?
707 328 751 375 i)
767 343 797 373 A
816 342 863 373 v.
896 328 992 374 sane
1012 330 1205 393 quidem.

362 415 421 464 ις
460 400 490 449 S
505 415 547 451 1.·
572 406 614 450 Si
636 404 800 450 sensero
823 403 956 450 hodie
979 406 1212 468 quicquam
1237 408 1282 452 in
1305 406 1372 453 his
1396 418 1439 453 te
1460 408 1627 471 nuptiis

459 478 666 524 Fallaciae
692 480 853 532 conari,
882 495 971 541 quo
993 477 1099 525 fiant
1122 481 1293 536 minus3

457 558 551 600 Aut
572 554 682 599 velle
705 556 750 600 in
773 570 879 600 eare
891 553 1070 606 ostendi,
1093 571 1225 618 quam
1246 553 1297 602 fis
1324 556 1525 603 callidus:

459 629 727 676 Verberibus
750 629 914 675 caesum
939 640 1005 683 te,
1037 633 1176 683 Daue,
1212 632 1255 676 in
1278 629 1511 696 pistrinum
1537 628 1690 680 dedam

555 704 686 768 vsque
710 704 761 750 ad
785 720 951 757 necem,

459 784 521 828 Ea
542 780 638 840 lege
661 791 788 844 atque
810 782 973 831 omine,
1005 789 1067 834 vt,
1092 778 1122 827 fi
1143 790 1186 828 te
1208 781 1310 827 inde
1334 783 1583 835 exemerim,
1607 800 1689 845 ego

555 873 640 921 pro
663 866 704 902 te
726 855 904 905 molam.

320 999 467 1042 faciet:
522 997 549 1038 fi
595 1000 774 1047 Graece,
829 999 983 1054 Oedipm-

320 1058 389 1099 dis.
450 1058 496 1095 D.

381 1113 470 1151 Non
490 1116 508 1153 ,θ
565 1110 674 1166 hem]
729 1115 775 1153 In
824 1110 897 1153 Ms.
938 1115 980 1154 R.

321 1169 370 1209 ro*
392 1169 471 1208 hem
497 1167 742 1208 desideratur.
800 1171 841 1208 L.

377 1239 430 1279 24
460 1226 554 1264 Sane
572 1225 735 1280 quidem]
776 1226 891 1272 Sane,
919 1238 983 1263 va-

320 1281 423 1321 lide:
455 1281 544 1332 quia
572 1281 638 1331 qui
666 1278 797 1326 saum,
831 1290 870 1320 et
895 1281 985 1319 vali-

320 1337 391 1377 dus
412 1336 477 1376 est.
534 1335 760 1390 Sistnsero]
805 1337 988 1378 Commi-

321 1394 441 1433 natio.
465 1402 504 1432 et
522 1391 564 1430 fit
573 1392 858 1444 pronunciatio,
872 1392 985 1444 <lege

311 1448 368 1503 fic
402 1451 691 1502 pronunciatur.
748 1447 812 1486 Sic
849 1446 984 1486 est‘in

321 1502 395 1548 Ms.
418 1503 564 1555 Hulst.)
593 1515 632 1543 vt
663 1503 705 1543 in
724 1504 881 1557 fingulis
901 1516 983 1543 ver·

319 1561 378 1602 bis
400 1560 560 1600 ardeant
579 1561 722 1600 minae.
779 1562 828 1600 D.

375 1629 430 1669 25
460 1617 602 1670 Hodie]
642 1619 734 1655 Non
761 1615 810 1654 ad
830 1626 982 1665 tempus

322 1687 407 1713 non
425 1673 595 1724 plenum,
619 1668 687 1710 sed
702 1670 751 1710 ad
772 1672 983 1710 commina-

320 1731 472 1770 tionem
505 1727 679 1768 refertur.
716 1737 757 1766 vt
781 1727 979 1780 Virgilius,

1624 945 1690 995 30

1085 1006 1138 1050 28
1171 998 1389 1041 Verberibus
1417 999 1554 1050 caeficm
1590 1013 1625 1039 te
1652 1003 1692 1040 in

1026 1057 1226 1110 ptstrinum
1245 1056 1380 1111 Daue]
1429 1057 1522 1095 Vult
1541 1058 1583 1095 in
1603 1070 1692 1108 pro·

1032 1114 1218 1169 nomine,
1248 1123 1288 1151 et
1315 1113 1481 1152 nomine
1498 1114 1695 1165 exagitare

1032 1168 1339 1208 comminatione
1357 1166 1518 1216 seruum,
1539 1168 1696 1219 nequid

1033 1225 1228 1276 relinquat
1243 1226 1430 1276 (vterque
1450 1225 1534 1262 cod.
1552 1224 1614 1263 hic
1637 1226 1696 1264 in·

1034 1277 1182 1320 terserit
1233 1279 1407 1331 J‘nultum)
1457 1280 1693 1320 iracundiae.

1033 1336 1200 1390 Dedam]
1240 1334 1358 1381 Dare,
1388 1334 1442 1375 est
1459 1335 1563 1386 quod
1585 1349 1696 1386 repe-

1034 1401 1107 1431 tas:
1137 1391 1294 1439 Dedere,
1315 1391 1370 1429 est
1383 1391 1434 1430 ad
1450 1402 1694 1442 perpetuum.

1033 1447 1180 1487 Damus
1213 1457 1251 1487 et
1290 1447 1441 1486 amicis:
1491 1448 1689 1498 Dedimus,

1033 1513 1181 1544 tantum
1201 1502 1381 1542 hostibus.
1436 1505 1485 1543 D.
1508 1535 1511 1538 .

1085 1560 1134 1599 Te
1152 1559 1304 1610 mesiam,
1314 1559 1432 1607 Daue,
1446 1562 1484 1597 in
1491 1557 1692 1610 pistrinum

1034 1615 1190 1669 dedam]
1235 1618 1283 1655 Et
1310 1616 1438 1654 omnis
1475 1615 1691 1654 admonitio

1031 1670 1085 1710 est
1105 1683 1205 1723 quae
1223 1668 1399 1722 sequitur.
1453 1672 1495 1710 E.

1090 1725 1308 1765 Verberibus
1339 1725 1477 1775 caesum
1507 1739 1542 1764 te
1576 1728 1615 1765 in
1632 1728 1692 1778 pi·

320 1790 443 1839 (Aen.
464 1798 513 1833 11,
537 1785 654 1836 670.)
715 1783 923 1836 Nunquam
944 1797 981 1823 o·
1020 1782 1200 1836 strinum]
1231 1781 1360 1835 Lyfias
1379 1783 1420 1820 in
1441 1781 1611 1835 Apolog.
1630 1799 1691 1820 πε.

320 1856 422 1881 mnes
463 1840 569 1879 hodie
615 1843 813 1879 moriemur
855 1840 980 1880 inulti.

320 1902 368 1940 Et
395 1898 458 1949 (in
477 1907 639 1947 vti-oque
658 1896 744 1935 cod.
767 1892 903 1935 disen'e
928 1895 983 1934 le-

321 1955 425 2008 gitur
452 1952 532 2004 Sic)
558 1953 632 1991 dies
657 1965 726 2004 pro
743 1951 867 1991 ·no'c“te
888 1951 982 1990 acei-

321 2011 455 2064 pitur:
502 2019 539 2047 vt
571 2007 644 2047 hoc
673 2005 808 2060 ipsum.
870 2008 982 2046 Nun-

320 2079 431 2120 quam
476 2078 595 2104 omnes
638 2062 748 2103 hodie
786 2066 984 2104 moriemur

317 2121 443 2162 inulti.
503 2125 555 2163 D.

1028 1847 1057 1886 2>
1083 1843 1127 1876 τέ
1154 1838 1331 1885 ε’ςατόσθ.
1353 1836 1475 1885 φθόνει,
1510 1851 1598 1891 pag.
1622 1850 1691 1891 93.

1030 1899 1278 1945 Ματιγωθξῒσαν
1322 1900 1369 1938 εἷς
1414 1892 1550 1939 μόλωνκ
1586 1899 1693 1941 ἐμπε-

1029 1958 1110 1990 σεῖν.
1168 1956 1209 1992 L.

1083 2010 1238 2047 Nomen
1249 2005 1358 2045 Daue
1376 2019 1464 2045 cum
1485 2004 1547 2044 hic
1567 2016 1690 2046 totum

1030 2062 1071 2101 in
1094 2062 1336 2116 depreffione
1355 2063 1489 2107 latitet,
1508 2075 1690 2100 numero-

1030 2117 1105 2158 fior
1137 2119 1299 2158 efficitur
1325 2119 1464 2168 oratio,
1489 2116 1515 2155 fi
1534 2117 1618 2168 post
1631 2120 1690 2171 pi-.

378 2178 418 2216 Si
428 2176 582 2228 sbrfi’ro
604 2174 710 2215 hodie
729 2177 923 2228 quicquam
944 2178 983 2214 in
1020 2174 1182 2227 strinum
1204 2174 1414 2215 collocetur.
1473 2177 1513 2212 B.

321 2233 398 2287 tstis
419 2232 575 2287 nuptiis]
625 2231 785 2273 Deinde
805 2245 895 2272 cum
913 2233 982 2271 rni-

322 2292 382 2333 nis
400 2290 557 2329 mandat
576 2298 616 2328 et
635 2287 872 2328 verberibus.
901 2291 945 2328 E.

376 2350 430 2389 26
455 2345 548 2401 Qu
560 2342 660 2397 fiant
689 2344 840 2399 minus]
892 2345 979 2400 Quo

321 2405 465 2452 minus,
508 2401 582 2441 hoc
616 2400 680 2450 est,
711 2413 789 2453 quo
816 2400 980 2454 impedi·

322 2461 408 2500 tius.
464 2463 514 2501 D.

374 2526 430 2568 27
459 2518 570 2555 Vnus
595 2513 694 2553 liber
721 2511 840 2551 babet
870 2511 980 2562 osten-

321 2571 416 2619 dere,
436 2570 579 2611 caeteri
598 2584 683 2609 cum
697 2568 913 2610 Faernianis
924 2580 982 2608 re-

322 2629 381 2669 &e
411 2627 553 2682 legunt
577 2625 723 2680 ostendi.
778 2625 821 2666 Β.

1083 2242 1136 2284 29
1166 2232 1220 2270 Ea
1239 2232 1313 2286 lege
1332 2243 1439 2284 atque
1458 2229 1594 2283 omine]
1627 2230 1691 2268 Le-

1031 2301 1086 2342 ge,
1104 2287 1152 2326 ad
1165 2287 1365 2326 homines:
1392 2288 1522 2329 omine,
1543 2287 1589 2324 ad
1602 2298 1688 2324 rem

1030 2343 1201 2383 diuinam
1219 2343 1403 2392 refertur,
1432 2341 1470 2380 id
1501 2345 1613 2394 (lege
1630 2343 1687 2392 et)

1029 2398 1083 2440 est
1100 2398 1399 2443 firmamentum,
1428 2411 1498 2449 per
1517 2397 1688 2436 humana

1029 2465 1069 2494 et
1106 2455 1251 2494 diuina.
1312 2456 1425 2494 Omen
1460 2463 1591 2492 autem
1620 2452 1686 2501 est,

1029 2510 1213 2563 quicquid
1232 2524 1299 2550 ore
1319 2511 1468 2550 dicitur.
1527 2509 1584 2548 Ea
1610 2509 1687 2564 lege

1029 2580 1138 2622 atque
1155 2568 1298 2622 omine]
1346 2570 1454 2607 Bene
1474 2567 1549 2622 lege
1567 2576 1686 2617 atque

1602 2635 1688 2661 onu-
