1815 3168
625 70 1032 119 EVNVCHVS.

1406 92 1500 151 339

269 193 510 244 Felicitates
535 211 687 242 omnes
708 195 905 242 aduersae
933 194 1056 244 fient.

266 269 353 319 PA
370 285 416 320 R.
457 270 578 324 Quid
598 270 683 316 hoc
716 269 775 316 est
800 271 1000 319 sceleris?
1037 268 1083 319 C
1097 285 1146 319 Η.
1184 277 1313 339 perii.
1353 274 1388 325 P
1402 293 1434 326 A
1449 296 1495 329 R.

367 345 472 408 quid
491 339 734 395 fa-stum’st?
769 341 815 393 C
827 360 878 393 Η.
910 346 1072 407 rogas?

173 436 236 485 35
268 422 402 468 Patris
424 432 680 481 cognatum,
714 430 843 484 atque
867 422 1104 485 aequalem,
1135 424 1497 481 Archidemidem

264 493 516 545 Nouistin'?
557 495 702 542 PAR.
739 496 846 559 quid
867 497 951 544 ni?
987 493 1096 547 CH.
1134 501 1188 556 is,
1211 500 1317 553 dum
1338 504 1496 571 sequor

359 571 485 622 hanc,
509 568 571 637 fit
588 571 697 619 mihi
719 571 911 637 obuiam,

128 826 256 870 taliter
267 824 403 881 posuit.
426 827 583 870 ἐπίθετα*
595 836 723 869 autem
734 825 785 869 de

129 885 248 926 tribus
268 885 379 925 caufis
398 885 622 925 nominibus
641 886 786 925 addun-

127 953 205 982 tur:
236 939 474 982 discretionis
490 971 500 988 ‚
525 943 779 994 proprietatis,

127 1007 295 1038 ornatus.
325 995 597 1038 Discretionis:
617 1008 655 1036 vt
665 999 782 1049 (Aen.

125 1066 210 1102 ΠΙ,
266 1054 324 1104 6.)
383 1053 572 1108 Phrygiae
611 1054 783 1093 molimur

125 1109 314 1150 montibus
347 1110 447 1149 Idae.
515 1111 779 1161 Proprietatis:

124 1177 168 1205 vt
184 1168 304 1219 (Aen.
324 1177 404 1217 vn,
441 1167 559 1218 667.)
604 1162 783 1205 Terribili

126 1224 315 1275 impexum
322 1219 406 1270 fita
426 1233 461 1259 et
480 1217 648 1258 dentibus
673 1224 781 1262 atris.

127 1280 321 1317 Ornatus:
373 1285 412 1313 vt
440 1278 564 1325 (Aen.
595 1287 631 1323 ι,
665 1278 784 1328 618.)

126 1333 234 1374 Alma
257 1332 378 1370 Venus
403 1330 562 1384 Phrygii
581 1333 709 1384 genuit
727 1333 781 1371 St·-

124 1392 277 1429 moentt's
295 1387 346 1427 ad
361 1388 506 1425 vndum.
563 1387 614 1425 D.

180 1449 234 1486 Vt
253 1444 294 1481 in
316 1452 516 1492 Vtrumque
535 1441 715 1490 verbum,
741 1440 783 1480 in

127 1500 314 1540 hominem
333 1509 373 1536 et
391 1509 593 1550 quenquam
605 1497 714 1535 cadat
725 1510 784 1536 ac·

126 1569 272 1604 centus,
292 1566 407 1606 pone,
423 1554 552 1607 Neque
574 1557 782 1605 quenquam

125 1627 192 1669 ego
213 1613 392 1652 hominem
418 1608 479 1660 effi?
500 1608 680 1649 arbitror.
712 1611 752 1648 B.

180 1732 230 1776 33
281 1723 383 1763 Cum
421 1721 538 1760 bonae
573 1721 782 1773 felicitates

123 1779 297 1828 aduerslte
326 1776 393 1815 fibi
422 1788 668 1829 repugnent:
698 1778 779 1829 legi

125 1834 244 1874 debet
275 1833 440 1884 auersae,
478 1833 514 1871 h.
536 1846 569 1871 e.
595 1846 694 1884 quae
714 1845 778 1871 me

122 1890 298 1943 fugiunt,
331 1902 529 1940 nunquam
554 1888 601 1927 ad
627 1903 691 1929 me
710 1901 778 1927 ve-

122 1934 248 1986 niunt.
305 1946 367 1985 Sic
386 1944 566 1983 dicuntur
582 1943 697 1997 saepe
705 1945 779 1985 Dii

66 2027 69 2031 Δ
122 2001 246 2052 auerfi.
301 2005 341 2042 B.

177 2125 231 2168 34
258 2112 364 2169 Qid
393 2112 461 2153 hoc
500 2109 549 2166 est
572 2110 773 2168 fieleris?]

123 2172 287 2221 Propter
315 2169 389 2209 hoc
409 2171 515 2222 quod
543 2172 684 2223 patior,
715 2171 773 2209 in-

125 2227 218 2277 quit.
271 2229 382 2266 Nunc
407 2230 514 2266 enim
540 2226 658 2266 scelus
681 2226 774 2265 dicit

124 2295 148 2320 a
183 2279 274 2321 sene
313 2281 549 2322 commiffum
586 2284 774 2335 (Videtur

122 2338 297 2377 Donatus
316 2339 399 2382 illa,
418 2340 529 2400 Qid
547 2339 614 2378 hoc
634 2339 681 2391 est
694 2340 776 2390 fie—

123 2392 237 2432 teris?
277 2392 442 2434 tribuifle
472 2394 695 2446 Chaereae,
734 2406 773 2434 et

121 2448 172 2488 ad
191 2461 236 2486 ea
250 2448 408 2489 notafl'e:
433 2464 589 2506 propter
598 2454 694 2506 quod
703 2451 773 2490 hoc

116 2508 291 2557 patior„
332 2508 464 2563 inquit.
522 2509 620 2566 ·N0?,1
665 2509 771 2560 enim,

123 2563 229 2618 eto).
280 2564 330 2604 D.

791 684 903 732 Yz

1345 694 1495 744 PAR.

884 825 1034 880 Verba,
1061 827 1169 887 Qid
1183 830 1250 873 hoc
1268 831 1318 887 est
1325 833 1497 887 sideris,

832 883 901 935 ipfi
929 885 1133 928 Chaereae
1159 887 1245 929 sunt
1274 891 1494 934 tribuenda.

831 944 931 982 Nam
951 945 1152 993 Parmeno,
1179 947 1247 997 qui
1259 957 1380 986 totam
1392 948 1495 989 hane

830 994 974 1037 femidi
1002 998 1256 1041 adolescentis
1276 1005 1496 1046 orationem

831 1053 986 1105 tepidus
1013 1064 1051 1095 et
1077 1056 1208 1096 lentus
1233 1058 1374 1108 audiit,
1404 1073 1496 1102 non

830 1108 951 1148 debet
970 1122 1137 1163 repente
1156 1112 1204 1152 ab
1223 1113 1290 1154 illo
1307 1129 1419 1155 more
1428 1117 1498 1158 de·

830 1164 993 1207 fleRere.
1079 1169 1240 1209 Deinde
1295 1173 1494 1221 Donatus,

831 1234 1062 1273 quamquam
1071 1223 1203 1274 scelus,
1224 1226 1328 1278 quod
1352 1226 1415 1267 hic
1437 1229 1495 1270 est

831 1275 1108 1329 infortunium,
1138 1281 1246 1330 male,
1264 1281 1498 1337 interpreta-

831 1341 914 1371 tur:
942 1343 1075 1372 tamen
1101 1336 1203 1374 reae
1235 1337 1368 1378 tribuit
1395 1340 1495 1381 haee

835 1387 962 1435 verba,
986 1390 1036 1427 vti
1055 1403 1137 1441 nos,
1157 1391 1371 1434 Chaereae.
1424 1398 1492 1437 Sic

834 1443 953 1483 Scelus
972 1448 1135 1486 occurrit
1152 1448 1272 1489 Plaut.
1288 1451 1401 1502 capt.
1424 1465 1493 1505 111,

835 1511 870 1551 ς,
896 1512 986 1553 104.
1044 1504 1084 1540 Β.

886 1565 937 1607 35
976 1557 1266 1599 Archidemidem
1291 1562 1497 1619 nostin’?]

829 1610 916 1650 Hoc
926 1609 974 1648 fic
985 1616 1326 1662 pronunciandum
1345 1618 1418 1669 est,
1451 1630 1493 1660 vt

829 1678 1012 1718 appareat
1044 1681 1093 1708 ex
1120 1669 1202 1722 ipso
1229 1675 1393 1713 nomine
1422 1675 1493 1715 sta-

830 1723 911 1771 tim,
936 1721 1113 1764 odiosum
1131 1724 1257 1767 nescio
1285 1742 1405 1780 quem
1423 1744 1491 1771 oc-

829 1776 984 1817 curi-iffe
1001 1792 1044 1818 ac
1063 1783 1347 1833 permolestum.
1381 1788 1430 1826 D.

882 1835 935 1887 36
963 1834 1176 1892 Qid'ni2]
1215 1841 1490 1894 Correptioest

827 1888 873 1928 ab
884 1888 921 1928 se
939 1891 1141 1932 manifesta
1160 1896 1406 1946 inquirentis.
1431 1899 1489 1938 est

826 1947 932 1985 enim
952 1944 1090 1993 sensus,
1110 1951 1219 2001 Quid
1239 1951 1321 2001 nist,
1342 1964 1405 1993 aut
1419 1967 1487 1994 cur

826 2014 909 2041 non
929 2004 1139 2044 nouerim?
1170 2006 1225 2045 est
1253 2009 1360 2048 enim
1394 2010 1488 2063 quid

824 2060 879 2106 ni,
900 2068 964 2097 aut
984 2060 1076 2111 quid
1095 2060 1166 2100 nifi
1177 2091 1185 2111 ‚
1212 2075 1280 2103 aut
1299 2078 1363 2103 cur
1379 2079 1486 2106 non:

825 2127 914 2165 quia
945 2127 1095 2155 veteres
1119 2131 1159 2156 m
1187 2132 1259 2170 pro
1285 2134 1330 2159 ne
1360 2134 1487 2171 pone·

823 2168 937 2216 bant,
964 2183 1004 2210 et
1026 2186 1070 2211 ne
1088 2186 1158 2224 pro
1179 2187 1261 2215 non.
1304 2178 1354 2218 Vt
1371 2178 1484 2217 Plau—

823 2236 883 2264 tus
910 2228 1133 2277 (Menaech.
1164 2241 1198 2278 1,
1229 2244 1275 2279 2,
1309 2234 1385 2283 L),
1425 2233 1484 2274 Ni

814 2282 931 2333 stulta
938 2282 1005 2334 sis,
1025 2297 1180 2335 prone.
1239 2290 1289 2328 Et
1315 2302 1360 2327 ne
1386 2292 1481 2339 vult,

824 2352 894 2390 pro
917 2352 1002 2377 non
1021 2341 1111 2379 vult.
1169 2345 1221 2381 D.

876 2396 1017 2433 Partim
1045 2395 1094 2434 ob
1121 2395 1232 2436 codd.
1261 2397 1398 2449 partlm
1427 2401 1480 2442 ob

822 2447 969 2490 versum
1010 2453 1113 2494 reiie
1141 2454 1308 2493 Faernus
1358 2457 1481 2509 legite

821 2503 998 2558 Nostine?
1022 2509 1062 2547 P.
1085 2509 1240 2560 quidni?
1266 2513 1315 2552 C.
1338 2513 1380 2559 is,
1392 2515 1478 2554 dum

821 2563 918 2612 hanc
929 2562 1086 2621 fiquor,
1107 2562 1161 2623 fit
1175 2565 1228 2611 mi
1245 2567 1404 2615 eteniam.
1433 2575 1475 2611 Β,
