1815 3168
370 162 463 224 3⁶8

762 156 920 203 ACT.
954 155 1028 202 III.
1068 155 1258 203 SCEN.
1287 155 1324 204 1.

503 290 599 334 Iam
620 283 789 332 dudum
808 295 851 331 te
874 294 1008 330 amat:
1048 286 1135 328 iam
1157 281 1323 328 dudum
1344 282 1406 330 illi
1430 283 1552 331 facile
1573 280 1636 338 fit,

505 361 641 417 Quod
665 361 827 407 doleat:
861 361 1015 405 metuit
1036 357 1217 421 semper,
1244 374 1375 420 quem
1390 358 1477 421 ipsa
1489 376 1606 407 nunc
1619 362 1733 425 capit

410 438 477 488 60
508 435 738 489 FruRum,
760 453 815 481 ne
839 432 1014 497 quando
1037 434 1171 478 iratus
1192 443 1242 478 tu
1264 431 1346 479 alio
1367 434 1579 481 conferas.

504 511 557 561 T
582 531 628 559 Η.
664 515 783 557 Bene
817 509 941 556 dixti:
979 525 1026 554 ac
1057 507 1169 554 mihi
1201 505 1307 554 istuc
1345 524 1437 555 non
1471 511 1518 555 in
1539 521 1734 558 mentem

604 596 797 635 venerat.

504 658 623 710 GN.
658 660 931 716 Ridiculum
972 676 1064 706 non
1094 659 1212 705 enim
1247 659 1480 719 cogitaras:
1517 671 1736 709 caeterum

504 739 633 785 Idem
656 739 741 785 hoc
762 746 856 783 tute
877 735 1032 782 melius
1069 744 1232 798 quanto
1254 731 1511 789 inueniffes,
1542 736 1736 785 Thraso!

555 863 823 917 ACTVS
871 861 1148 914 TERTII
1195 860 1452 912 SCENA
1487 858 1553 917 11.

432 956 605 997 THAIS.
636 952 857 993 THRASO.
883 952 1144 993 PARMENO.
1174 951 1412 993 GNATHO.
1440 954 1676 997 PYTHIAS.

504 1067 607 1219 A

359 1311 553 1368 fintentia
564 1307 713 1351 tollitur
721 1307 844 1355 militi,
860 1305 898 1345 h.
912 1319 945 1346 e.
956 1305 1033 1346 fer-

372 1382 456 1417 tur-3
489 1368 564 1418 vel,
583 1367 667 1406 Hac
677 1364 868 1416 sententia
888 1362 1032 1402 tollitur

370 1427 485 1475 miles,
515 1423 551 1463 h.
574 1435 607 1462 e.
626 1418 812 1469 laudatur,
846 1417 908 1458 vel
929 1420 1032 1457 intu-

369 1479 546 1532 mescit),
576 1477 683 1530 quod
712 1477 816 1515 reete
844 1472 1031 1514 senserat:

370 1551 448 1578 nec
473 1532 724 1589 persuadetur
744 1543 896 1581 tamen,
923 1529 1031 1583 quod

370 1604 519 1638 ametur
537 1591 583 1631 ab
603 1591 736 1631 amica.
793 1590 843 1631 D,

429 1657 478 1702 58
514 1649 592 1688 Iam
610 1643 922 1697 dudumamatte]
955 1642 1032 1683 Vel

372 1707 540 1746 nimium
570 1714 609 1743 et
633 1702 766 1752 valde,
794 1701 857 1743 vel
876 1699 1030 1752 iamp1·i-·

372 1762 476 1804 dem.
535 1763 584 1801 D.

427 1818 507 1856 Iam
527 1828 653 1855 tutum
670 1827 706 1855 te
730 1813 850 1866 amat]
879 1811 1032 1851 Seruius

370 1872 541 1916 Aeneid.
569 1883 626 1911 ιν.
660 1871 709 1909 ad
741 1871 852 1907 illum
884 1865 1031 1906 versum

375 1941 411 1980 1,
430 1929 508 1967 Iam
526 1928 663 1967 dudum
672 1926 803 1977 fitutia
823 1936 923 1962 cura.
961 1925 1001 1961 L.

427 1997 480 2038 59
511 1984 628 2040 Qod
650 1981 783 2034 doleat]
815 1983 900 2020 Hoc
920 1977 970 2015 ad
988 1977 1031 2014 il-

370 2040 439 2081 lud
457 2039 637 2087 refertur,
665 2037 770 2089 quod
793 2033 899 2086 supra
919 2033 1029 2078 dixit,

369 2099 452 2139 Par
469 2109 539 2147 pro
558 2097 642 2148 pari
665 2093 814 2146 referto,
833 2090 932 2144 quod
952 2102 1029 2128 eam

371 2154 551 2194 mordeat.
607 2154 657 2191 D.

742 1146 827 1192 litis
843 1162 855 1192 ι

425 2209 501 2250 Etfi
529 2206 648 2245 nostri
672 2201 784 2244 codd.
810 2214 945 2244 metuet
964 2201 1029 2241 ha-

369 2266 485 2313 bent,
517 2263 674 2316 vulgare
697 2272 829 2300 tamen
855 2260 1029 2298 retinen³

372 2322 467 2361 dum
486 2317 564 2359 effe
585 2315 735 2357 censeo.
790 2320 830 2356 B⁶

430 2381 484 2419 60
517 2377 578 2415 Ne
596 2375 743 2428 quando
764 2375 946 2428 iratus-,tu
955 2368 1031 2411 alio

372 2432 558 2485 conferas]
588 2434 636 2471 Et
652 2430 714 2468 hic
722 2430 851 2468 locum
861 2441 931 2480 pro
943 2437 1027 2481 per-

640 1088 670 1118 v
709 1089 738 1117 D
777 1086 796 1115 1
837 1070 868 1114 R'
909 1086 933 1114 E
986 1084 1140 1118 vocem
1193 1068 1277 1119 visa
1328 1070 1424 1118 sum
1476 1072 1613 1121 modo
1659 1075 1739 1122 mi·

1593 1227 1743 1290 Atque

1079 1304 1173 1347 mile
1199 1304 1394 1356 videatur,
1425 1302 1574 1360 sapiens
1593 1309 1740 1351 dietum

1081 1364 1146 1401 alii
1175 1365 1280 1414 prius
1310 1360 1458 1404 veniffe
1482 1365 1526 1403 in
1550 1374 1738 1417 mentem,

1081 1431 1197 1470 quam
1217 1418 1297 1458 fibi.
1353 1421 1405 1459 D.

1136 1477 1189 1518 62
1225 1475 1458 1530 Ridiculum]
1500 1477 1576 1517 Vel
1614 1473 1740 1517 homi*

1079 1540 1172 1569 nem
1177 1532 1250 1578 ‚vel
1261 1530 1401 1571 dierum
1410 1531 1676 1585 significamus.
1688 1536 1738 1574 D»

1136 1586 1303 1627 Ridicule
1313 1603 1328 1624 .·
1346 1597 1416 1626 non
1427 1592 1521 1627 enim
1533 1590 1740 1644 cogitaras]

1079 1643 1260 1683 Parasitus
1283 1643 1430 1683 tametfi
1448 1644 1599 1684 bonum
1626 1646 1742 1686 confi-

1079 1699 1177 1738 lium
1192 1700 1403 1749 inuenerit,
1429 1711 1572 1751 tamen,
1600 1704 1740 1752 quoni-

1080 1768 1142 1795 am
1162 1756 1286 1796 Colax
1305 1755 1369 1803 est,
1393 1755 1492 1809 dicit,
1525 1755 1647 1809 ipsum
1668 1760 1740 1798 mi·-

1081 1813 1190 1852 litem
1215 1811 1242 1851 fi
1273 1811 1494 1865 cogitaffet,
1523 1814 1660 1853 melius
1679 1815 1739 1855 in-

1080 1863 1221 1907 uenire
1242 1865 1416 1919 potuisse.
1474 1870 1518 1909 E.

1133 1922 1308 1964 Verbum
1322 1923 1531 1963 Ridiculum
1541 1922 1608 1976 ipfi
1618 1924 1738 1966 Thra·

1079 1974 1176 2027 soni,
1195 1977 1405 2031 magnifice
1426 1980 1476 2020 de
1491 1981 1656 2033 ingenio
1668 1979 1737 2022 suo

1077 2033 1269 2082 sentienti,
1304 2032 1552 2076 tribuendum
1573 2039 1738 2079 Daceria

1078 2097 1195 2141 putat.
1253 2092 1295 2130 Z.

1131 2150 1184 2199 63
1219 2146 1407 2187 Caeterum
1423 2147 1491 2188 hoc
1507 2162 1586 2189 tute
1609 2151 1736 2192 melius

1078 2212 1220 2255 quanto
1232 2203 1429 2255 inuengffis,
1447 2205 1636 2260 Thrasbl]
1655 2208 1734 2248 Sci-

1079 2260 1180 2306 licet,
1201 2257 1228 2296 fi
1247 2257 1455 2311 cogitasses.
1509 2264 1556 2301 D.
1700 2298 1703 2301 .

1133 2315 1174 2354 Si
1194 2314 1293 2353 Idem
1309 2315 1373 2363 est,
1394 2318 1591 2366 quomodo
1607 2318 1734 2359 melius

1076 2370 1153 2409 dici
1172 2370 1322 2422 potest?
1352 2373 1473 2425 Igitur
1498 2386 1668 2425 repono,
1698 2377 1738 2415 I·

1075 2426 1239 2466 dem'hoc
1256 2439 1320 2466 aut
1337 2427 1460 2469 melius
1478 2442 1555 2469 tute
1575 2432 1733 2482 inueng‘s:

369 2486 462 2528 sona
485 2487 631 2540 posuitz
660 2494 702 2526 vt
721 2500 775 2525 ne
799 2484 957 2548 diceret,
980 2484 1031 2524 ad
1063 2483 1140 2536 fis,
1160 2480 1310 2533 Thraso.
1343 2483 1406 2524 Cf.
1427 2486 1529 2526 And.
1542 2498 1595 2536 xv,
1611 2500 1644 2535 1,
1660 2498 1731 2542 57.

370 2544 494 2586 aliam.
547 2547 597 2584 D.

428 2604 479 2642 61
509 2601 562 2638 At
580 2596 673 2638 mihi
689 2592 776 2649 istuc
796 2606 868 2637 non
885 2600 924 2635 in
935 2606 1028 2637 mena

373 2668 445 2696 tem
474 2656 641 2708 venerat]
674 2656 735 2696 Sic·
765 2654 1029 2705 pronuncian-

372 2713 471 2770 dum?
485 2711 546 2763 est,
569 2710 670 2771 quali
686 2711 801 2753 mimi
818 2704 977 2753 monstri
989 2707 1028 2751 fi-

1077 2550 1116 2578 et
1134 2535 1285 2578 Phorm.
1305 2552 1336 2588 1,
1355 2553 1393 2593 4,
1412 2551 1476 2595 50.
1533 2545 1572 2581 Β.

1132 2608 1152 2637 1
1182 2596 1321 2636 Audire
1339 2607 1461 2637 vocem
1470 2597 1643 2649 vzfifitm
1654 2602 1733 2637 moi

1078 2651 1124 2694 do
1141 2651 1289 2707 militis]
1320 2654 1396 2699 Hie
1420 2655 1731 2751 ὶιμίιιεὶευιόιῃίὲῑ.

1605 2718 1660 2763 trp
1706 2725 1731 2756 κ
