1815 3168
424 157 514 226 De
547 177 754 226 TRAG.
790 178 880 223 ET
913 178 1235 225 COMOED.
1381 196 1508 225 xm

146 304 241 346 faeta
265 297 431 355 gloriosa
451 298 658 344 celebrari,
691 296 932 349 proferrique
961 294 1170 335 constaret:
1209 308 1290 336 tum
1323 302 1505 350 paulatim

145 362 245 403 fama
264 358 374 398 huius
403 357 489 395 artis
511 352 714 394 incfebuit.
771 350 937 404 Thespis
973 363 1102 390 antem
1129 353 1274 403 primus
1303 355 1398 393 haec
1427 356 1509 396 scri-

143 428 206 471 pta
234 415 274 453 in
302 414 481 451 omnium
515 411 691 449 notitiam
727 409 897 461 protulit.
952 408 1086 447 Postea
1118 406 1328 461 Aeschylus
1356 408 1503 453 secutus

143 469 380 521 exemplum,
408 467 629 520 publicauit.
660 466 711 505 de
732 464 873 517 quibus
903 464 955 502 ita
974 465 1154 503 Horatius
1179 466 1221 505 in
1244 476 1326 506 arte
1345 470 1500 510 Poetica

138 527 329 580 loquitu1·;

308 582 485 636 Ignotum
504 580 664 633 tragicae
677 588 791 631 genus
807 575 978 628 inueniffie
997 588 1189 614 camoenae

305 636 474 682 Dicitur,
497 649 532 674 et
545 633 722 687 plaustris
739 632 870 684 vexzffi
886 644 1052 684 poemata
1076 630 1241 684 Thespis,

305 693 410 748 Qae
431 704 613 737 canerent,
635 702 851 743 agerentque
864 689 1037 740 perunc‘i'i
1043 687 1192 739 fecibus
1211 702 1291 729 ora.

309 747 488 800 Posthunc
503 746 689 799 persbnae,
707 744 888 798 pallaeque
907 756 1077 794 repertor
1095 743 1262 795 honestae

306 803 515 856 Aefihylm3
536 817 570 840 et
587 803 735 842 modicis
755 801 928 851 instrauit
943 800 1086 851 pulpita
1107 803 1249 854 tignis.-

307 863 358 902 Et
377 862 504 898 docuit
521 870 762 913 magnumque
781 858 894 910 loqui,
919 858 1062 908 nitique
1083 855 1279 897 cothurno.

307 913 476 968 Succeffit
495 925 596 954 vetus
618 914 677 953 hic
699 913 897 953 Comoedia
917 925 992 951 non
1006 911 1084 959 sine
1102 912 1221 950 multa

305 973 454 1013 Laude:
472 970 542 1022 fid
562 973 602 1009 in
620 972 754 1008 vitium
776 968 929 1009 libertas
950 969 1100 1016 excidit,
1121 982 1157 1007 et
1177 970 1254 1008 vim

305 1030 478 1084 Dignam
493 1026 569 1080 Iege
587 1032 676 1080 regi.
704 1027 764 1064 Iex
781 1025 828 1076 est
844 1037 1012 1076 accepta:
1041 1022 1244 1080 chorusque

303 1085 479 1136 Turpiter
499 1085 657 1122 obticuit
664 1080 815 1132 fitblato
835 1084 918 1120 iure
935 1080 1098 1120 nocendi.

307 1141 384 1180 Nil
401 1144 621 1180 intentatum
640 1137 753 1190 nostri
774 1137 912 1191 liquere
930 1136 1091 1175 Poetae.-

303 1198 384 1237 Nec
403 1199 588 1235 minimum
605 1208 766 1234 meruere
786 1196 902 1241 decus,
920 1191 1073 1247 vestigia
1095 1191 1242 1233 Graeca

306 1253 400 1305 Ausi
412 1251 579 1302 deserere,
599 1265 633 1289 et
650 1250 829 1291 celebrare
848 1247 1038 1299 domestica
1046 1249 1168 1301 ftzc‘la,

316 1309 382 1347 Vel
397 1311 462 1362 qui
482 1320 708 1360 praetextas,
730 1306 788 1344 vel
801 1309 865 1359 qui
883 1307 1036 1345 docuere
1053 1318 1213 1359 togatas,

223 1363 361 1403 Fabula
391 1364 577 1417 generale
597 1376 744 1401 nomen
767 1362 841 1410 est,
869 1362 952 1403 eius
971 1361 1071 1400 duae
1088 1362 1236 1412 primae
1254 1371 1380 1412 partes
1400 1360 1497 1412 sunt,

139 1420 363 1472 Tragoedia
384 1432 422 1458 et
438 1419 667 1460 Comoedia.
725 1418 765 1456 Si
783 1417 919 1458 Latina
937 1418 1221 1469 argumentatio
1240 1418 1293 1460 fit,
1321 1431 1498 1468 praetex-

143 1488 203 1516 ata
233 1476 382 1513 dicitur.
447 1474 663 1516 Comoedia
699 1484 828 1513 autem
868 1473 1003 1511 multas
1037 1470 1183 1523 species
1224 1471 1350 1512 habet.
1417 1479 1498 1514 Aut

143 1534 251 1571 enim
284 1532 434 1582 palliata
464 1529 536 1578 est,
574 1540 636 1568 aut
665 1539 813 1581 togata,
858 1538 922 1566 aut
946 1526 1179 1576 tabernaria,
1209 1538 1274 1566 aut
1300 1529 1496 1578 attellana,

140 1599 203 1627 aut
225 1589 375 1634 mimus,
405 1597 469 1625 aut
484 1586 715 1632 rhimonica,
747 1595 811 1623 aut
830 1583 1064 1636 planipedia.
1120 1584 1352 1639 Planipedia
1365 1597 1498 1626 autem

141 1644 261 1690 dieta,
296 1643 344 1680 ob
373 1642 624 1681 humilitatem
652 1640 874 1692 argumenti
901 1641 1004 1682 eius,
1035 1652 1078 1677 ac
1098 1640 1285 1678 vilitatem
1307 1642 1490 1689 aelorum,

139 1700 206 1750 qui
227 1711 308 1736 non
330 1697 520 1735 cothurno
545 1707 608 1734 aut
628 1694 735 1735 socco
754 1705 908 1733 Vtuntur
929 1696 970 1732 in
987 1696 1130 1741 Scena,
1162 1705 1227 1733 aut
1243 1697 1408 1747 pulpito,
1429 1695 1496 1736 sed

139 1755 257 1807 plano
276 1753 396 1804 pede:
427 1754 488 1791 vel
509 1752 597 1791 ideo
618 1750 720 1803 quod
737 1764 819 1789 non
840 1763 887 1789 ea
905 1751 1065 1802 negotia
1083 1751 1272 1799 continet,
1301 1765 1401 1802 quae
1412 1767 1497 1804 per-

138 1809 313 1849 sonarum
335 1810 376 1847 in
403 1807 584 1852 turribus,
615 1817 680 1845 aut
703 1807 745 1844 in
770 1807 988 1846 coenaculis
1013 1805 1267 1845 habitantium
1296 1805 1399 1856 sunt,
1431 1807 1497 1849 sed

137 1867 179 1905 in
198 1866 314 1916 plano
344 1876 382 1904 et
402 1864 537 1903 humili
556 1865 654 1902 loco.
708 1859 903 1903 Personati
929 1863 1043 1913 primi
1069 1859 1191 1915 egisse
1218 1862 1402 1903 dicuntur
1423 1868 1498 1907 Co-

137 1920 333 1961 moediam
366 1921 527 1962 Cincius
557 1930 596 1958 et
623 1917 806 1958 Faliscus:
836 1918 1098 1971 Tragoediam
1134 1920 1206 1971 13)
1235 1921 1430 1960 Minutins
1456 1933 1496 1961 et

135 1976 377 2018 Prothonius.
441 1976 625 2016 Omnium
645 1985 774 2014 autem
793 1973 1096 2016 comoediarum
1113 1972 1248 2026 scripta
1267 1988 1316 2014 ex
1333 1988 1497 2027 quatuor

136 2033 250 2073 rebus
273 2034 436 2071 omnino
454 2030 671 2077 sumuntur;
705 2032 886 2079 nomine,
920 2031 1029 2079 loco,
1049 2029 1172 2078 sacto,
1205 2034 1363 2071 euentu.
1419 2037 1497 2073 No-

134 2091 265 2135 mine,
301 2100 338 2127 vt
365 2087 567 2139 Phormio,
602 2087 772 2140 Hecyra,
811 2087 1024 2139 Gurgulio,
1053 2086 1248 2139 Epidicus.
1303 2091 1427 2138 Loco,
1458 2100 1497 2129 vt

133 2145 300 2191 Andria,
332 2145 546 2193 Leucadia,
578 2142 830 2183 Brundusina.
886 2144 1011 2190 Fac'ffl,
1040 2154 1079 2181 vt
1099 2141 1331 2189 Eunuchus,
1367 2145 1497 2185 Afina-

135 2202 207 2248 ria,
240 2201 408 2252 Captiui.
466 2205 642 2248 Euentu,
673 2199 1007 2245 Commorientes,
1037 2197 1228 2250 Adelphi,
1262 2202 1496 2240 Heautonti-

135 2270 396 2296 morumenos,
417 2257 716 2296 Comoediarum
736 2253 882 2294 formae
903 2252 990 2293 sunt
1016 2265 1114 2302 tres,
1149 2255 1347 2304 Palliatae‚
1378 2259 1499 2298 Grae-

135 2326 221 2354 cum
240 2312 415 2352 habitum
443 2312 633 2353 ferentes:
666 2324 759 2363 quas
779 2311 963 2349 nonnulli
981 2310 1219 2350 tabernarias
1239 2324 1382 2352 vocant.
1416 2317 1497 2354 To-

137 2381 248 2423 garae
266 2370 368 2408 iuxta
384 2370 547 2408 formam
568 2365 812 2419 personarum
834 2366 1009 2406 habitum
1021 2375 1199 2420 togarum
1218 2366 1495 2410 desiderantes,

134 2426 373 2473 Attellanae‚
402 2423 538 2464 salibus
556 2436 595 2462 et
615 2424 709 2462 iocis
732 2421 980 2474 compositae,
1013 2435 1112 2475 quae
1132 2424 1174 2470 in
1194 2420 1231 2461 se
1250 2437 1331 2462 non
1352 2424 1497 2465 habent

134 2480 203 2519 nifi
226 2481 409 2519 vetustam
433 2481 677 2533 elegantiam.
736 2479 953 2519 Comoedia
983 2490 1112 2519 autem
1138 2478 1322 2518 diuiditur
1344 2480 1383 2519 in
1402 2495 1499 2533 qua-

136 2546 222 2575 tuor
259 2549 405 2589 partes,
446 2538 677 2590 Prologrm,
725 2535 891 2575 Protafin
904 2565 915 2586 ,
958 2534 1150 2587 Epitafin,
1202 2535 1496 2589 Catastrophen.

1409 2597 1498 2633 Pro-

222 2663 282 2712 13)
314 2663 492 2703 *Minatius
525 2672 562 2700 et
594 2661 820 2707 Prothom‘us]
843 2660 911 2700 Ms.
930 2660 1155 2698 Minutimet
1171 2662 1383 2704 Protbimus.
1406 2665 1447 2702 L.

858 2739 880 2765 c
