1815 3168
640 148 1052 197 EVNVCHVS.

1407 166 1500 211 491

247 330 252 332 ,
280 275 362 322 Sed
397 272 512 327 estne
546 274 619 321 ille
649 273 795 321 noster
814 275 1061 322 Parmeno?
1097 285 1140 321 et
1160 287 1274 323 certe
1294 278 1408 341 ipsus
1432 278 1505 325 est.

216 359 244 416 ς
283 355 429 404 Quem
452 348 722 413 praestolare,
752 355 976 402 Parmeno,
999 350 1070 396 hic
1095 361 1193 396 aute
1216 350 1401 397 ostium?

274 423 309 472 P
324 440 355 470 A
371 439 412 471 R.
456 427 565 480 Quis
588 425 726 472 homo
747 424 841 472 est?
880 425 1023 478 ehem,
1044 424 1210 472 saluum
1230 436 1272 472 te
1284 426 1503 482 aduenire,

369 500 488 555 here,
512 500 697 560 gaudeo.

275 572 318 621 L
333 588 382 619 A.

372 650 522 696 haeret
548 661 683 698 metu.

441 579 586 629 Quem
626 572 915 640 praestolare?
959 568 994 622 P
1011 588 1042 619 A
1058 588 1121 625 R..
1149 577 1263 640 perii
1287 593 1296 621 :

1352 576 1502 637 lingua

274 719 317 770 L
333 724 381 769 Α.
421 728 567 776 Hem!
608 725 714 791 quid
736 724 808 780 est,
832 724 938 791 quid
951 724 1170 791 trepidas?
1208 725 1338 773 satine
1358 722 1502 773 salue?

374 797 441 846 dic
462 800 586 849 mihi.

190 1031 219 1071 4
248 1018 318 1058 sed
341 1017 432 1070 estne
459 1016 517 1058 ille
546 1018 668 1073 noster
702 1019 797 1060 Par-

138 1078 266 1114 mcno?
298 1088 333 1112 et
353 1088 446 1113 certe
463 1075 562 1127 ipsus
580 1075 644 1130 est]
672 1078 719 1116 Et
732 1076 795 1115 du-

71 1158 75 1166 .
138 1131 286 1175 bitauit,
323 1141 360 1169 et
378 1131 542 1170 firmauit
558 1134 708 1183 postea:
743 1142 797 1169 vt-

139 1199 234 1238 pote
253 1183 381 1234 senex,
402 1184 480 1225 visu
501 1187 575 1226 iam
594 1186 794 1239 languido,

140 1253 215 1292 atq
211 1254 257 1279 ιο
276 1242 394 1280 oculis
414 1252 539 1282 aetate
550 1241 713 1282 defeffis.
747 1246 794 1283 D.

195 1298 299 1349 Jstne
335 1296 392 1335 ille
425 1297 541 1348 noster
584 1298 794 1352 Parmeno]

138 1356 188 1393 In
209 1350 278 1394 Ms.
302 1354 342 1391 R
374 1349 419 1402 cst
444 1354 639 1392 omittitur.
697 1356 739 1392 L.

199 1422 219 1460 5
250 1408 370 1461 ,Quem
385 1407 618 1459 praestolare,
648 1407 797 1451 Parme-

139 1477 216 1511 πο,
257 1464 315 1501 hic
344 1476 428 1502 ante
447 1463 631 1517 ostium?]
680 1465 799 1502 Noue

137 1521 333 1572 (Antique.
391 1521 490 1558 Nam
508 1519 609 1572 apud
623 1520 798 1560 Plautum

138 1575 245 1613 idem
275 1574 436 1614 occurrit
463 1576 541 1627 Z.):
591 1588 692 1622 non,
725 1575 798 1613 Cui

134 1630 380 1684 praestolare:
416 1628 502 1678 sed,
537 1629 656 1684 Qem
687 1629 799 1669 dixit.

140 1688 267 1726 Aliter
283 1686 433 1724 Tullius
457 1688 498 1724 in
522 1687 729 1727 Catilinam
746 1686 795 1735 (1,

137 1745 197 1795 9.)
229 1744 311 1799 ‚Qui
339 1740 410 1780 tibi
429 1742 478 1781 ad
495 1745 632 1792 forum
653 1741 796 1781 Aureli-

137 1811 202 1836 um
233 1796 554 1849 praestolarentur.
622 1798 707 1837 pm
705 1796 793 1847 ‘’sto-

137 1854 235 1901 lari,
265 1853 319 1892 est
345 1852 494 1904 praesto
520 1850 597 1893 esle
622 1865 660 1891 et
679 1865 795 1904 appa-

137 1922 238 1957 rere,
261 1908 336 1948 hoc
355 1907 417 1955 est,
447 1905 616 1960 obsequi.
672 1907 721 1947 D„

179 1977 181 1979 ·
232 1978 309 2003 uem
314 1964 552 2059 praestolari]
571 1963 793 2003 Notandum

137 2034 217 2073 quo
266 2020 327 2059 hic
343 2034 414 2071 per
433 2033 525 2059 accu
544 2019 686 2060 atinum
706 2032 792 2071 pro·

137 2077 236 2124 tulit,
255 2090 356 2130 quem
370 2075 600 2129 praestolare.
654 2079 706 2116 At
731 2087 793 2113 *ve-

137 2146 182 2172 ro
201 2133 339 2173 Cicero
361 2147 432 2184 per
454 2133 626 2172 datiuum
653 2133 717 2182 (C
711 2131 788 2170 ιῑίΙ,

142 2201 178 2235 1,
199 2191 278 2240 9.)·
309 2188 387 2243 Qi
415 2188 485 2228 tibi
503 2189 552 2228 ad
565 2186 700 2252 flmm}
719 2189 795 2226 Au-

141 2246 210 2283 reli
213 2257 272 2283 um
279 2244 548 2299 praestolentur
556 2256 715 2283 armatz.
688 2242 720 2268 '³
750 2244 792 2282 Ε.

196 2301 316 2356 Qem
335 2299 570 2354 praestolare]
605 2297 789 2339 Priscian.

140 2354 209 2394 lib.
233 2369 307 2395 ΗΧ.
364 2359 403 2398 L.

196 2413 221 2452 6
249 2410 344 2465 ρᾶς
379 2412 486 2451 homo
510 2409 580 2465 est?
588 2411 607 2465 ]
645 2412 791 2462 Quare,

141 2464 236 2519 Qis
270 2468 393 2516 homo,
432 2480 570 2518 quum
580 2466 794 2524 prouiderit

140 2523 394 2561 venientem:
442 2536 566 2562 vtrum
602 2525 683 2562 non
712 2523 793 2560 nult

136 2577 261 2616 videri
281 2576 505 2628 prouidifle,
536 2592 589 2619 ne
606 2577 701 2630 quid
723 2577 791 2617 fal-

138 2634 257 2672 laciae
274 2631 416 2686 par-zise
435 2634 634 2676 videatur?
666 2635 729 2676 Sic
751 2644 790 2675 ct

1354 880 1498 924 PAR.

847 1021 889 1061 in
908 1019 1075 1067 Andria,
1106 1018 1226 1075 ‚Qtast
1237 1020 1279 1059 de
1298 1020 1500 1073 improuifi)

846 1076 979 1128 respice
1004 1076 1053 1114 ad
1077 1090 1165 1115 eum.
1206 1077 1279 1115 Vel
1304 1079 1393 1129 quia
1417 1089 1502 1128 pei·-

847 1132 1020 1171 turbatur
1037 1133 1292 1180 exanimatus,
1324 1134 1387 1184 qui
1408 1133 1501 1171 dum

847 1188 939 1240 quid
976 1187 1078 1239 apud
1115 1187 1308 1228 Thaidem
1336 1199 1501 1241 geratur,

846 1241 1033 1290 auscultat,
1048 1257 1127 1281 non
1146 1244 1251 1284 videt
1271 1241 1403 1283 senem
1416 1256 1502 1295 pro-

847 1301 933 1351 pius
954 1299 1152 1347 accedere,
1175 1313 1290 1350 quem
1307 1300 1427 1353 longe
1449 1299 1502 1337 vi-

847 1355 981 1393 derat?
1016 1359 1081 1393 An
1117 1367 1205 1393 xeio
1241 1354 1384 1394 idcirco
1425 1354 1501 1392 hoc

847 1408 971 1462 fingit,
993 1411 1083 1460 quia
1104 1409 1204 1459 quod
1226 1411 1381 1461 palabat
1398 1410 1501 1448 dice-

847 1477 889 1504 re
911 1465 962 1503 de
974 1461 1159 1511 Chaerea,
1179 1465 1375 1515 postquam
1387 1466 1501 1503 comi-

846 1532 919 1558 nus
946 1530 1104 1559 ventum
1125 1519 1189 1569 est,
1207 1534 1289 1559 non
1307 1520 1426 1560 audet
1440 1522 1501 1560 lo-

849 1576 942 1627 qui?
997 1578 1045 1615 D.

897 1630 1086 1681 Aduenis&
1100 1631 1200 1670 red-'Ie
1209 1630 1355 1670 habent
1364 1644 1502 1670 omnes

845 1687 984 1734 nostri,
1014 1699 1092 1725 vno
1113 1698 1288 1738 exceptO.
1340 1688 1501 1727 Deinde

846 1742 945 1789 dele,
974 1742 1084 1789 Here,
1114 1742 1217 1793 quod
1236 1757 1258 1781 a
1276 1743 1394 1781 tribus
1414 1758 1501 1794 pro-

844 1797 939 1837 batis
959 1797 1081 1845 abest,
1110 1795 1331 1850 praesertim
1355 1811 1442 1837 cum
1470 1800 1501 1837 i-

842 1853 935 1892 dem
963 1851 1112 1891 nomen
1133 1853 1248 1906 paulo
1267 1853 1350 1904 post
1369 1867 1500 1893 occur-

841 1919 908 1948 rat.
963 1911 1006 1947 Β.

891 1975 921 2018 7
949 1965 1094 2019 Lingua
1113 1963 1241 2003 haeret
1266 1965 1382 2018 metu]
1413 1967 1498 2006 Vir

843 2020 957 2075 gilius
985 2021 1104 2072 (Aen
1122 2033 1168 2070 ιι,
1187 2023 1339 2075 774),
1354 2021 1407 2061 Et
1424 2035 1502 2062 vox

832 2074 1014 2130 saucibus
1032 2074 1129 2126 haef
1110 2089 1153 2115 t
1208 2076 1261 2115 D.

898 2138 920 2181 3
951 2131 1058 2186 Qtid
1075 2131 1130 2182 est,
1161 2132 1258 2184 quod
1274 2131 1439 2184 trepidas
1451 2132 1499 2186 ?]
1517 2132 1520 2135 ’

842 2187 1067 2229 Instandum
1095 2186 1149 2226 est
1166 2186 1246 2226 seni
1266 2188 1311 2226 ad
1338 2187 1501 2227 audien-

844 2244 903 2291 da,
924 2257 1022 2294 quae
1041 2242 1093 2281 de
1110 2241 1210 2281 facili
1228 2256 1429 2294 nunquam
1447 2242 1502 2282 fa·

844 2310 990 2339 ter-erui
1008 2302 1210 2338 PaiQmeno
1269 2299 1410 2349 Satfize
1420 2299 1499 2349 fid-

842 2369 886 2394 ue
898 2355 932 2409 ?]
964 2354 1260 2407 Salue‚1ntegr‚e
1270 2355 1499 2403 1e3·e‚com-

842 2412 973 2451 mode.
1029 2411 1213 2450 Plautus
1203 2424 1246 2449 in
1263 2411 1499 2451 Trinummo

843 2469 908 2519 (v,
934 2477 984 2516 2,
1013 2469 1118 2520 53.)‚
1156 2466 1381 2506 Bencuolens
1410 2477 1499 2506 tuns·

841 2536 951 2575 atque
982 2521 1151 2574 amicu’st.
1185 2525 1263 2562 LE.
1282 2522 1404 2572 satin’
1422 2522 1498 2573 fid-

839 2583 917 2619 ue?
944 2576 1087 2628 Satifite
1105 2575 1271 2632 fizlue?]
1302 2582 1416 2618 Nunc
1435 2578 1496 2616 ad-

839 2633 1035 2688 uerbium
1055 2632 1136 2678 'estz
1171 2634 1353 2686 produt-“ta
1391 2634 1446 2671 est
1473 2646 1497 2672 e

1367 2690 1490 2730 litera}
