1815 3168
655 164 945 210 ANDRIA.

1380 177 1472 211 201

246 295 356 342 Eam
384 307 565 340 vxorem
598 290 740 339 ducet.
790 286 911 336 MY.
953 285 1030 336 au!
1067 287 1266 342 obsecro,
1299 307 1354 337 an
1384 308 1477 340 non

344 370 452 415 ciuis
486 365 546 412 est
556 361 583 416 ’ἓ

245 441 292 492 C
305 456 353 491 H.
383 442 647 490 Iocularium
667 443 714 488 in
735 439 899 487 malum
919 438 1100 487 insciens
1120 453 1237 503 pene
1259 439 1407 486 incidi.

243 515 294 565 D
308 530 339 563 A
353 529 398 563 v.
437 519 548 572 Quis
579 517 651 563 hic
684 516 912 579 loquitur?
948 531 977 562 o
1012 514 1200 567 Chreme
1213 549 1227 567 ,
1263 529 1346 578 per
1367 524 1479 563 tem-—

346 609 430 656 pus
465 591 643 638 aduenis
659 608 668 635 :

150 682 216 731 45
250 666 465 714 Ausculta.
495 662 604 714 CH.
633 665 781 714 audiui
804 666 893 712 iam
914 664 1076 712 omnia.
1115 661 1274 712 DAv.
1309 663 1389 718 ah,
1419 679 1480 713 ne

345 754 395 789 tu
429 743 592 789 omnia.

219 814 359 865 (ΣΗ.
391 817 573 870 Audiui,
604 818 799 879 inquam,
832 833 857 862 a
876 815 1112 882 principio.
1161 810 1313 861 DAV.
1345 812 1483 864 ⁴audi-

343 887 439 939 stin’
466 891 641 940 obsecro
653 892 676 937 ?

243 969 370 1016 Hem
388 965 568 1020 scelera!
605 967 717 1015 hanc
741 969 827 1015 iam
848 975 1024 1033 oportet
1045 968 1093 1013 in
1117 966 1358 1014 cruciatum
1376 964 1483 1015 hine

346 1041 504 1108 abripi.

248 1119 340 1167 Hic
363 1115 426 1166 est
444 1117 539 1166 ille:
575 1134 668 1167 non
685 1128 730 1168 te
753 1117 900 1168 credas
920 1122 1099 1167 Dauom
1116 1116 1283 1166 ludere.

172 1330 229 1372 42
260 1320 410 1361 Omnes
439 1319 557 1362 nostri
591 1321 680 1363 libri
707 1321 774 1362 eho

118 1374 280 1430 obstem,
304 1378 415 1416 reem
473 1381 514 1418 Β.

176 1445 226 1486 43
263 1433 490 1472 Iocularium
533 1436 574 1472 in
619 1433 774 1487 malum]

118 1488 154 1528 Ε
171 1489 361 1527 contrario
378 1502 449 1540 pro
466 1490 588 1540 graui,
609 1499 648 1529 et
656 1490 776 1528 mole-

117 1543 184 1592 ste,
205 1557 247 1582 ac
265 1544 400 1583 nimio.
457 1544 685 1584 Iocularium
704 1545 776 1598 igi-

119 1610 182 1638 tur
209 1599 286 1637 κατ’
315 1604 520 1648 ἇντίφρασιν.
575 1603 623 1640 D

175 1656 390 1695 Iocularium
409 1659 449 1695 in
466 1656 618 1710 malum]

117 1710 339 1751 Phormion.
384 1712 566 1752 Iocularis
609 1712 772 1751 audacia.

119 1764 276 1806 Glofl'ar.
295 1768 477 1808 Iocularis
496 1764 688 1815 γελαιῶὂης.
710 1767 775 1807 Ci-

117 1835 208 1862 cero
240 1822 290 1862 de
320 1826 431 1863 Fato:
460 1827 589 1865 Amm.
611 1823 773 1865 Marcel.

116 1878 184 1918 lib.
206 1892 268 1919 xx.
296 1879 483 1919 Ioculares
499 1877 615 1932 cafics,
669 1882 711 1919 L.

170 1946 227 1987 44
271 1937 374 1992 Qus
410 1935 468 1974 hic
507 1935 707 1989 loquitur?
751 1947 773 1973 o

116 1990 288 2040 Chreme,
327 2002 394 2044 per
426 2003 565 2044 tempus
603 1989 773 2043 aduenis]

114 2047 356 2099 Principium
401 2045 593 2099 loquendi
641 2048 774 2088 Dauus

115 2102 322 2145 Chremeti
332 2104 406 2151 dat,
429 2102 666 2155 perfeRurus
677 2113 776 2154 quae

115 2156 198 2211 ipse
227 2169 384 2198 conatus
413 2158 477 2198 est.
532 2159 608 2198 Per
634 2170 775 2211 tempus

113 2214 286 2269 aduenis]
316 2214 425 2255 Idem
445 2214 509 2264 est,
530 2225 770 2268 pertempus,

114 2270 222 2322 quod
241 2272 283 2310 in
306 2282 494 2323 tempore,
517 2282 582 2310 aut
594 2281 698 2310 certe
704 2281 772 2323 per

117 2338 275 2380 tempus,
304 2327 546 2378 tempestiue.
608 2327 642 2366 Ο
661 2326 772 2366 Chre-

116 2396 184 2431 me,
216 2394 283 2435 per
305 2395 443 2435 tempus
464 2382 633 2437 aduenis]
661 2381 773 2423 Astu-

117 2448 168 2484 te,
189 2438 287 2489 quafi
308 2452 400 2479 eum
417 2453 521 2480 nunc
539 2439 710 2492 primum
719 2438 772 2478 vi·

119 2492 228 2533 derit.
283 2499 333 2536 D.

175 2562 227 2601 45
258 2549 324 2596 Ab,
347 2563 389 2589 ne
408 2562 450 2590 tu
468 2550 607 2604 omnia]
637 2553 771 2591 Autne

118 2603 254 2656 (verba
292 2617 480 2658 corrupta:
528 2607 638 2659 lege,
679 2608 768 2656 Aut,

118 2670 268 2700 ANNE
288 2672 359 2712 pro
386 2673 455 2702 Au
489 2662 644 2718 legitur,
689 2675 770 2710 aut,

117 2727 209 2765 ΑΒ,
248 2728 318 2758 ΝΕ
351 2730 421 2760 τν
449 2719 666 2771 οΜΝιΑ)
697 2732 769 2772 pro

649 1658 702 1697 Vt
731 1656 774 1695 in

1359 1195 1416 1242 M
1433 1191 1487 1244 a·

823 1335 907 1364 non
933 1320 1090 1374 legitur.
1119 1328 1184 1358 aut
1209 1331 1253 1358 ne
1279 1329 1322 1358 tu
1342 1318 1487 1365 omnin,

823 1388 863 1418 vt
880 1391 924 1417 ne
946 1377 1191 1428 producatur,
1215 1385 1254 1414 et
1268 1374 1483 1426 accipiatur

824 1446 896 1485 pro
921 1446 1013 1471 non.
1070 1431 1126 1472 Tu
1146 1430 1286 1485 omnia]
1315 1428 1484 1477 Audisti,

823 1487 1057 1529 subauditur.
1110 1489 1160 1527 D.

879 1545 942 1583 An
970 1557 1013 1582 ne
1035 1555 1075 1580 tu
1099 1540 1242 1596 omnia]
1271 1539 1343 1582 Ms.
1361 1543 1403 1582 R.
1432 1552 1485 1581 an

824 1600 910 1640 haec
928 1612 970 1639 tu
995 1600 1127 1638 omnia.
1185 1600 1224 1638 L.

876 1658 923 1694 In
935 1653 1113 1694 omnibus
1125 1651 1260 1692 nostris
1274 1650 1380 1692 deest
1390 1654 1481 1703 iam,

821 1710 935 1751 male.
955 1711 1162 1751 Caeterum
1190 1709 1317 1758 plures
1346 1718 1386 1747 et
1402 1721 1486 1747 me-

822 1768 949 1814 liores,
982 1778 1033 1804 an
1053 1764 1138 1803 haec
1160 1776 1202 1802 tu
1220 1765 1354 1803 omnia.
1409 1767 1483 1804 Le-

824 1834 889 1876 go,
910 1834 1004 1861 anne
1023 1821 1108 1860 haec
1125 1833 1166 1859 tu
1185 1821 1336 1860 omnia?
1385 1823 1426 1859 B.

906 1881 932 1921 6
960 1876 1140 1928 Audistin”
1167 1875 1344 1931 οόβσγοῖ
1382 1874 1484 1931 hem]

823 1890 1022 1975 Effuhans
1039 1935 1172 1974 Dauus
1189 1930 1325 1981 infert,
1359 1943 1398 1971 et
1422 1932 1486 1971 in-

826 1990 948 2028 culcat
983 1988 1213 2040 frequenter
1250 1987 1485 2040 repetendo,

824 2044 1008 2097 Audistin·
1031 2041 1206 2098 obficro?
1238 2043 1338 2098 hem]
1369 2043 1486 2086 Diffi-

824 2103 900 2141 cile
918 2100 1129 2147 credendo,
1154 2099 1318 2140 affirmat
1338 2098 1378 2139 se
1398 2113 1485 2140 non

823 2155 972 2198 sciuiffe
1016 2154 1259 2209 praesentem
1295 2154 1483 2197 Chreme-

823 2224 915 2260 tem,
947 2223 985 2252 vt
1010 2212 1083 2252 hae
1110 2210 1404 2252 confirmatione
1424 2213 1482 2251 ni-

823 2268 880 2310 hil
913 2269 1024 2309 illum
1058 2268 1112 2309 de
1143 2265 1184 2309 se
1213 2265 1328 2308 faciat
1367 2265 1484 2321 suspi-

820 2326 910 2367 cari.
965 2328 1014 2366 D.

871 2394 927 2436 47
963 2381 1008 2420 In
1035 2379 1278 2434 cruciatum]
1308 2381 1399 2420 Non
1436 2380 1482 2420 in

819 2439 864 2478 in
885 2450 1046 2485 crucem,
1069 2435 1133 2477 sed
1153 2438 1370 2476 cruciatum.
1401 2437 1451 2476 D.

874 2494 971 2533 Hem
1006 2494 1154 2547 apponi
1183 2491 1302 2533 debet
1321 2489 1481 2544 'superi-

821 2550 887 2591 ori.
945 2553 988 2591 B.
1010 2555 1013 2558 “

873 2611 928 2660 48
962 2607 1035 2645 Hic
1060 2603 1119 2644 ille
1138 2602 1203 2659 est]
1234 2605 1334 2646 Cum
1366 2605 1481 2651 ἐμφά·

817 2678 888 2715 σει,
917 2661 1021 2714 quafi
1038 2662 1096 2704 vir
1110 2674 1288 2715 magnus.
1310 2658 1375 2701 sed
1387 2659 1477 2707 hoc,

928 2721 967 2761 N
997 2730 1020 2773 5
1355 2716 1478 2759 Chre·
