1815 3168
10 2501 19 2972 -—-—-.—--——-—.——-

740 186 1031 234 ANDRIA.
1498 207 1563 254 97

333 316 526 379 Nuptias
565 308 764 374 effugere
803 328 888 375 ego
923 312 1021 361 istas
1041 313 1192 368 malo,
1225 329 1359 379 quam
1389 329 1439 365 tu
1476 321 1560 368 adi-

427 389 596 453 piscier.

327 458 438 510 CH.
485 461 722 510 Reddidisti
762 464 973 510 animum.
1033 461 1116 510 ΡΑ
1131 478 1187 513 Μ.
1236 482 1357 516 nunc
1391 466 1422 514 fi
1454 471 1559 533 quid

425 549 551 603 potes
578 549 653 584 aut
670 549 733 591 tu,
756 549 830 585 aut
851 538 922 584 hic
944 538 1142 600 Byrrhia,

326 611 486 666 Facite,
506 611 672 673 fingite,
695 614 905 665 inuenite,
938 610 1109 665 efficite,
1134 617 1210 679 qui
1233 615 1359 663 detur
1380 617 1482 665 tibi:

226 703 287 753 35
327 692 426 749 Ego
457 688 502 734 id
522 705 659 749 agam,
680 688 792 735 mihi
816 690 892 751 qui
914 704 972 735 ne
992 688 1132 757 (ictuc.
1170 687 1280 739 CH.
1320 693 1379 740 sat
1398 694 1555 749 habeo,

421 762 577 813 PAM.
615 767 795 812 Dauum
821 773 1005 830 optume

191 997 246 1040 est
266 998 452 1052 accipere.
491 998 583 1040 eum
601 1001 634 1041 is
652 999 750 1041 nihil
764 1012 850 1055 pro-

191 1056 346 1110 mereat]
390 1055 574 1105 Laboret,
608 1057 672 1096 vel
701 1069 850 1097 merea·

192 1121 263 1161 tur,
286 1113 347 1150 vel
366 1110 555 1152 mercedis
582 1123 717 1164 petere
735 1113 849 1153 debe-

191 1177 241 1206 at.
275 1178 332 1216 vt,
401 1168 468 1206 uid
488 1181 601 1208 meret
618 1168 848 1210 Machaera?

190 1223 345 1263 Plautus
356 1224 398 1263 in
407 1220 600 1273 Pseudolo,
613 1226 688 1274 (lv,
697 1236 736 1278 7,
748 1226 846 1278 89.).

191 1278 244 1319 ld
257 1281 404 1333 gratiae
420 1282 552 1332 apponi
558 1278 650 1331 fibi]
680 1279 787 1320 Addi
802 1281 848 1322 in

195 1334 357 1388 gratiam
379 1332 502 1385 suam,
535 1335 575 1374 id
593 1334 662 1388 est,
679 1335 750 1375 fibi
767 1349 847 1390 gra-

194 1390 288 1429 tiam
306 1402 468 1429 merere.
520 1392 571 1430 D.

250 1444 353 1484 Cum
378 1444 563 1484 lambiens
581 1443 645 1483 hic
663 1445 769 1485 inter
792 1455 850 1485 tot

192 1499 425 1541 Troehaicos
454 1515 536 1540 nou
564 1497 648 1540 satis
667 1500 771 1542 belle
792 1502 850 1541 in-

194 1555 325 1595 cedat:
354 1557 457 1609 lege,
486 1558 612 1597 cumis
629 1558 688 1597 nil
699 1570 846 1597 mereat.

1395 844 1554 899 Video,

897 1000 997 1040 ioco.
1057 1002 1218 1042 Deinde
1239 1014 1283 1042 tu
1307 1015 1360 1044 ne
1378 1004 1563 1055 elidatur-‚2

897 1055 1066 1096 emenda
1082 1070 1175 1098 tute.
1231 1062 1274 1099 B.
1330 1066 1331 1069 ’

953 1124 1008 1165 34
1035 1114 1180 1162 Facite,
1201 1113 1351 1170 fingite,
1380 1118 1555 1164 inuenite‚

897 1168 1044 1222 effi'cite]
1080 1170 1305 1222 Fit‚squod
1329 1185 1460 1213 verum
1490 1172 1555 1212 est.

896 1227 1088 1280 Pingitur,
1105 1226 1212 1278 quod
1221 1225 1356 1267 falsum
1375 1228 1439 1268 est.
1494 1230 1556 1269 In·

894 1285 1057 1329 uertitur,
1076 1297 1128 1322 ne
1147 1293 1296 1323 temere
1314 1282 1389 1323 fiat.
1449 1285 1559 1325 Inue-

895 1340 972 1377 nite
991 1350 1097 1390 ergo,
1119 1339 1223 1391 agite
1240 1339 1334 1378 dicit
1350 1339 1435 1392 post
1452 1343 1557 1396 cogi·

897 1394 1098 1432 tationem.
1155 1394 1310 1446 Effi'cite]
1361 1396 1401 1434 id
1423 1397 1488 1444 est,
1513 1400 1556 1437 in

898 1446 1082 1487 effefftum
1102 1450 1312 1499 perducite.
1361 1452 1556 1493 Sallustius

896 1503 1031 1554 (Catil.
1046 1504 1120 1556 1.>:
1151 1504 1254 1543 Nam
1271 1518 1306 1544 et
1315 1509 1426 1557 prius
1443 1522 1554 1561 quam

896 1560 1072 1611 incipias,
1111 1559 1298 1614 consulto:
1325 1575 1362 1601 et
1388 1564 1453 1602 vbi
1473 1578 1556 1605 con-

193 1613 258 1652 Sic
278 1624 433 1663 quoque
448 1610 583 1665 legiffe
599 1612 751 1653 videtur
767 1615 847 1654 Do·
883 1613 1069 1664 flameris,
1102 1629 1244 1655 mature
1260 1615 1368 1666 fhcb
1388 1632 1474 1671 opus
1493 1620 1552 1672 est.

194 1677 317 1706 natus.
373 1671 414 1707 B.

247 1733 301 1774 32
329 1722 493 1775 Nuptias
510 1721 689 1778 efficgere]
727 1725 847 1763 Inter·-

192 1777 311 1828 pofita
356 1777 618 1827 distinctione,
672 1777 847 1818 vultuose

190 1833 266 1872 hoc
292 1832 453 1883 dicitur,
493 1833 565 1874 hoc
585 1833 649 1884 est,
672 1847 761 1875 cum
778 1847 846 1889 ge-

191 1887 259 1930 stu.
314 1891 363 1929 D.

238 1935 298 1996 ‘33
330 1944 538 1998 Reddidisti
557 1937 731 2000 animiam]
760 1947 847 1988 Plus

191 2000 270 2039 dici
298 2013 380 2039 non
400 2003 535 2053 potuit.
593 2004 671 2044 Aut
698 2016 752 2052 tu,
781 2015 848 2043 aut

193 2057 250 2095 hic
261 2055 445 2106 bfyrrhia]
474 2058 548 2096 Hic
564 2061 729 2102 ὃεικτικὶὅς
744 2058 847 2110 quafi

191 2111 449 2153 efficaciorem
477 2112 653 2154 ostendit.
683 2129 778 2169 ergo
797 2114 847 2155 ad

193 2168 521 2220 comparationem
545 2170 701 2212 aiterius
729 2169 847 2211 refer-

193 2233 262 2263 tur.
315 2226 365 2264 D.

247 2278 453 2332 Reddidisti
469 2281 572 2320 male
587 2282 725 2335 incipit
741 2297 764 2322 a
781 2295 846 2333 pe-

196 2331 245 2373 de
255 2336 405 2375 Cretico
418 2352 427 2375 :
448 2338 599 2391 corrige
614 2341 745 2390 itaque
753 2338 844 2378 Red-

194 2389 317 2439 duxti,
336 2389 549 2441 praesertim
569 2407 654 2434 cum
672 2395 756 2435 cod.
775 2398 844 2436 Pe·

195 2445 325 2486 trensis
341 2445 478 2488 habeat
497 2449 687 2498 Reddixti,
706 2462 746 2490 et
763 2447 844 2490 vsus

195 2501 381 2552 loquendi
408 2503 580 2556 postulet.
637 2509 737 2548 Nam
765 2507 846 2546 red-

197 2555 281 2595 dere
306 2559 461 2598 animum
481 2560 592 2615 estgin
609 2564 769 2616 gratiam
789 2576 847 2602 re-

197 2611 297 2659 dae>
327 2614 429 2669 quod
447 2616 616 2664 alienum
637 2617 690 2661 est
708 2617 754 2660 ab
774 2617 846 2661 hoe

896 1669 1038 1715 Facite,
1056 1668 1207 1723 fingite,
1235 1674 1410 1723 inuenite]
1450 1677 1553 1716 Mire

895 1725 1076 1776 expreffit
1093 1724 1284 1777 Pamphili
1301 1729 1473 1769 animum
1483 1745 1555 1770 nu·

894 1781 991 1832 ptias
1028 1783 1239 1822 metuentis
1274 1781 1361 1833 (Ms.
1399 1786 1551 1827 Boend.

894 1847 932 1876 et
944 1834 1368 1891 ed,Du.B.rec14fimzis)‚
1378 1842 1439 1879 cui
1453 1845 1557 1893 quic-

897 1891 990 1944 quid
1010 1892 1160 1942 dixerit,
1180 1907 1315 1945 parum
1333 1895 1396 1935 est.
1454 1902 1508 1940 D.

951 1958 1005 2001 35
1034 1947 1117 2002 Ego
1148 1950 1190 1988 id
1218 1964 1344 2004 agam,
1379 1953 1473 1993 mihi
1489 1957 1557 2008 qui

896 2016 940 2042 ne
965 2004 1087 2052 detur]
1132 2007 1224 2046 Non
1244 2006 1358 2056 dixit,
1386 2023 1452 2063 ego
1477 2024 1553 2050 non

895 2057 1034 2112 instabo
1054 2073 1098 2102 vt
1116 2061 1244 2101 ducam
1257 2079 1271 2100 .·
1294 2061 1360 2102 sed
1381 2065 1486 2115 quod
1498 2065 1552 2106 est

894 2115 1069 2167 amplius.
1131 2120 1180 2157 Et
1209 2119 1330 2157 reae:
1358 2119 1552 2173 vtriusque

895 2184 1016 2223 opera
1045 2185 1155 2224 opus.
1208 2177 1299 2213 Non
1331 2177 1436 2215 enim
1465 2191 1555 2218 con-

894 2227 1006 2266 tinuo
1032 2228 1148 2275 ducet
1176 2228 1384 2280 Charinus,
1413 2231 1439 2270 fi
1468 2246 1554 2275 non

895 2283 1046 2323 duxerit
1068 2284 1296 2336 Pamphilus.
1333 2286 1415 2341 Qui
1425 2288 1552 2344 detur]

893 2338 974 2393 Qi
1000 2348 1078 2390 pro·
1098 2341 1436 2392 quemadmodum.
1490 2346 1555 2385 Ne

894 2394 1001 2442 mihi]
1025 2441 1027 2443 ¹
1055 2398 1218 2436 Veteres
1251 2396 1481 2450 frequenter
1511 2415 1555 2440 ne

895 2464 966 2503 pro
983 2465 1057 2491 non
1073 2452 1256 2492 dicebant
1306 2455 1453 2505 (Verba
1467 2458 1556 2514 ,ρξε’

895 2509 1006 2546 detur
1031 2531 1086 2539 --
1106 2508 1284 2557 dicebant,
1301 2509 1549 2553 absuntaMs

895 2563 1015 2603 Hulst.
1036 2577 1110 2605 nec
1131 2564 1312 2604 videntur
1332 2564 1408 2606 effe
1424 2571 1553 2608 Dona-

894 2619 956 2673 ti).
1012 2619 1083 2663 Saa-
1117 2619 1256 2671 habeo]
1307 2623 1368 2665 Sic
1400 2625 1551 2676 antiqui

1005 2675 1045 2717 G
1477 2694 1549 2734 pro
