1815 3168
339 150 435 198 574

727 133 884 179 ACT.
916 131 971 176 IL
1010 129 1308 177 SCEN.111.

470 262 576 309 Illae
598 261 694 308 sunt
717 257 905 308 reliRac.
944 256 1124 307 CLIT.
1152 257 1311 305 mulier
1334 256 1414 305 tibi
1447 256 1585 317 adest3
1622 275 1700 309 au-

572 330 659 384 din’
672 374 685 391 ‚
721 337 859 383 Clinia
872 337 893 380 ’Β

466 409 557 459 CL
572 427 586 459 1
603 426 653 459 N.
691 415 788 472 Ego
808 428 913 458 vero
935 408 1063 456 audio
1086 425 1204 454 nunc
1230 408 1422 462 demum,
1447 419 1490 457 et
1501 410 1642 463 video,
1660 421 1702 458 et

571 488 691 535 valeo
705 523 717 540 ,
760 486 970 550 Clitipho.

470 559 561 610 SY.
600 565 787 608 Minime
811 564 994 614 mirum3
1032 558 1141 606 adeo
1160 560 1396 626 impeditae
1416 559 1538 618 sunt3
1574 561 1701 608 ancil'·

572 639 713 683 larum
744 654 922 698 gregem

408 727 439 781 ς
477 718 659 761 Ducunt
680 713 837 759 secum.
872 709 1054 759 CLIN.
1090 705 1227 775 perii!
1267 710 1382 759 vnde
1416 711 1481 758 illi
1510 711 1609 759 sunt
1630 730 1703 759 an-

356 790 359 796 '
571 788 722 836 cillac?
758 786 935 835 CL1T.
975 780 1090 833 men'
1116 786 1276 848 rogas?

391 1024 418 1055 2
455 1007 618 1062 Mulier]
659 1011 752 1049 Non
788 1004 997 1059 Antiphila,

340 1080 406 1108 aut
424 1070 567 1106 amica:
595 1063 660 1103 sed
678 1063 726 1102 sic
749 1062 865 1110 dixit,
895 1062 996 1113 quasi

339 1125 396 1164 illi
439 1123 504 1174 qni
546 1117 813 1172 desperauerat
856 1118 996 1157 reditu-

341 1191 434 1220 ram.
491 1181 535 1220 C.

396 1235 542 1276 Mulier
569 1232 639 1272 tibi
667 1231 781 1286 adest]
813 1231 917 1281 Quia
943 1231 997 1268 ita

340 1292 486 1332 locutio
505 1287 604 1329 serni
622 1288 759 1335 fuerat,
784 1296 822 1327 vt
837 1287 997 1335 diceret,

336 1347 679 1388 relic‘laemulieres.
740 1347 783 1384 E.

397 1416 420 1456 3
454 1404 530 1456 Ego
570 1415 655 1440 vero
695 1402 821 1450 audio]
868 1396 997 1440 Verba

337 1455 430 1500 sunt-
445 1458 680 1511 respirantis,
707 1468 745 1495 et
765 1456 812 1496 ad
832 1454 871 1494 se
890 1454 998 1495 rede-

336 1517 457 1557 untis.
516 1515 596 1569 Ego
611 1527 697 1553 vero
711 1514 822 1551 audio
833 1525 927 1551 nunc
940 1512 996 1550 de-

336 1573 457 1626 mum]
497 1573 599 1613 Cum
636 1570 737 1620 prius
763 1569 996 1621 languerem

336 1642 434 1681 prae
464 1629 623 1674 timore,
660 1635 700 1664 et
731 1624 995 1664 consternatus

338 1682 471 1732 estem,
490 1684 569 1723 mei
589 1679 715 1721 sensus
727 1695 809 1720 nou
821 1681 923 1720 re6’t'e
934 1678 998 1718 sua

336 1738 731 1781 exercebantofficia.
789 1738 837 1779 C.

391 1801 466 1837 Pro
486 1796 592 1833 video
605 1805 756 1845 repone
768 1795 870 1833 vino.
900 1795 999 1833 Nam

337 1865 424 1893 non
458 1851 575 1890 modo
612 1849 787 1888 nondum
817 1848 998 1900 Antiphi-

336 1910 426 1956 iam,
449 1919 558 1959 pone
567 1906 747 1950 relictam,
761 1906 917 1953 viderat,
934 1902 998 1943 sed

335 1976 376 2004 et
395 1962 495 2002 viuit
520 1971 559 2001 et
585 1961 684 2000 valet
711 1958 994 2011 strepenum'ero

335 2020 442 2072 apud
479 2019 655 2059 Plautum
692 2017 998 2068 coniunguntur.

334 2075 397 2118 Cf.
417 2075 590 2115 nostrum
608 2070 710 2111 infra
732 2084 794 2120 111,
810 2083 918 2120 1,21.
938 2074 993 2110 B.

392 2147 421 2185 4
439 2132 598 2171 Minime
618 2127 770 2181 mirum]
790 2127 899 2167 Serui
912 2138 995 2165 11011

331 2188 517 2230 videntes
547 2181 808 2224 adolescentes
827 2191 996 2236 pergunt

334 2247 378 2285 in
414 2242 594 2283 sermone
630 2241 798 2292 incepto.
857 2239 997 2280 Mulie-

333 2314 398 2341 res
430 2313 453 2339 a
481 2309 616 2338 natura
639 2295 768 2335 tardae
788 2295 830 2333 in
849 2291 996 2334 incessu

333 2355 443 2398 sunt:
472 2353 535 2394 sed
554 2353 618 2392 hic
639 2352 788 2391 additur
808 2349 995 2401 causatar-

334 2413 483 2461 ditatis,
513 2408 655 2449 scilicet
681 2407 893 2448 ancillarum
917 2419 997 2461 gre-

332 2484 416 2526 gem
443 2468 579 2507 ducunt
594 2464 735 2516 ficum,
771 2476 815 2502 ac
834 2463 861 2501 fi
879 2463 995 2502 duce-

333 2536 439 2565 retur
467 2536 563 2563 vnus
592 2534 686 2574 grex
714 2521 859 2559 ouium.
913 2521 995 2560 Mi-

331 2584 428 2622 nime
447 2579 598 2634 mirum]
625 2577 782 2621 Scilicet
802 2575 828 2616 fi
838 2576 994 2617 reflexae

332 2635 435 2685 [unt.
490 2635 538 2678 C.

1607 867 1704 911 ΒΥ.

1101 1005 1265 1047 Minime
1291 1008 1452 1048 mirum:
1480 1006 1569 1048 adeo
1597 1009 1705 1061 impe-

1047 1061 1164 1114 ditae]
1194 1064 1418 1104 Mirandum
1429 1077 1511 1103 non
1523 1064 1586 1114 est,
1600 1061 1703 1116 quod

1046 1117 1257 1169 impeditae
1277 1117 1363 1157 sunt
1380 1121 1572 1168 mulieres,
1601 1133 1702 1172 quae

1046 1185 1087 1213 et
1104 1174 1317 1214 ancillarum
1333 1188 1479 1230 gregem
1499 1178 1639 1216 ducunt
1643 1177 1704 1226 se·

1044 1243 1134 1279 cum,
1157 1241 1195 1270 et
1206 1232 1368 1282 plurima
1378 1242 1633 1284 comportant.
1661 1236 1703 1273 E.

1099 1286 1331 1327 Ancillarum
1352 1293 1499 1342 greges]
1530 1289 1592 1329 Sic
1620 1289 1704 1326 ἐκέ-

1046 1359 1108 1382 των
1125 1348 1249 1390 ἀγέλας
1272 1343 1368 1382 dixit
1388 1340 1646 1396 Chrysostom.
1662 1346 1703 1383 in

1047 1400 1152 1440 Paul.
1185 1399 1233 1438 ad
1249 1395 1386 1451 Ephes.
1416 1413 1498 1451 cap.
1522 1411 1559 1452 5.
1588 1403 1704 1440 Hom.

1045 1468 1113 1499 20.
1153 1455 1384 1495 Indecorum
1419 1457 1600 1494 nimirum
1627 1457 1706 1494 iam

1047 1513 1140 1551 olim
1160 1509 1276 1550 visum
1288 1512 1484 1560 matronis,
1495 1511 1576 1551 fine
1587 1513 1707 1551 comi·

1045 1579 1084 1608 te
1106 1569 1148 1607 in
1166 1566 1369 1620 publicum
1386 1567 1554 1619 prodire.
1591 1568 1707 1618 Quae

1046 1636 1107 1664 res
1129 1625 1172 1663 in
1189 1634 1338 1663 tantum
1365 1624 1496 1662 luxum
1519 1625 1704 1673 excreuit,

1047 1693 1088 1722 vt
1114 1692 1248 1733 parum
1268 1677 1382 1728 effer,
1417 1678 1486 1718 nisi
1505 1681 1567 1732 (vt
1581 1681 1707 1731 loqui-

1047 1747 1107 1777 tur
1126 1737 1321 1777 Ammian.
1333 1736 1503 1776 Marcell.
1515 1734 1598 1775 libr.
1609 1737 1706 1787 xiv.)

1049 1793 1283 1833 familiarum
1312 1793 1488 1845 agmina,
1523 1802 1707 1843 tanquam

1048 1849 1309 1902 praedatorios
1337 1848 1474 1900 globos
1493 1847 1577 1898 post
1597 1858 1706 1901 terga

1047 1904 1255 1951 trahentes,
1283 1900 1606 1954 conspicerentur.
1638 1906 1707 1944 Vi—

1049 1959 1166 1999 dend.
1189 1959 1339 1999 Plautus
1358 1961 1563 1999 Mercator.
1586 1972 1631 2008 11,
1664 1972 1702 2012 3.

1047 2018 1075 2056 l.
1098 2028 1131 2057 1.
1153 2019 1187 2067 §.
1211 2015 1292 2067 2:1-
1318 2027 1379 2068 15.
1398 2013 1441 2053 ff.
1465 2015 1515 2054 de
1534 2015 1646 2054 iniur.
1668 2024 1706 2054 et

1045 2068 1175 2112 samos.
1195 2069 1427 2115 Aristenaet.
1446 2070 1512 2109 lib.
1532 2074 1560 2114 Ι,
1589 2069 1705 2123 Epist.

1045 2141 1084 2184 9.
1097 2124 1252 2169 Sedhae
1262 2125 1363 2166 dere
1373 2125 1601 2166 alibifufius.
1632 2130 1672 2167 L.

1102 2195 1126 2236 5
1164 2182 1282 2235 Perii]
1334 2182 1486 2222 Cliniae
1530 2180 1705 2233 suspicio,

1022 2265 1031 2270 κ
1047 2238 1152 2291 quod
1170 2240 1287 2278 amica
1306 2248 1481 2289 corrupta
1500 2237 1549 2285 fit,
1571 2239 1617 2277 ab
1637 2252 1704 2277 an·

1046 2296 1214 2334 cillarum
1233 2307 1357 2348 grege
1376 2295 1506 2333 oritur.
1561 2297 1640 2334 Has
1665 2306 1706 2333 e-

1046 2352 1129 2391 nim
1164 2349 1212 2390 ab
1249 2351 1333 2390 aliis
1365 2348 1597 2390 amatoribus
1625 2348 1704 2390 esse

1045 2417 1164 2460 putat.
1219 2407 1267 2448 C.

1100 2464 1237 2503 Perii!
1288 2461 1384 2502 vnde
1430 2459 1512 2503 illae
1549 2460 1703 2517 fitnt‘?]

1045 2517 1192 2562 Crescit
1209 2531 1313 2557 error
1333 2519 1498 2568 Cliniae,
1518 2529 1557 2559 vt
1577 2520 1703 2571 magis

1043 2576 1173 2615 credat
1182 2572 1259 2615 effe
1270 2586 1499 2626 corruptam,
1520 2575 1624 2625 quod
1638 2587 1702 2613 an·

1044 2631 1141 2690 cillaf
1167 2630 1308 2681 habeat
1335 2640 1374 2673 et
1391 2644 1537 2683 aurum.
1593 2634 1703 2671 Haec

1569 2699 1702 2730 omnia
