1815 3168
655 174 952 221 ANDRIA.
1418 192 1486 244 33<

242 299 518 352 Hominum,
557 315 582 345 a
603 298 752 346 labore
773 299 973 364 procliue
1001 298 1055 346 ad
1074 298 1317 351 libidinem,
1347 322 1349 324 ·

243 376 427 441 Accepit
446 373 770 428 conditionem,
810 375 912 437 dein
937 373 1162 439 quaestum
1185 380 1359 442 occipit.

162 603 227 646 51·
255 591 449 648 Procliue]
502 594 672 636 Procliue
707 593 763 634 est

73 693 76 697 A
109 660 224 703 poi-ro
241 648 483 700 inclinatum,
511 651 574 690 vel
594 664 762 703 pronum

107 704 424 756 inclinatumque.
477 707 527 746 D.

163 772 224 814 52
281 762 435 814 Accepit
485 761 760 817 conditionem]

104 816 208 861 Cum
243 828 321 855 vno
365 816 542 868 quaestus
576 831 658 857 non
685 817 760 857 est:

102 884 190 911 cum
210 872 330 912 altero
349 886 430 912 non
450 872 509 912 est
518 889 526 914 :
558 887 644 913 cum
668 874 763 914 mul-

103 928 152 966 tis
181 925 232 966 fit.
293 929 572 984 conditionem]
627 931 760 971 Condi-

101 985 158 1023 tio
184 981 237 1022 est
255 983 389 1034 pafflu,
409 995 551 1025 cenam
569 986 700 1040 legem
715 987 758 1027 in

101 1036 142 1080 se
161 1039 374 1079 continens.
427 1041 477 1081 D.

154 1097 307 1147 Accepit
328 1096 592 1151 conditionem]
619 1097 758 1138 Proba-

101 1150 159 1189 uit
179 1147 320 1190 scilicet
338 1151 443 1202 quod
462 1150 691 1194 offerebatur
705 1154 753 1193 ab

100 1204 176 1245 his.
235 1206 380 1247 Deinde
398 1208 582 1261 quaestum
600 1210 752 1264 occipit]

99 1261 260 1304 Deinde
294 1265 475 1303 meretrix
509 1263 587 1304 efl'e
614 1267 753 1317 coepit.

99 1318 223 1358 Cauta
260 1319 440 1358 narratio.
495 1321 624 1361 Docet
648 1319 754 1360 sein

101 1372 283 1411 omnibus
303 1372 373 1412 filii
397 1373 505 1414 faffls
523 1373 674 1426 semper
692 1377 755 1416 ad·

99 1424 264 1469 hibuifl‘e
284 1436 412 1467 curam
424 1440 464 1468 et
481 1442 629 1471 metum
639 1445 756 1483 quam

98 1483 305 1537 plun‘mum
318 1512 328 1528 ,
355 1497 407 1524 ne
430 1486 472 1524 in
489 1487 609 1526 malos
627 1500 755 1527 mores

98 1538 358 1579 contubernio
388 1539 600 1582 duceretur.
650 1543 757 1583 Sum-

98 1592 182 1635 fifl'e
207 1606 245 1634 et
274 1594 444 1635 officium
477 1611 604 1648 paene
630 1596 756 1637 seruo-

98 1663 185 1690 rum
204 1680 213 1698 ,
254 1661 294 1689 vt
333 1652 591 1705 interrogaret
624 1652 754 1693 seruos

98 1705 453 1756 contubernalium,
482 1717 522 1747 et
548 1708 613 1747 diu
638 1722 752 1760 quae-

96 1771 199 1800 reret
222 1761 273 1800 de
290 1760 355 1800 filii
374 1762 565 1804 moribus:
587 1777 663 1802 nec
674 1765 750 1816 pri-

95 1829 140 1855 us
159 1814 423 1867 requiesceret,
456 1832 570 1870 quam
587 1818 750 1872 discipli-

93 1885 187 1911 nam
206 1873 399 1926 integram
417 1875 613 1924 reperiret.
644 1877 749 1928 Qui-

92 1925 164 1967 bus
190 1928 267 1968 iam
291 1927 407 1967 rebus
433 1928 550 1971 fidem
577 1929 673 1972 facit
698 1932 748 1972 ad

89 1981 255 2023 futuram
282 1983 565 2036 quaestionem3
593 1998 633 2026 vt
650 1989 748 2029 veri-

91 2038 213 2079 fimile
233 2039 405 2080 videatur
427 2039 514 2091 efl'e,
540 2043 645 2095 quod
665 2058 746 2083 mo·

91 2103 153 2134 tus
171 2095 225 2134 est
242 2096 285 2136 in
302 2094 423 2136 filium
439 2097 547 2149 iuste,
567 2100 634 2151 qui
651 2097 745 2140 sem-

89 2162 162 2202 per
186 2150 236 2191 de
263 2151 434 2192 moribus
454 2154 745 2206 inquisitionem

90 2204 288 2248 habuerit:
334 2221 408 2248 nec
446 2210 652 2262 aliquando
688 2213 744 2251 in-

89 2271 198 2315 tegra
226 2264 357 2303 omnia
383 2267 546 2318 reperiri
573 2269 745 2318 potuerit

1379 455 1473 509 Qui

813 592 910 633 ditas
919 592 1162 646 Pamphilum
1183 593 1311 634 celare
1323 593 1473 635 videre-

812 659 895 697 tur,
930 660 970 688 et
997 648 1078 701 ipse
1103 649 1385 703 interrogabat,
1417 651 1469 690 vti

811 704 983 757 prudens
1003 704 1135 745 seruus
1147 707 1406 758 interrogatus
1420 705 1471 746 de

811 760 1004 813 Pamphili
1022 762 1204 810 nomine,
1233 761 1346 801 facile
1367 762 1469 801 acius

812 817 895 855 eius
918 816 1028 868 possit
1055 831 1267 870 exponere.
1326 819 1470 868 Quam-

811 885 926 924 quam
957 874 1034 912 iam
1053 873 1207 926 {ignum
1224 872 1348 913 fuerat
1365 872 1468 912 casti-

808 928 907 977 tatis,
933 929 1036 967 inter
1055 940 1239 968 amatores
1258 942 1340 967 non
1352 927 1470 981 (forte

807 997 878 1036 pro
897 997 979 1023 non
996 984 1209 1038 legendum
1228 989 1392 1039 tantum)
1410 984 1469 1026 fu·

807 1037 875 1079 iffe
895 1051 1110 1080 coenatum.
1166 1044 1211 1082 E.

858 1095 1055 1151 Questum
1079 1095 1240 1150 occipit]
1286 1094 1467 1151 Questus

802 1148 912 1201 πέρας,
930 1151 1100 1199 πρόσοδος.
1131 1152 1252 1192 Vnde
1268 1151 1469 1208 Quaestua-

803 1210 872 1257 ria,
895 1221 996 1259 quae
1014 1220 1097 1248 rem
1115 1221 1277 1261 corpore
1305 1209 1464 1260 quaerit.

803 1261 960 1304 Glofi'ar.
1008 1264 1265 1321 Qaestuaria,
1295 1263 1467 1311 πρακτικιῗ

801 1320 915 1366 πόρνη.
971 1321 1033 1361 Sic
1061 1322 1168 1360 enim
1192 1321 1298 1359 locus
1324 1321 1391 1359 ille
1410 1320 1464 1359 le-

804 1375 968 1428 gendus,
997 1376 1063 1427 qui
1082 1375 1128 1414 ab
1145 1377 1228 1415 aliis
1246 1376 1462 1429 neglecffus.

803 1431 960 1485 leian.
979 1428 1014 1469 'l.
1043 1443 1109 1484 43.
1138 1434 1170 1483 §.
1196 1443 1234 1483 7.
1262 1430 1302 1470 ff.
1329 1430 1379 1470 de
1400 1433 1459 1471 rit.

805 1496 913 1536 nupt,
928 1490 944 1494 ”
971 1485 1092 1525 Lenas
1108 1500 1168 1525 eas
1179 1488 1344 1535 dicimus,
1368 1500 1462 1539 quae

804 1541 972 1580 mulieres
999 1542 1251 1596 quaestuarias
1276 1544 1460 1598 prostitu'-

803 1609 884 1636 unt.
906 1607 945 1636 et
962 1601 993 1648 §.
1016 1609 1053 1650 9.
1086 1599 1257 1650 Corpora
1279 1598 1462 1651 quaestua-

801 1655 874 1694 ria.
893 1663 933 1691 vt
948 1653 971 1690 l.
992 1668 1031 1706 4.
1055 1657 1088 1703 §.
1109 1665 1148 1693 2.
1171 1652 1212 1692 ff.
1241 1656 1305 1693 De
1322 1652 1381 1693 his
1392 1656 1458 1706 qui

800 1718 880 1746 not.
900 1706 1032 1746 infam.
1063 1707 1307 1764 Questuaria
1326 1713 1459 1749 manci·

795 1765 870 1814 pia.
888 1763 926 1802 Β.
945 1766 1126 1802 Irenaeus
1146 1763 1290 1804 aduers.
1313 1763 1457 1807 haeres.

799 1831 881 1870 cap.
901 1832 935 1858 v.
992 1819 1068 1858 Hic
1085 1820 1233 1860 Selenen
1260 1819 1454 1874 quaridam,

797 1887 906 1927 quam
922 1874 994 1926 ipse
1013 1888 1036 1913 a
1052 1875 1156 1926 Tyro
1178 1878 1329 1916 ciuitate
1338 1876 1458 1916 Phoe-

796 1932 894 1970 nices
931 1930 1198 1984 quaestuariam
1242 1945 1320 1972 cum
1354 1934 1456 1973 rede-

795 1986 932 2038 ›niffi’t,
979 1987 1107 2037 fic'um
1152 1988 1454 2032 circumducebat.

793 2042 944 2082 Tei-tul.
975 2042 1024 2081 de
1044 2043 1215 2093 Speciac.
1247 2043 1363 2083 Fabri
1386 2059 1454 2085 aut

793 2094 1041 2152 quaestuariae
1060 2096 1180 2148 filius.
1222 2100 1454 2141 Tei-tullian.

792 2153 845 2193 de
884 2154 989 2193 cultu
1042 2152 1178 2194 femin.
1231 2167 1314 2207 cap.
1364 2169 1449 2197 ΧΠ.

790 2210 954 2250 Thamar
978 2208 1062 2257 illa,
1099 2213 1185 2262 quia
1204 2210 1251 2261 fi
1276 2214 1450 2264 expinxe-

791 2280 856 2306 rat
873 2279 909 2305 et
926 2271 1139 2315 ornaue'rat,
1170 2266 1310 2306 idcirco
1337 2268 1450 2308 Iudae

89 2318 214 2368 statue,
237 2332 286 2358 eo
304 2320 636 2376 quodPamphilus
647 2337 745 2363 ama·
779 2321 989 2374 fitspicioni
1025 2321 1105 2372 vtfiz
1136 2322 1183 2373 est
1209 2322 1371 2375 quaestui
1391 2322 1451 2377 se-

90 2383 160 2418 tet.
212 2374 376 2416 Pulchre
415 2376 500 2428 post
533 2381 745 2433 interroga·
793 2379 895 2427 dere,
920 2378 1010 2417 adeo
1040 2379 1125 2430 quia
1142 2376 1220 2428 stab
1248 2380 1449 2419 velamento

90 2428 250 2479 tionem,
270 2430 368 2471 nihil
386 2433 490 2473 aliud
508 2450 531 2475 a
545 2433 663 2475 seruis
690 2436 745 2475 vi·
792 2433 949 2481 latebat,
976 2431 1122 2472 habitus
1141 2434 1322 2486 qualitate
1340 2449 1446 2488 quae-

90 2481 204 2523 detur
226 2483 301 2526 effe
325 2484 564 2541 responsum,
594 2491 664 2531 nifi
693 2490 744 2530 de
784 2489 966 2543 stuariam
995 2493 1210 2539 mentiente,
1244 2492 1387 2543 erfecit
1405 2506 1448 2531 vt
1467 2509 1471 2535 1

89 2539 175 2577 aliis
211 2543 449 2584 amatoribus.
505 2549 568 2588 Ne
607 2558 740 2586 tamen
790 2544 1040 2599 quaestuaria,
1082 2559 1117 2584 et
1134 2544 1268 2594 voluit,
1300 2561 1336 2586 et
1359 2561 1449 2586 com-

87 2591 283 2638 (ea-uomm
300 2597 620 2653 respondentium
637 2604 741 2644 calli-
783 2601 949 2655 pellauit,
983 2615 1019 2642 et
1034 2602 1163 2655 pac‘tus
1184 2601 1241 2654 est.
1294 2603 1448 2645 Plautus

171 2674 198 2682 *>
899 2658 936 2699 C
1397 2668 1450 2699 et*
