1815 3168
318 155 410 212 316

695 147 854 192 ACT.
887 146 944 191 ΙΙ.
982 145 1178 190 SCEN.
1217 146 1266 190 11.

448 275 535 325 Sed
565 271 634 321 his
669 276 784 322 vltro
816 271 1010 325 arrideo,
1041 282 1260 319 eteorum
1286 273 1460 333 ingenia
1493 269 1687 317 admiror

548 350 688 397 simul.

354 448 414 477 το
454 426 677 489 Quicquid
701 427 863 478 dicunt,
889 422 1043 471 laudo:
1079 423 1125 471 id
1146 423 1317 471 rursum
1339 421 1369 469 fi
1394 433 1570 483 negant,
1596 422 1685 468 lau-

550 502 605 549 do
628 502 673 548 id
693 518 884 565 quoque.

447 583 596 640 Negat
616 581 727 640 quis,
753 594 893 638 nego:
931 579 1002 631 ait,
1026 577 1110 623 aio.
1143 573 1382 640 postremo,
1406 574 1620 638 imperaui
1643 589 1683 619 e·

546 664 697 715 gomet
729 653 854 706 mihi,

370 868 417 909 19
447 855 520 894 Sed
564 854 620 893 his
657 853 758 892 vltro
796 853 968 908 arrideo]

311 913 417 963 Quid
438 912 509 959 est,
542 910 599 950 his
621 911 796 950 arrideo?
828 921 891 948 aut
908 923 969 949 ve—

310 970 379 1008 luti
411 980 547 1019 pareo,
580 965 616 1004 id
649 965 721 1013 est,
753 962 969 1016 obsequor:

310 1036 376 1074 aut
396 1024 511 1063 veluti
533 1021 641 1060 dieiis
660 1021 841 1060 deleftor.
903 1025 970 1060 At-

310 1094 387 1131 que
409 1078 570 1123 arrideo,
590 1090 673 1116 non
694 1075 786 1115 ficut
801 1077 842 1114 in
866 1090 971 1127 para·

310 1137 383 1174 ntis
406 1134 490 1173 ficri
515 1132 627 1178 solet,
659 1143 697 1171 vt
727 1132 786 1171 his
805 1132 970 1172 arridea-

311 1204 370 1230 tui·
391 1206 411 1229 a
433 1189 602 1243 regibus,
624 1202 742 1240 quum
762 1187 970 1240 potiusipfi

310 1248 441 1290 diens,
482 1244 668 1296 saciisque
703 1245 855 1283 rideant
881 1245 970 1283 alie·

308 1305 381 1351 nis,
406 1304 467 1342 hic
488 1300 565 1341 effe
582 1300 896 1353 intelligendum,
917 1311 971 1339 et-

308 1362 383 1399 iam
406 1373 463 1398 res
482 1356 560 1410 ipsa
579 1357 725 1396 indicat
751 1370 800 1396 ex
821 1367 971 1396 contra-

308 1418 379 1456 rio.
435 1418 532 1455 Nam
551 1413 656 1466 quod
673 1415 725 1452 ait
741 1410 869 1464 supra,
897 1413 973 1451 His

308 1486 372 1528 ego
393 1486 468 1510 non
483 1483 578 1522 paro
600 1484 653 1508 me
664 1484 707 1508 vt
726 1471 883 1517 rideant,
894 1468 972 1507 hoe

308 1543 331 1567 e
355 1528 546 1567 contrario
565 1525 742 1574 ostendit,
763 1524 868 1577 quod
892 1523 971 1563 sub-

305 1586 454 1625 iiciatur
473 1597 523 1622 ex
542 1583 651 1622 diffis
664 1614 673 1631 ‚
703 1581 776 1621 Sed
795 1582 852 1621 his
870 1581 970 1620 vltro

306 1641 473 1692 arrideo]
507 1639 628 1687 Vltro,
659 1635 762 1677 versa
783 1638 885 1686 vice,
919 1651 970 1676 an

308 1699 441 1750 prior?
466 1710 517 1735 an
537 1697 654 1735 etiam
685 1693 861 1745 insuper,
893 1693 971 1732 hoe

308 1756 363 1792 est
384 1753 508 1792 vltra?
541 1751 852 1801 Admirorfhnulj
880 1751 968 1790 Plus

309 1810 462 1856 intulit,
511 1821 626 1859 quam
659 1806 686 1846 si
716 1806 828 1845 laudo
859 1803 970 1845 dixis-

306 1864 371 1905 set.
425 1867 475 1905 D.
880 1900 883 1902 .

361 1925 432 1960 Pro
465 1919 522 1958 his
549 1932 700 1972 repone
730 1921 801 1963 eis,
839 1913 968 1956 versus

310 1977 443 2032 gratia.
500 1979 540 2015 B.
575 1990 578 1994 ·

363 2045 417 2074 20
454 2030 649 2085 Qicquid
673 2028 819 2081 dicunt]
859 2030 963 2074 Non,

308 2089 405 2142 quod
432 2088 582 2127 dicunt:
609 2085 692 2135 sed,
720 2084 892 2138 quicquid
912 2085 968 2122 di-

308 2159 404 2194 cunt,
428 2144 464 2183 id
489 2144 553 2191 est,
574 2143 680 2182 bene
704 2140 892 2180 velmale.
916 2150 969 2177 ne

305 2202 369 2241 vel
394 2201 530 2254 (veluti
554 2204 612 2252 Z.)
640 2198 664 2237 fi
693 2194 893 2236 interclusa
912 2194 968 2234 fu-

304 2255 389 2296 iss'et
401 2253 650 2301 assentatiQse
661 2251 968 2306 impediat‚quod

303 2315 542 2352 contrarium
563 2312 788 2351 laudauerit.
830 2309 878 2347 Id
886 2321 968 2348 rur-

292 2369 382 2421 ficm
394 2371 438 2422 fi
452 2382 596 2424 negant,
617 2368 728 2407 laudo
751 2367 792 2406 id
804 2364 965 2418 quoque]

298 2428 501 2467 Praeclare
534 2425 766 2471 Terentius,
806 2420 910 2473 quod
946 2434 967 2458 a

301 2485 478 2536 Satyrico
505 2482 555 2521 de
574 2482 657 2520 aliis
685 2480 897 2525 diceretur,
928 2477 967 2516 id

302 2537 365 2578 hic
385 2539 434 2578 de
456 2537 493 2577 se
512 2538 706 2577 dicentem
729 2534 888 2582 inducit,
913 2532 966 2571 fa-

301 2596 419 2635 cetius
436 2596 569 2643 multo,
604 2607 720 2646 quam
737 2591 761 2630 {i
782 2592 890 2630 aliter
911 2588 963 2628 fe·

303 2649 428 2694 ciffet:
458 2649 599 2692 scilicet
622 2644 865 2695 καθαπτόμενος
885 2658 968 2686 mo·

1521 725 1682 770 Omnia

1020 866 1081 893 res
1103 863 1320 904 temporum
1341 851 1416 888 iam
1436 858 1515 888 tum
1532 848 1682 887 vitiatos

1019 923 1090 962 per
1121 906 1416 948 affentationem
1433 935 1441 951 ‚
1475 904 1580 956 quod
1600 902 1682 942 sere

1019 968 1060 1004 in
1096 962 1289 1016 plerisque
1319 962 1456 1002 fabulis
1486 960 1683 1001 monstrat.

1020 1025 1073 1062 Vt
1095 1022 1209 1059 etiam
1232 1022 1271 1058 in
1292 1019 1457 1059 Andria:
1485 1017 1586 1055 Nam
1615 1015 1684 1054 hoc

1021 1088 1180 1127 tempore
1202 1075 1411 1128 obsequium
1437 1076 1593 1118 amicos,
1626 1085 1683 1109 ve·

1019 1134 1116 1171 ritas
1135 1132 1257 1170 odium
1272 1134 1388 1182 parit.
1442 1131 1489 1168 Et
1507 1130 1547 1168 in
1566 1127 1685 1167 Adel-

1019 1188 1130 1240 phis:
1168 1211 1221 1218 —
1263 1186 1364 1239 quod
1392 1199 1425 1224 te
1444 1184 1502 1235 zssi
1523 1186 1683 1237 facilem

1019 1258 1055 1283 et
1065 1242 1243 1296 filliuum
1259 1254 1410 1294 putant,
1432 1241 1487 1279 -1d
1507 1255 1579 1279 nvn
1593 1239 1684 1292 fieri

1021 1315 1066 1339 ex
1085 1314 1171 1338 vera
1193 1301 1295 1337 vita:
1323 1310 1434 1350 neque
1454 1295 1542 1334 adeo
1563 1311 1607 1334 ex
1626 1309 1682 1336 ae-

1021 1370 1089 1410 quo
1111 1368 1147 1393 et
1169 1354 1291 1394 bono:
1343 1353 1414 1394 Sed
1438 1366 1485 1391 ex
1506 1350 1685 1403 affimanae

1020 1415 1078 1459 do,
1096 1410 1333 1466 indulgendv,
1357 1423 1391 1448 et
1408 1408 1607 1463 largiendo,
1634 1411 1683 1449 D.

1074 1467 1270 1525 Qicquid
1296 1466 1424 1505 dicunt
1451 1465 1579 1507 laudo]
1607 1467 1682 1505 Eu-

1022 1526 1120 1577 polis
1149 1523 1252 1576 apud
1280 1522 1425 1563 Athen.
1454 1516 1682 1573 dipnosoph.

1021 1605 1077 1612 —
1108 1579 1238 1620 ἐπειδάν
1266 1584 1394 1618 Karta«,
1421 1578 1481 1615 τιν’
1508 1575 1594 1624 ἄνδρ’
1611 1580 1684 1620 ἧλί·

1021 1640 1115 1686 θιον,
1159 1639 1370 1684 maurium,
1409 1635 1438 1672 δ’
1470 1633 1570 1676 ἔυθῦς
1604 1639 1682 1679 περὶ

1019 1697 1123 1735 ‘rga-ou
1151 1700 1229 1738 εἰμὶ.
1283 1689 1351 1740 Κᾷν
1376 1698 1411 1728 τ)
1437 1687 1530 1741 τύχῃ
1547 1696 1647 1736 λέγων
1666 1694 1683 1727 ὁ

1019 1747 1170 1797 πλέα-αξ,
1200 1752 1283 1786 πάνυ
1306 1748 1384 1785 ’τέ-τ’
1405 1746 1529 1784 ἐπαινῶ
1549 1754 1604 1783 καὶ
1623 1763 1682 1783 κα-

1020 1804 1277 1852 ταπλήτἹομαι,
1310 1806 1421 1843 Δοκῶν
1439 1809 1524 1842 τοῖσι
1549 1802 1682 1847 λόγοισι

1019 1869 1165 1908 χαίρειν.
1189 1860 1289 1900 Inde
1307 1858 1408 1911 apud
1429 1859 1680 1908 Quinfiilian.

1020 1917 1182 1955 declam.
1217 1918 1310 1968 296.
1372 1914 1478 1966 Qid
1511 1916 1605 1952 enim
1633 1912 1679 1963 est

1012 1984 1108 2025 para
1123 1972 1226 2011 itus?
1257 1971 1380 2009 Comes
1394 1972 1586 2015 vitiorum,
1604 1983 1681 2008 zur-

1013 2027 1152 2082 piffimi
1180 2025 1469 2079 cuiufisuefiaec‘li
1496 2025 1678 2064 laudator.

1017 2083 1106 2124 Vid.
1145 2083 1229 2123 Ioh.
1271 2079 1537 2121 Sal-isberiens.
1571 2083 1681 2134 Poly·

1019 2151 1106 2179 crat.
1133 2139 1199 2178 lib.
1226 2151 1308 2178 111.
1337 2151 1418 2190 cap.
1440 2153 1477 2191 4.
1506 2137 1573 2176 lib.
1601 2151 1679 2178 nx.

1019 2209 1101 2247 cap.
1132 2209 1169 2249 3.
1226 2197 1265 2234 L.

1074 2264 1124 2292 21
1160 2252 1288 2303 Negat
1315 2250 1425 2303 quis?
1460 2249 1573 2304 nego]
1609 2254 1679 2290 Be.

1018 2321 1072 2347 ne
1095 2307 1142 2346 fic
1166 2307 1283 2346 dixit:
1316 2318 1430 2360 negat
1449 2316 1487 2344 et
1511 2307 1568 2344 ait
1587 2319 1680 2344 con-

1018 2365 1130 2403 traria
1150 2360 1243 2401 sunt.
1303 2367 1353 2403 Vt
1376 2363 1529 2401 Plautus
1546 2363 1586 2400 in
1609 2365 1680 2402 Ru-

1018 2421 1140 2459 dente
1160 2421 1220 2471 (v‚
1246 2429 1309 2466 11,
1341 2422 1426 2472 44.)
1458 2419 1524 2458 Vel
1549 2431 1591 2459 tu
1611 2421 1678 2466 ais,

1018 2476 1078 2516 vel
1094 2486 1136 2515 tu
1155 2488 1276 2529 negas.
1335 2478 1384 2514 D.

1077 2532 1205 2586 Negat
1238 2531 1342 2583 quis?
1378 2529 1493 2584 nego]
1536 2531 1676 2570 Cicero

1018 2586 1068 2627 de
1090 2587 1284 2630 Amicitia,
1339 2585 1448 2641 Qid
1467 2587 1585 2638 potest
1614 2585 1678 2637 effi·

1015 2657 1094 2685 tam
1107 2641 1291 2698 flexibile,
1311 2655 1387 2684 tam
1398 2642 1554 2693 demum,
1569 2655 1677 2696 quam

1593 2712 1677 2738 am.
