<?xml version="1.0" encoding="UTF-8"?>
<!DOCTYPE html PUBLIC "-//W3C//DTD XHTML 1.0 Transitional//EN"
    "http://www.w3.org/TR/xhtml1/DTD/xhtml1-transitional.dtd">
<html xmlns="http://www.w3.org/1999/xhtml" xml:lang="en" lang="en">
 <head>
  <title>
</title>
<meta http-equiv="Content-Type" content="text/html;charset=utf-8" />
  <meta name='ocr-system' content='tesseract 3.04.00' />
  <meta name='ocr-capabilities' content='ocr_page ocr_carea ocr_par ocr_line ocrx_word'/>
</head>
<body>
  <div class='ocr_page' id='page_1' title='image "./comoediaesexexre01tereuoft_0413.png"; bbox 0 0 1815 3168; ppageno 0'>
   <div class='ocr_carea' id='block_1_1' title="bbox 589 110 994 168">
    <p class='ocr_par' dir='ltr' id='par_1_1' title="bbox 589 110 994 168">
     <span class='ocr_line' id='line_1_1' title="bbox 589 110 994 168; baseline 0 -14"><span class='ocrx_word' id='word_1_1' title='bbox 589 110 994 168; x_wconf 61' lang='lat' dir='ltr'><strong>EvaeHvs</strong></span> 
     </span>
    </p>
   </div>
   <div class='ocr_carea' id='block_1_2' title="bbox 1379 123 1471 169">
    <p class='ocr_par' dir='ltr' id='par_1_2' title="bbox 1379 123 1471 169">
     <span class='ocr_line' id='line_1_2' title="bbox 1379 123 1471 169; baseline 0 0"><span class='ocrx_word' id='word_1_2' title='bbox 1379 123 1471 169; x_wconf 78' lang='lat'><strong>3¹7</strong></span> 
     </span>
    </p>
   </div>
   <div class='ocr_carea' id='block_1_3' title="bbox 248 232 1473 301">
    <p class='ocr_par' dir='ltr' id='par_1_3' title="bbox 248 232 1473 301">
     <span class='ocr_line' id='line_1_3' title="bbox 248 232 1473 301; baseline -0.002 -15"><span class='ocrx_word' id='word_1_3' title='bbox 248 241 412 286; x_wconf 85' lang='lat' dir='ltr'><strong>Omnia</strong></span> <span class='ocrx_word' id='word_1_4' title='bbox 434 235 641 287; x_wconf 87' lang='lat' dir='ltr'><strong>assentari.</strong></span> <span class='ocrx_word' id='word_1_5' title='bbox 677 239 713 284; x_wconf 86' lang='lat' dir='ltr'><strong>is</strong></span> <span class='ocrx_word' id='word_1_6' title='bbox 735 235 930 301; x_wconf 85' lang='lat' dir='ltr'><strong>quaestus</strong></span> <span class='ocrx_word' id='word_1_7' title='bbox 952 252 1072 282; x_wconf 89' lang='lat' dir='ltr'><strong>nunc</strong></span> <span class='ocrx_word' id='word_1_8' title='bbox 1096 232 1155 281; x_wconf 87' lang='lat' dir='ltr'><strong>est</strong></span> <span class='ocrx_word' id='word_1_9' title='bbox 1178 237 1318 283; x_wconf 87' lang='lat' dir='ltr'>multo</span> <span class='ocrx_word' id='word_1_10' title='bbox 1349 238 1473 284; x_wconf 71' lang='lat' dir='ltr'><strong>vber-</strong></span> 
     </span>
    </p>
   </div>
   <div class='ocr_carea' id='block_1_4' title="bbox 344 318 497 360">
    <p class='ocr_par' dir='ltr' id='par_1_4' title="bbox 344 318 497 360">
     <span class='ocr_line' id='line_1_4' title="bbox 344 318 497 360; baseline -0.013 0"><span class='ocrx_word' id='word_1_11' title='bbox 344 318 497 360; x_wconf 81' lang='lat' dir='ltr'><strong>rimus.</strong></span> 
     </span>
    </p>
   </div>
   <div class='ocr_carea' id='block_1_5' title="bbox 245 385 1476 671">
    <p class='ocr_par' dir='ltr' id='par_1_5' title="bbox 245 385 1475 510">
     <span class='ocr_line' id='line_1_5' title="bbox 245 385 1475 451; baseline -0.003 -14"><span class='ocrx_word' id='word_1_12' title='bbox 245 389 374 437; x_wconf 75' lang='lat' dir='ltr'><strong>PAR.</strong></span> <span class='ocrx_word' id='word_1_13' title='bbox 413 392 575 435; x_wconf 82' lang='lat' dir='ltr'>Scitum</span> <span class='ocrx_word' id='word_1_14' title='bbox 595 389 740 435; x_wconf 90' lang='lat' dir='ltr'><strong>hercle</strong></span> <span class='ocrx_word' id='word_1_15' title='bbox 754 389 1004 434; x_wconf 86' lang='lat' dir='ltr'><strong>hominem!</strong></span> <span class='ocrx_word' id='word_1_16' title='bbox 1040 386 1112 432; x_wconf 84' lang='lat' dir='ltr'><strong>hic</strong></span> <span class='ocrx_word' id='word_1_17' title='bbox 1135 385 1337 431; x_wconf 86' lang='lat' dir='ltr'><strong>homines</strong></span> <span class='ocrx_word' id='word_1_18' title='bbox 1352 404 1475 451; x_wconf 82' lang='lat' dir='ltr'><strong>pror-</strong></span> 
     </span>
     <span class='ocr_line' id='line_1_6' title="bbox 345 464 998 510; baseline -0.005 0"><span class='ocrx_word' id='word_1_19' title='bbox 345 465 437 510; x_wconf 85' lang='lat' dir='ltr'><strong>sum</strong></span> <span class='ocrx_word' id='word_1_20' title='bbox 464 482 512 509; x_wconf 80' lang='lat' dir='ltr'><strong>ex</strong></span> <span class='ocrx_word' id='word_1_21' title='bbox 535 464 669 510; x_wconf 83' lang='lat' dir='ltr'>stultis</span> <span class='ocrx_word' id='word_1_22' title='bbox 691 465 859 510; x_wconf 76' lang='lat' dir='ltr'><strong>insanos</strong></span> <span class='ocrx_word' id='word_1_23' title='bbox 885 464 998 509; x_wconf 82' lang='lat' dir='ltr'>facit.</span> 
     </span>
    </p>

    <p class='ocr_par' dir='ltr' id='par_1_6' title="bbox 249 536 1476 671">
     <span class='ocr_line' id='line_1_7' title="bbox 249 536 1476 601; baseline -0.003 -15"><span class='ocrx_word' id='word_1_24' title='bbox 249 537 363 586; x_wconf 86' lang='lat' dir='ltr'><strong>GN.</strong></span> <span class='ocrx_word' id='word_1_25' title='bbox 405 545 525 585; x_wconf 86' lang='lat' dir='ltr'><strong>Dum</strong></span> <span class='ocrx_word' id='word_1_26' title='bbox 548 541 652 586; x_wconf 83' lang='lat' dir='ltr'><strong>haec</strong></span> <span class='ocrx_word' id='word_1_27' title='bbox 675 540 922 601; x_wconf 83' lang='lat' dir='ltr'>loquimur,</span> <span class='ocrx_word' id='word_1_28' title='bbox 956 540 1120 584; x_wconf 87' lang='lat' dir='ltr'><strong>interea</strong></span> <span class='ocrx_word' id='word_1_29' title='bbox 1143 536 1229 584; x_wconf 85' lang='lat' dir='ltr'><strong>loci</strong></span> <span class='ocrx_word' id='word_1_30' title='bbox 1249 536 1302 583; x_wconf 86' lang='lat' dir='ltr'><strong>ad</strong></span> <span class='ocrx_word' id='word_1_31' title='bbox 1323 538 1476 583; x_wconf 82' lang='lat' dir='ltr'><strong>macel-</strong></span> 
     </span>
     <span class='ocr_line' id='line_1_8' title="bbox 346 615 837 671; baseline -0.006 -9"><span class='ocrx_word' id='word_1_32' title='bbox 346 616 440 662; x_wconf 84' lang='lat' dir='ltr'><strong>lum</strong></span> <span class='ocrx_word' id='word_1_33' title='bbox 461 615 535 662; x_wconf 84' lang='lat' dir='ltr'><strong>vbi</strong></span> <span class='ocrx_word' id='word_1_34' title='bbox 557 616 812 661; x_wconf 84' lang='lat' dir='ltr'><strong>aduenimus</strong></span> <span class='ocrx_word' id='word_1_35' title='bbox 825 632 837 671; x_wconf 80' lang='lat'>3</span> 
     </span>
    </p>
   </div>
   <div class='ocr_carea' id='block_1_6' title="bbox 110 814 783 2655">
    <p class='ocr_par' dir='ltr' id='par_1_7' title="bbox 111 814 773 1316">
     <span class='ocr_line' id='line_1_9' title="bbox 115 814 772 867; baseline -0.005 -11"><span class='ocrx_word' id='word_1_36' title='bbox 115 818 255 856; x_wconf 80' lang='lat' dir='ltr'><strong>animus</strong></span> <span class='ocrx_word' id='word_1_37' title='bbox 280 818 366 859; x_wconf 81' lang='lat' dir='ltr'><strong>eius,</strong></span> <span class='ocrx_word' id='word_1_38' title='bbox 392 817 458 867; x_wconf 84' lang='lat' dir='ltr'><strong>qui</strong></span> <span class='ocrx_word' id='word_1_39' title='bbox 475 815 525 854; x_wconf 83' lang='lat' dir='ltr'><strong>ad</strong></span> <span class='ocrx_word' id='word_1_40' title='bbox 541 814 685 854; x_wconf 78' lang='lat' dir='ltr'><strong>alterius</strong></span> <span class='ocrx_word' id='word_1_41' title='bbox 696 828 772 853; x_wconf 83' lang='lat' dir='ltr'><strong>non</strong></span> 
     </span>
     <span class='ocr_line' id='line_1_10' title="bbox 115 871 773 924; baseline -0.003 -12"><span class='ocrx_word' id='word_1_42' title='bbox 115 874 221 912; x_wconf 80' lang='lat' dir='ltr'><strong>modo</strong></span> <span class='ocrx_word' id='word_1_43' title='bbox 238 871 385 924; x_wconf 70' lang='lat' dir='ltr'><strong>anfltm</strong></span> <span class='ocrx_word' id='word_1_44' title='bbox 405 886 446 909; x_wconf 86' lang='lat' dir='ltr'><strong>ac</strong></span> <span class='ocrx_word' id='word_1_45' title='bbox 457 871 773 920; x_wconf 77' lang='lat' dir='ltr'><strong>voluntczzem,fid</strong></span> 
     </span>
     <span class='ocr_line' id='line_1_11' title="bbox 113 931 770 979; baseline -0.003 -11"><span class='ocrx_word' id='word_1_46' title='bbox 113 932 223 968; x_wconf 78' lang='lat' dir='ltr'><strong>etiam</strong></span> <span class='ocrx_word' id='word_1_47' title='bbox 243 931 383 966; x_wconf 72' lang='lat' dir='ltr'><strong>vultum</strong></span> <span class='ocrx_word' id='word_1_48' title='bbox 406 941 513 979; x_wconf 72' lang='lat' dir='ltr'><strong>atque</strong></span> <span class='ocrx_word' id='word_1_49' title='bbox 533 941 661 966; x_wconf 86' lang='lat' dir='ltr'><em>nutum</em></span> <span class='ocrx_word' id='word_1_50' title='bbox 682 941 770 966; x_wconf 83' lang='lat' dir='ltr'><strong>con·</strong></span> 
     </span>
     <span class='ocr_line' id='line_1_12' title="bbox 113 985 769 1038; baseline -0.002 -16"><span class='ocrx_word' id='word_1_51' title='bbox 113 985 298 1027; x_wconf 73' lang='lat' dir='ltr'><strong>uertitur?</strong></span> <span class='ocrx_word' id='word_1_52' title='bbox 349 986 476 1038; x_wconf 74' lang='lat' dir='ltr'><strong>Negat</strong></span> <span class='ocrx_word' id='word_1_53' title='bbox 513 988 622 1035; x_wconf 73' lang='lat' dir='ltr'><strong>quis?</strong></span> <span class='ocrx_word' id='word_1_54' title='bbox 669 997 769 1038; x_wconf 78' lang='lat' dir='ltr'><strong>nego.</strong></span> 
     </span>
     <span class='ocr_line' id='line_1_13' title="bbox 113 1040 771 1092; baseline -0.005 -11"><span class='ocrx_word' id='word_1_55' title='bbox 113 1045 191 1081; x_wconf 83' lang='lat' dir='ltr'><strong>ait?</strong></span> <span class='ocrx_word' id='word_1_56' title='bbox 217 1044 290 1078; x_wconf 81' lang='lat' dir='ltr'><strong>aio.</strong></span> <span class='ocrx_word' id='word_1_57' title='bbox 319 1040 502 1092; x_wconf 76' lang='lat' dir='ltr'><strong>postremo</strong></span> <span class='ocrx_word' id='word_1_58' title='bbox 533 1043 709 1092; x_wconf 85' lang='lat' dir='ltr'><strong>imperauz&#39;</strong></span> <span class='ocrx_word' id='word_1_59' title='bbox 742 1055 771 1078; x_wconf 91' lang='lat' dir='ltr'><strong>e-</strong></span> 
     </span>
     <span class='ocr_line' id='line_1_14' title="bbox 111 1096 771 1152; baseline 0.002 -17"><span class='ocrx_word' id='word_1_60' title='bbox 111 1112 237 1152; x_wconf 76' lang='lat' dir='ltr'><strong>gomet</strong></span> <span class='ocrx_word' id='word_1_61' title='bbox 253 1097 343 1135; x_wconf 73' lang='lat' dir='ltr'><strong>miln&#39;</strong></span> <span class='ocrx_word' id='word_1_62' title='bbox 363 1099 485 1135; x_wconf 82' lang='lat' dir='ltr'><strong>omnia</strong></span> <span class='ocrx_word' id='word_1_63' title='bbox 506 1096 700 1147; x_wconf 79' lang='lat' dir='ltr'><strong>assentari,</strong></span> <span class='ocrx_word' id='word_1_64' title='bbox 729 1108 771 1136; x_wconf 83' lang='lat' dir='ltr'><strong>vt</strong></span> 
     </span>
     <span class='ocr_line' id='line_1_15' title="bbox 113 1151 770 1204; baseline -0.002 -12"><span class='ocrx_word' id='word_1_65' title='bbox 113 1154 279 1204; x_wconf 19' lang='lat' dir='ltr'><strong>aitridem</strong></span> <span class='ocrx_word' id='word_1_66' title='bbox 304 1152 507 1199; x_wconf 77' lang='lat' dir='ltr'><em>Terentius,</em></span> <span class='ocrx_word' id='word_1_67' title='bbox 534 1152 605 1203; x_wconf 75' lang='lat' dir='ltr'><strong>fid</strong></span> <span class='ocrx_word' id='word_1_68' title='bbox 626 1154 685 1192; x_wconf 75' lang='lat' dir='ltr'><strong>ille</strong></span> <span class='ocrx_word' id='word_1_69' title='bbox 695 1151 770 1202; x_wconf 71' lang='lat' dir='ltr'><strong>ffib</strong></span> 
     </span>
     <span class='ocr_line' id='line_1_16' title="bbox 120 1209 772 1259; baseline 0.002 -11"><span class='ocrx_word' id='word_1_70' title='bbox 120 1210 328 1248; x_wconf 75' lang='lat' dir='ltr'><em>Gnathonis</em></span> <span class='ocrx_word' id='word_1_71' title='bbox 350 1209 518 1259; x_wconf 81' lang='lat' dir='ltr'><strong>persona.</strong></span> <span class='ocrx_word' id='word_1_72' title='bbox 551 1209 638 1249; x_wconf 90' lang='lat' dir='ltr'><strong>Vid.</strong></span> <span class='ocrx_word' id='word_1_73' title='bbox 661 1209 772 1250; x_wconf 83' lang='lat' dir='ltr'>Caffi-</span> 
     </span>
     <span class='ocr_line' id='line_1_17' title="bbox 118 1265 718 1316; baseline 0 -13"><span class='ocrx_word' id='word_1_74' title='bbox 118 1266 226 1305; x_wconf 83' lang='lat' dir='ltr'><strong>odor.</strong></span> <span class='ocrx_word' id='word_1_75' title='bbox 247 1265 297 1303; x_wconf 88' lang='lat' dir='ltr'><strong>de</strong></span> <span class='ocrx_word' id='word_1_76' title='bbox 317 1266 455 1302; x_wconf 71' lang='lat' dir='ltr'>amicit.</span> <span class='ocrx_word' id='word_1_77' title='bbox 478 1278 559 1314; x_wconf 86' lang='lat' dir='ltr'><strong>cap.</strong></span> <span class='ocrx_word' id='word_1_78' title='bbox 585 1278 645 1316; x_wconf 85' lang='lat'><strong>14.</strong></span> <span class='ocrx_word' id='word_1_79' title='bbox 677 1269 718 1303; x_wconf 88' lang='lat' dir='ltr'><strong>L.</strong></span> 
     </span>
    </p>

    <p class='ocr_par' dir='ltr' id='par_1_8' title="bbox 110 1320 779 2158">
     <span class='ocr_line' id='line_1_18' title="bbox 170 1320 773 1372; baseline -0.005 -12"><span class='ocrx_word' id='word_1_80' title='bbox 170 1334 223 1363; x_wconf 81' lang='lat'><strong>22</strong></span> <span class='ocrx_word' id='word_1_81' title='bbox 256 1322 292 1359; x_wconf 74' lang='lat' dir='ltr'><strong>Is</strong></span> <span class='ocrx_word' id='word_1_82' title='bbox 322 1320 484 1372; x_wconf 81' lang='lat' dir='ltr'><strong>quaestus</strong></span> <span class='ocrx_word' id='word_1_83' title='bbox 501 1334 596 1358; x_wconf 85' lang='lat' dir='ltr'><strong>nunc</strong></span> <span class='ocrx_word' id='word_1_84' title='bbox 620 1320 666 1370; x_wconf 84' lang='lat' dir='ltr'><strong>est</strong></span> <span class='ocrx_word' id='word_1_85' title='bbox 683 1320 773 1358; x_wconf 85' lang='lat' dir='ltr'><strong>mul-</strong></span> 
     </span>
     <span class='ocr_line' id='line_1_19' title="bbox 117 1375 776 1428; baseline -0.003 -13"><span class='ocrx_word' id='word_1_86' title='bbox 117 1389 157 1418; x_wconf 67' lang='lat' dir='ltr'><strong>to</strong></span> <span class='ocrx_word' id='word_1_87' title='bbox 181 1375 407 1428; x_wconf 73' lang='lat' dir='ltr'><strong>vberrimus]</strong></span> <span class='ocrx_word' id='word_1_88' title='bbox 441 1377 571 1425; x_wconf 82' lang='lat' dir='ltr'>Quam</span> <span class='ocrx_word' id='word_1_89' title='bbox 590 1376 656 1414; x_wconf 90' lang='lat' dir='ltr'><strong>ille</strong></span> <span class='ocrx_word' id='word_1_90' title='bbox 671 1375 776 1427; x_wconf 84' lang='lat' dir='ltr'>apud</span> 
     </span>
     <span class='ocr_line' id='line_1_20' title="bbox 116 1431 776 1483; baseline -0.006 -10"><span class='ocrx_word' id='word_1_91' title='bbox 116 1431 290 1473; x_wconf 74' lang='lat' dir='ltr'><strong>seculum</strong></span> <span class='ocrx_word' id='word_1_92' title='bbox 319 1433 424 1483; x_wconf 87' lang='lat' dir='ltr'><strong>prins</strong></span> <span class='ocrx_word' id='word_1_93' title='bbox 453 1431 588 1470; x_wconf 81' lang='lat' dir='ltr'><strong>fuerat.</strong></span> <span class='ocrx_word' id='word_1_94' title='bbox 643 1435 689 1471; x_wconf 88' lang='lat' dir='ltr'><strong>Et</strong></span> <span class='ocrx_word' id='word_1_95' title='bbox 725 1432 776 1469; x_wconf 82' lang='lat' dir='ltr'><strong>vi-</strong></span> 
     </span>
     <span class='ocr_line' id='line_1_21' title="bbox 119 1486 775 1539; baseline -0.005 -11"><span class='ocrx_word' id='word_1_96' title='bbox 119 1489 181 1536; x_wconf 76' lang='lat' dir='ltr'><strong>de,</strong></span> <span class='ocrx_word' id='word_1_97' title='bbox 204 1486 775 1539; x_wconf 79' lang='lat' dir='ltr'><strong>quemadmodumilliberalem</strong></span> 
     </span>
     <span class='ocr_line' id='line_1_22' title="bbox 118 1543 775 1594; baseline -0.005 -10"><span class='ocrx_word' id='word_1_98' title='bbox 118 1548 235 1584; x_wconf 75' lang='lat' dir='ltr'>vitam</span> <span class='ocrx_word' id='word_1_99' title='bbox 267 1543 492 1582; x_wconf 81' lang='lat' dir='ltr'><strong>honestiore</strong></span> <span class='ocrx_word' id='word_1_100' title='bbox 520 1544 682 1581; x_wconf 81' lang='lat' dir='ltr'><strong>nomine</strong></span> <span class='ocrx_word' id='word_1_101' title='bbox 700 1544 775 1594; x_wconf 82' lang='lat' dir='ltr'><strong>pri-</strong></span> 
     </span>
     <span class='ocr_line' id='line_1_23' title="bbox 117 1598 776 1651; baseline -0.005 -11"><span class='ocrx_word' id='word_1_102' title='bbox 117 1615 182 1640; x_wconf 85' lang='lat' dir='ltr'><strong>mo</strong></span> <span class='ocrx_word' id='word_1_103' title='bbox 204 1601 404 1651; x_wconf 75' lang='lat' dir='ltr'><em>aucupium,</em></span> <span class='ocrx_word' id='word_1_104' title='bbox 427 1598 508 1650; x_wconf 91' lang='lat' dir='ltr'><strong>post</strong></span> <span class='ocrx_word' id='word_1_105' title='bbox 529 1602 646 1637; x_wconf 84' lang='lat' dir='ltr'><strong>etiam</strong></span> <span class='ocrx_word' id='word_1_106' title='bbox 664 1613 776 1651; x_wconf 77' lang='lat' dir='ltr'><strong>quae-</strong></span> 
     </span>
     <span class='ocr_line' id='line_1_24' title="bbox 110 1656 776 1709; baseline 0.002 -16"><span class='ocrx_word' id='word_1_107' title='bbox 110 1658 209 1709; x_wconf 83' lang='lat' dir='ltr'><strong>stum</strong></span> <span class='ocrx_word' id='word_1_108' title='bbox 260 1656 536 1694; x_wconf 80' lang='lat' dir='ltr'><strong>nomlnauerit.</strong></span> <span class='ocrx_word' id='word_1_109' title='bbox 621 1667 776 1694; x_wconf 73' lang='lat' dir='ltr'><strong>vono-</strong></span> 
     </span>
     <span class='ocr_line' id='line_1_25' title="bbox 117 1710 776 1764; baseline -0.005 -11"><span class='ocrx_word' id='word_1_110' title='bbox 117 1712 252 1754; x_wconf 58' lang='lat' dir='ltr'><strong>ssArhc</strong></span> <span class='ocrx_word' id='word_1_111' title='bbox 283 1714 302 1731; x_wconf 73' lang='lat'><strong>*</strong></span> <span class='ocrx_word' id='word_1_112' title='bbox 331 1712 394 1748; x_wconf 86' lang='lat' dir='ltr'><strong>hic</strong></span> <span class='ocrx_word' id='word_1_113' title='bbox 421 1711 625 1750; x_wconf 86' lang='lat' dir='ltr'><strong>inducens.</strong></span> <span class='ocrx_word' id='word_1_114' title='bbox 658 1710 776 1764; x_wconf 80' lang='lat' dir='ltr'>(Edd.</span> 
     </span>
     <span class='ocr_line' id='line_1_26' title="bbox 117 1766 777 1809; baseline 0 -2"><span class='ocrx_word' id='word_1_115' title='bbox 117 1771 280 1809; x_wconf 89' lang='lat' dir='ltr'><strong>Venett.</strong></span> <span class='ocrx_word' id='word_1_116' title='bbox 328 1781 411 1805; x_wconf 89' lang='lat' dir='ltr'><strong>non</strong></span> <span class='ocrx_word' id='word_1_117' title='bbox 450 1766 596 1806; x_wconf 82' lang='lat' dir='ltr'><strong>habent</strong></span> <span class='ocrx_word' id='word_1_118' title='bbox 640 1781 777 1807; x_wconf 88' lang='lat' dir='ltr'><strong>vocem</strong></span> 
     </span>
     <span class='ocr_line' id='line_1_27' title="bbox 117 1824 776 1876; baseline -0.002 -11"><span class='ocrx_word' id='word_1_119' title='bbox 117 1829 314 1866; x_wconf 80' lang='lat' dir='ltr'><strong>Graecam.</strong></span> <span class='ocrx_word' id='word_1_120' title='bbox 365 1826 478 1862; x_wconf 86' lang='lat' dir='ltr'><strong>Forte</strong></span> <span class='ocrx_word' id='word_1_121' title='bbox 519 1824 599 1876; x_wconf 85' lang='lat' dir='ltr'><strong>legi</strong></span> <span class='ocrx_word' id='word_1_122' title='bbox 635 1824 776 1864; x_wconf 81' lang='lat' dir='ltr'><strong>debet:</strong></span> 
     </span>
     <span class='ocr_line' id='line_1_28' title="bbox 116 1877 773 1926; baseline -0.006 -3"><span class='ocrx_word' id='word_1_123' title='bbox 116 1891 314 1923; x_wconf 74' lang='lat' dir='ltr'>I‘THAPON</span> <span class='ocrx_word' id='word_1_124' title='bbox 340 1892 496 1919; x_wconf 67' lang='lat' dir='ltr'><strong>KEPAOc</strong></span> <span class='ocrx_word' id='word_1_125' title='bbox 519 1877 567 1926; x_wconf 79' lang='lat' dir='ltr'><strong>fi&#39;c</strong></span> <span class='ocrx_word' id='word_1_126' title='bbox 588 1882 773 1919; x_wconf 79' lang='lat' dir='ltr'><strong>inducens.</strong></span> 
     </span>
     <span class='ocr_line' id='line_1_29' title="bbox 118 1935 777 1979; baseline -0.002 -3"><span class='ocrx_word' id='word_1_127' title='bbox 118 1939 223 1979; x_wconf 86' lang='lat' dir='ltr'><strong>Sane</strong></span> <span class='ocrx_word' id='word_1_128' title='bbox 262 1935 368 1975; x_wconf 88' lang='lat' dir='ltr'><strong>enim</strong></span> <span class='ocrx_word' id='word_1_129' title='bbox 406 1935 634 1975; x_wconf 75' lang='lat' dir='ltr'>illiberalem</span> <span class='ocrx_word' id='word_1_130' title='bbox 662 1939 777 1975; x_wconf 74' lang='lat' dir='ltr'>vitam</span> 
     </span>
     <span class='ocr_line' id='line_1_30' title="bbox 116 1991 779 2045; baseline -0.003 -12"><span class='ocrx_word' id='word_1_131' title='bbox 116 1991 339 2033; x_wconf 85' lang='lat' dir='ltr'><strong>honestiore</strong></span> <span class='ocrx_word' id='word_1_132' title='bbox 359 1993 521 2031; x_wconf 85' lang='lat' dir='ltr'><strong>nomine</strong></span> <span class='ocrx_word' id='word_1_133' title='bbox 540 2004 679 2045; x_wconf 81' lang='lat' dir='ltr'><strong>tegens</strong></span> <span class='ocrx_word' id='word_1_134' title='bbox 693 1993 779 2042; x_wconf 73' lang='lat' dir='ltr'><strong>sbr-</strong></span> 
     </span>
     <span class='ocr_line' id='line_1_31' title="bbox 118 2048 778 2100; baseline 0 -12"><span class='ocrx_word' id='word_1_135' title='bbox 118 2050 241 2089; x_wconf 87' lang='lat' dir='ltr'><strong>didum</strong></span> <span class='ocrx_word' id='word_1_136' title='bbox 266 2048 449 2100; x_wconf 85' lang='lat' dir='ltr'><em>quaestum</em></span> <span class='ocrx_word' id='word_1_137' title='bbox 475 2048 646 2096; x_wconf 84' lang='lat' dir='ltr'>inducit,</span> <span class='ocrx_word' id='word_1_138' title='bbox 678 2048 716 2088; x_wconf 88' lang='lat' dir='ltr'><strong>h.</strong></span> <span class='ocrx_word' id='word_1_139' title='bbox 744 2062 778 2088; x_wconf 83' lang='lat' dir='ltr'><strong>e.</strong></span> 
     </span>
     <span class='ocr_line' id='line_1_32' title="bbox 119 2104 568 2158; baseline 0 -14"><span class='ocrx_word' id='word_1_140' title='bbox 119 2106 229 2158; x_wconf 85' lang='lat' dir='ltr'><strong>tegit‚</strong></span> <span class='ocrx_word' id='word_1_141' title='bbox 250 2104 465 2156; x_wconf 82' lang='lat' dir='ltr'><strong>obliterat).</strong></span> <span class='ocrx_word' id='word_1_142' title='bbox 519 2107 568 2144; x_wconf 93' lang='lat' dir='ltr'><strong>D.</strong></span> 
     </span>
    </p>

    <p class='ocr_par' dir='ltr' id='par_1_9' title="bbox 122 2159 780 2324">
     <span class='ocr_line' id='line_1_33' title="bbox 176 2159 780 2214; baseline 0.002 -14"><span class='ocrx_word' id='word_1_143' title='bbox 176 2161 247 2200; x_wconf 79' lang='lat' dir='ltr'><strong>His</strong></span> <span class='ocrx_word' id='word_1_144' title='bbox 287 2161 447 2212; x_wconf 78' lang='lat' dir='ltr'><strong>quaestus</strong></span> <span class='ocrx_word' id='word_1_145' title='bbox 484 2174 577 2199; x_wconf 84' lang='lat' dir='ltr'><strong>nunc</strong></span> <span class='ocrx_word' id='word_1_146' title='bbox 616 2159 679 2214; x_wconf 87' lang='lat' dir='ltr'><strong>est]</strong></span> <span class='ocrx_word' id='word_1_147' title='bbox 732 2163 780 2201; x_wconf 90' lang='lat' dir='ltr'><strong>Et</strong></span> 
     </span>
     <span class='ocr_line' id='line_1_34' title="bbox 122 2215 780 2267; baseline 0 -12"><span class='ocrx_word' id='word_1_148' title='bbox 122 2216 333 2263; x_wconf 85' lang='lat' dir='ltr'>concludit,</span> <span class='ocrx_word' id='word_1_149' title='bbox 351 2215 451 2255; x_wconf 80' lang='lat' dir='ltr'><strong>hanc</strong></span> <span class='ocrx_word' id='word_1_150' title='bbox 470 2216 715 2267; x_wconf 70' lang='lat' dir='ltr'><strong>par-astrorum</strong></span> <span class='ocrx_word' id='word_1_151' title='bbox 728 2216 780 2255; x_wconf 79' lang='lat' dir='ltr'><strong>se-</strong></span> 
     </span>
     <span class='ocr_line' id='line_1_35' title="bbox 122 2271 777 2324; baseline 0.002 -12"><span class='ocrx_word' id='word_1_152' title='bbox 122 2273 218 2312; x_wconf 64' lang='lat' dir='ltr'><strong>&amp;am</strong></span> <span class='ocrx_word' id='word_1_153' title='bbox 233 2271 410 2311; x_wconf 85' lang='lat' dir='ltr'><strong>omnibus</strong></span> <span class='ocrx_word' id='word_1_154' title='bbox 423 2271 500 2311; x_wconf 82' lang='lat' dir='ltr'><strong>esse</strong></span> <span class='ocrx_word' id='word_1_155' title='bbox 511 2274 715 2324; x_wconf 83' lang='lat' dir='ltr'><strong>potiorem.</strong></span> <span class='ocrx_word' id='word_1_156' title='bbox 735 2276 777 2313; x_wconf 87' lang='lat' dir='ltr'><strong>E.</strong></span> 
     </span>
    </p>

    <p class='ocr_par' dir='ltr' id='par_1_10' title="bbox 122 2328 783 2655">
     <span class='ocr_line' id='line_1_36' title="bbox 181 2328 779 2380; baseline 0.002 -14"><span class='ocrx_word' id='word_1_157' title='bbox 181 2328 218 2366; x_wconf 88' lang='lat' dir='ltr'><strong>Is</strong></span> <span class='ocrx_word' id='word_1_158' title='bbox 244 2329 406 2380; x_wconf 84' lang='lat' dir='ltr'><strong>quaestus</strong></span> <span class='ocrx_word' id='word_1_159' title='bbox 429 2344 522 2368; x_wconf 83' lang='lat' dir='ltr'><strong>nunc</strong></span> <span class='ocrx_word' id='word_1_160' title='bbox 542 2330 587 2380; x_wconf 79' lang='lat' dir='ltr'><strong>est</strong></span> <span class='ocrx_word' id='word_1_161' title='bbox 607 2330 718 2368; x_wconf 79' lang='lat' dir='ltr'><em>multo</em></span> <span class='ocrx_word' id='word_1_162' title='bbox 740 2343 779 2367; x_wconf 81' lang='lat' dir='ltr'><strong>v-</strong></span> 
     </span>
     <span class='ocr_line' id='line_1_37' title="bbox 125 2381 780 2438; baseline 0.009 -16"><span class='ocrx_word' id='word_1_163' title='bbox 125 2381 331 2438; x_wconf 81' lang='lat' dir='ltr'><strong>berrimus]</strong></span> <span class='ocrx_word' id='word_1_164' title='bbox 370 2385 622 2424; x_wconf 85' lang='lat' dir='ltr'><strong>Menander:</strong></span> <span class='ocrx_word' id='word_1_165' title='bbox 662 2388 686 2425; x_wconf 74' lang='lat'>0</span> <span class='ocrx_word' id='word_1_166' title='bbox 708 2393 780 2432; x_wconf 75' lang='grc' dir='ltr'><em>βίος</em></span> 
     </span>
     <span class='ocr_line' id='line_1_38' title="bbox 122 2441 782 2488; baseline 0.005 -12"><span class='ocrx_word' id='word_1_167' title='bbox 122 2445 246 2485; x_wconf 52' lang='lat' dir='ltr'><strong>noima</strong></span> <span class='ocrx_word' id='word_1_168' title='bbox 271 2446 336 2481; x_wconf 75' lang='grc' dir='ltr'><strong>τοῖς</strong></span> <span class='ocrx_word' id='word_1_169' title='bbox 356 2448 495 2488; x_wconf 57' lang='grc' dir='ltr'><strong>πονηροῖς</strong></span> <span class='ocrx_word' id='word_1_170' title='bbox 516 2441 643 2484; x_wconf 64' lang='grc' dir='ltr'><strong>ἥδεται.</strong></span> <span class='ocrx_word' id='word_1_171' title='bbox 674 2448 782 2488; x_wconf 69' lang='grc' dir='ltr'><em>Προῖτ-</em></span> 
     </span>
     <span class='ocr_line' id='line_1_39' title="bbox 124 2493 783 2543; baseline 0.003 -11"><span class='ocrx_word' id='word_1_172' title='bbox 124 2513 175 2532; x_wconf 82' lang='grc' dir='ltr'><strong>τει</strong></span> <span class='ocrx_word' id='word_1_173' title='bbox 195 2497 223 2533; x_wconf 75' lang='grc' dir='ltr'><strong>δ’</strong></span> <span class='ocrx_word' id='word_1_174' title='bbox 244 2501 259 2531; x_wconf 81' lang='grc' dir='ltr'><strong>ὁ</strong></span> <span class='ocrx_word' id='word_1_175' title='bbox 279 2493 382 2542; x_wconf 64' lang='grc' dir='ltr'><strong>κέλαξ</strong></span> <span class='ocrx_word' id='word_1_176' title='bbox 407 2495 501 2543; x_wconf 65' lang='grc' dir='ltr'><strong>ἅςιςοι</strong></span> <span class='ocrx_word' id='word_1_177' title='bbox 522 2503 656 2535; x_wconf 76' lang='grc' dir='ltr'><em>πάντων·</em></span> <span class='ocrx_word' id='word_1_178' title='bbox 699 2498 783 2536; x_wconf 74' lang='grc' dir='ltr'>Δεό-</span> 
     </span>
     <span class='ocr_line' id='line_1_40' title="bbox 124 2550 781 2602; baseline 0.008 -14"><span class='ocrx_word' id='word_1_179' title='bbox 124 2567 220 2597; x_wconf 72' lang='grc' dir='ltr'><em>τεςσς</em></span> <span class='ocrx_word' id='word_1_180' title='bbox 250 2550 268 2589; x_wconf 75' lang='grc' dir='ltr'><em>ὅ</em></span> <span class='ocrx_word' id='word_1_181' title='bbox 295 2558 518 2602; x_wconf 73' lang='grc' dir='ltr'><strong>συκοφάντης,</strong></span> <span class='ocrx_word' id='word_1_182' title='bbox 563 2559 579 2591; x_wconf 79' lang='grc' dir='ltr'><strong>ὁ</strong></span> <span class='ocrx_word' id='word_1_183' title='bbox 617 2553 781 2599; x_wconf 63' lang='grc' dir='ltr'><strong>κακοήθης</strong></span> 
     </span>
     <span class='ocr_line' id='line_1_41' title="bbox 124 2610 339 2655; baseline 0.019 -11"><span class='ocrx_word' id='word_1_184' title='bbox 124 2614 244 2655; x_wconf 63' lang='grc' dir='ltr'><strong>τρίτος.</strong></span> <span class='ocrx_word' id='word_1_185' title='bbox 300 2610 339 2648; x_wconf 88' lang='lat' dir='ltr'><strong>L.</strong></span> 
     </span>
    </p>
   </div>
   <div class='ocr_carea' id='block_1_7' title="bbox 1414 706 1473 750">
    <p class='ocr_par' dir='ltr' id='par_1_11' title="bbox 1414 706 1473 750">
     <span class='ocr_line' id='line_1_42' title="bbox 1414 706 1473 750; baseline 0 0"><span class='ocrx_word' id='word_1_186' title='bbox 1414 706 1473 750; x_wconf 84' lang='lat'><strong>25</strong></span> 
     </span>
    </p>
   </div>
   <div class='ocr_carea' id='block_1_8' title="bbox 819 812 1490 2650">
    <p class='ocr_par' dir='ltr' id='par_1_12' title="bbox 820 812 1479 966">
     <span class='ocr_line' id='line_1_43' title="bbox 875 812 1479 860; baseline -0.005 -7"><span class='ocrx_word' id='word_1_187' title='bbox 875 814 1108 860; x_wconf 86' lang='lat' dir='ltr'><strong>Menander,</strong></span> <span class='ocrx_word' id='word_1_188' title='bbox 1130 813 1273 852; x_wconf 85' lang='lat' dir='ltr'><strong>citante</strong></span> <span class='ocrx_word' id='word_1_189' title='bbox 1292 813 1337 851; x_wconf 85' lang='lat' dir='ltr'><strong>G.</strong></span> <span class='ocrx_word' id='word_1_190' title='bbox 1354 812 1479 851; x_wconf 81' lang='lat' dir='ltr'><strong>Fabri-</strong></span> 
     </span>
     <span class='ocr_line' id='line_1_44' title="bbox 822 867 1479 918; baseline 0.003 -11"><span class='ocrx_word' id='word_1_191' title='bbox 822 870 896 918; x_wconf 72' lang='lat' dir='ltr'><strong>cio,</strong></span> <span class='ocrx_word' id='word_1_192' title='bbox 915 873 990 909; x_wconf 85' lang='lat' dir='ltr'>ita:</span> <span class='ocrx_word' id='word_1_193' title='bbox 1020 875 1167 917; x_wconf 68' lang='grc' dir='ltr'><strong>Πράττει</strong></span> <span class='ocrx_word' id='word_1_194' title='bbox 1191 871 1217 908; x_wconf 80' lang='grc' dir='ltr'><strong>δ’</strong></span> <span class='ocrx_word' id='word_1_195' title='bbox 1245 874 1261 906; x_wconf 84' lang='grc' dir='ltr'>ὁ</span> <span class='ocrx_word' id='word_1_196' title='bbox 1281 867 1386 915; x_wconf 72' lang='grc' dir='ltr'><em>κόλαξ</em></span> <span class='ocrx_word' id='word_1_197' title='bbox 1411 867 1479 916; x_wconf 58' lang='grc' dir='ltr'><em>ἴιςιφ</em></span> 
     </span>
     <span class='ocr_line' id='line_1_45' title="bbox 820 928 1145 966; baseline -0.003 0"><span class='ocrx_word' id='word_1_198' title='bbox 820 943 862 966; x_wconf 75' lang='grc' dir='ltr'><strong>ςαι</strong></span> <span class='ocrx_word' id='word_1_199' title='bbox 889 932 1026 964; x_wconf 75' lang='grc' dir='ltr'><strong><em>πάντων.</em></strong></span> <span class='ocrx_word' id='word_1_200' title='bbox 1081 928 1145 965; x_wconf 90' lang='lat' dir='ltr'><strong>W.</strong></span> 
     </span>
    </p>

    <p class='ocr_par' dir='ltr' id='par_1_13' title="bbox 819 980 1483 1369">
     <span class='ocr_line' id='line_1_46' title="bbox 875 980 1479 1035; baseline -0.008 -11"><span class='ocrx_word' id='word_1_201' title='bbox 875 996 925 1034; x_wconf 83' lang='lat'><strong>23</strong></span> <span class='ocrx_word' id='word_1_202' title='bbox 959 983 1097 1022; x_wconf 78' lang='lat' dir='ltr'><em>Scitum</em></span> <span class='ocrx_word' id='word_1_203' title='bbox 1129 980 1245 1020; x_wconf 87' lang='lat' dir='ltr'><strong>hercle</strong></span> <span class='ocrx_word' id='word_1_204' title='bbox 1276 980 1479 1035; x_wconf 85' lang='lat' dir='ltr'><strong>hominem]</strong></span> 
     </span>
     <span class='ocr_line' id='line_1_47' title="bbox 821 1039 1481 1090; baseline -0.003 -12"><span class='ocrx_word' id='word_1_205' title='bbox 821 1040 929 1079; x_wconf 87' lang='lat' dir='ltr'><strong>Mire</strong></span> <span class='ocrx_word' id='word_1_206' title='bbox 945 1039 1156 1077; x_wconf 85' lang='lat' dir='ltr'><strong>Terentius</strong></span> <span class='ocrx_word' id='word_1_207' title='bbox 1173 1039 1319 1090; x_wconf 83' lang='lat' dir='ltr'><strong>longae</strong></span> <span class='ocrx_word' id='word_1_208' title='bbox 1338 1039 1481 1076; x_wconf 79' lang='lat' dir='ltr'><strong>oratio-</strong></span> 
     </span>
     <span class='ocr_line' id='line_1_48' title="bbox 822 1093 1482 1146; baseline 0.002 -13"><span class='ocrx_word' id='word_1_209' title='bbox 822 1096 865 1133; x_wconf 87' lang='lat' dir='ltr'><strong>ni</strong></span> <span class='ocrx_word' id='word_1_210' title='bbox 883 1095 1119 1145; x_wconf 81' lang='lat' dir='ltr'><strong>interloquia</strong></span> <span class='ocrx_word' id='word_1_211' title='bbox 1148 1095 1341 1146; x_wconf 79' lang='lat' dir='ltr'><strong>quaedam</strong></span> <span class='ocrx_word' id='word_1_212' title='bbox 1371 1093 1482 1134; x_wconf 83' lang='lat' dir='ltr'>adhi-</span> 
     </span>
     <span class='ocr_line' id='line_1_49' title="bbox 820 1150 1483 1203; baseline -0.005 -12"><span class='ocrx_word' id='word_1_213' title='bbox 820 1151 897 1199; x_wconf 88' lang='lat' dir='ltr'><strong>bet,</strong></span> <span class='ocrx_word' id='word_1_214' title='bbox 920 1162 957 1190; x_wconf 89' lang='lat' dir='ltr'><strong>vt</strong></span> <span class='ocrx_word' id='word_1_215' title='bbox 973 1150 1169 1191; x_wconf 85' lang='lat' dir='ltr'><strong>fastidium</strong></span> <span class='ocrx_word' id='word_1_216' title='bbox 1194 1151 1420 1203; x_wconf 81' lang='lat' dir='ltr'>prolixitatis</span> <span class='ocrx_word' id='word_1_217' title='bbox 1444 1163 1483 1188; x_wconf 90' lang='lat' dir='ltr'><strong>e-</strong></span> 
     </span>
     <span class='ocr_line' id='line_1_50' title="bbox 819 1209 1483 1258; baseline -0.005 -11"><span class='ocrx_word' id='word_1_218' title='bbox 819 1210 937 1254; x_wconf 77' lang='lat' dir='ltr'><strong>uitet3</strong></span> <span class='ocrx_word' id='word_1_219' title='bbox 956 1209 1059 1247; x_wconf 83' lang='lat' dir='ltr'><strong>velut</strong></span> <span class='ocrx_word' id='word_1_220' title='bbox 1077 1220 1182 1246; x_wconf 85' lang='lat' dir='ltr'><strong>nunc</strong></span> <span class='ocrx_word' id='word_1_221' title='bbox 1193 1211 1382 1247; x_wconf 83' lang='lat' dir='ltr'><strong>Parmeno</strong></span> <span class='ocrx_word' id='word_1_222' title='bbox 1396 1220 1483 1258; x_wconf 86' lang='lat' dir='ltr'><strong>pro·</strong></span> 
     </span>
     <span class='ocr_line' id='line_1_51' title="bbox 822 1262 1482 1312; baseline 0.002 -11"><span class='ocrx_word' id='word_1_223' title='bbox 822 1264 885 1302; x_wconf 83' lang='lat' dir='ltr'><strong>cul</strong></span> <span class='ocrx_word' id='word_1_224' title='bbox 901 1263 1065 1302; x_wconf 84' lang='lat' dir='ltr'><strong>audiens</strong></span> <span class='ocrx_word' id='word_1_225' title='bbox 1083 1262 1352 1312; x_wconf 86' lang='lat' dir='ltr'><strong>Gnathonem,</strong></span> <span class='ocrx_word' id='word_1_226' title='bbox 1384 1262 1482 1302; x_wconf 86' lang='lat' dir='ltr'><strong>haec</strong></span> 
     </span>
     <span class='ocr_line' id='line_1_52' title="bbox 822 1320 1111 1369; baseline 0.007 -12"><span class='ocrx_word' id='word_1_227' title='bbox 822 1320 1008 1369; x_wconf 83' lang='lat' dir='ltr'>loquitur.</span> <span class='ocrx_word' id='word_1_228' title='bbox 1062 1322 1111 1359; x_wconf 88' lang='lat' dir='ltr'><strong>D.</strong></span> 
     </span>
    </p>

    <p class='ocr_par' dir='ltr' id='par_1_14' title="bbox 825 1373 1486 1762">
     <span class='ocr_line' id='line_1_53' title="bbox 878 1373 1485 1428; baseline 0.003 -16"><span class='ocrx_word' id='word_1_229' title='bbox 878 1374 1019 1414; x_wconf 44' lang='lat' dir='ltr'><em>Slitum</em></span> <span class='ocrx_word' id='word_1_230' title='bbox 1037 1374 1156 1414; x_wconf 85' lang='lat' dir='ltr'><strong>hercle</strong></span> <span class='ocrx_word' id='word_1_231' title='bbox 1174 1373 1376 1428; x_wconf 84' lang='lat' dir='ltr'><strong>hominem]</strong></span> <span class='ocrx_word' id='word_1_232' title='bbox 1409 1374 1485 1414; x_wconf 81' lang='lat' dir='ltr'><em>Sci-</em></span> 
     </span>
     <span class='ocr_line' id='line_1_54' title="bbox 825 1429 1484 1483; baseline 0.002 -14"><span class='ocrx_word' id='word_1_233' title='bbox 825 1443 904 1469; x_wconf 82' lang='lat' dir='ltr'><strong>tum</strong></span> <span class='ocrx_word' id='word_1_234' title='bbox 923 1430 1071 1482; x_wconf 85' lang='lat' dir='ltr'><strong>inquit,</strong></span> <span class='ocrx_word' id='word_1_235' title='bbox 1106 1430 1145 1469; x_wconf 91' lang='lat' dir='ltr'><strong>id</strong></span> <span class='ocrx_word' id='word_1_236' title='bbox 1164 1429 1218 1468; x_wconf 87' lang='lat' dir='ltr'><strong>est</strong></span> <span class='ocrx_word' id='word_1_237' title='bbox 1237 1431 1484 1483; x_wconf 77' lang='lat' dir='ltr'><strong>eleganrem3</strong></span> 
     </span>
     <span class='ocr_line' id='line_1_55' title="bbox 826 1486 1484 1538; baseline 0.002 -14"><span class='ocrx_word' id='word_1_238' title='bbox 826 1493 979 1534; x_wconf 65' lang='grc' dir='ltr'>εἰρωνεία.</span> <span class='ocrx_word' id='word_1_239' title='bbox 1047 1486 1166 1538; x_wconf 80' lang='lat' dir='ltr'><strong>Quod</strong></span> <span class='ocrx_word' id='word_1_240' title='bbox 1206 1497 1339 1526; x_wconf 83' lang='lat' dir='ltr'><strong>autem</strong></span> <span class='ocrx_word' id='word_1_241' title='bbox 1376 1486 1484 1536; x_wconf 84' lang='lat' dir='ltr'><strong>dixit,</strong></span> 
     </span>
     <span class='ocr_line' id='line_1_56' title="bbox 825 1541 1486 1594; baseline 0.003 -14"><span class='ocrx_word' id='word_1_242' title='bbox 825 1542 928 1581; x_wconf 86' lang='lat' dir='ltr'><strong>hunc</strong></span> <span class='ocrx_word' id='word_1_243' title='bbox 956 1541 1073 1582; x_wconf 82' lang='lat' dir='ltr'>facile</span> <span class='ocrx_word' id='word_1_244' title='bbox 1099 1556 1146 1581; x_wconf 83' lang='lat' dir='ltr'><strong>ex</strong></span> <span class='ocrx_word' id='word_1_245' title='bbox 1166 1543 1291 1594; x_wconf 72' lang='lat' dir='ltr'><em>stultis</em></span> <span class='ocrx_word' id='word_1_246' title='bbox 1318 1543 1486 1583; x_wconf 81' lang='lat' dir='ltr'><strong>reddere</strong></span> 
     </span>
     <span class='ocr_line' id='line_1_57' title="bbox 825 1599 1485 1650; baseline 0 -13"><span class='ocrx_word' id='word_1_247' title='bbox 825 1599 992 1650; x_wconf 83' lang='lat' dir='ltr'><strong>infimos,</strong></span> <span class='ocrx_word' id='word_1_248' title='bbox 1023 1610 1123 1637; x_wconf 89' lang='lat' dir='ltr'><strong>certa</strong></span> <span class='ocrx_word' id='word_1_249' title='bbox 1153 1599 1304 1637; x_wconf 84' lang='lat' dir='ltr'><strong>ratione</strong></span> <span class='ocrx_word' id='word_1_250' title='bbox 1329 1600 1485 1638; x_wconf 85' lang='lat' dir='ltr'><strong>conclu-</strong></span> 
     </span>
     <span class='ocr_line' id='line_1_58' title="bbox 827 1652 1486 1706; baseline 0.002 -13"><span class='ocrx_word' id='word_1_251' title='bbox 827 1655 891 1702; x_wconf 87' lang='lat' dir='ltr'>d1t,</span> <span class='ocrx_word' id='word_1_252' title='bbox 928 1653 1031 1706; x_wconf 90' lang='lat' dir='ltr'>quod</span> <span class='ocrx_word' id='word_1_253' title='bbox 1050 1652 1201 1705; x_wconf 89' lang='lat' dir='ltr'><strong>semper</strong></span> <span class='ocrx_word' id='word_1_254' title='bbox 1219 1653 1376 1693; x_wconf 84' lang='lat' dir='ltr'><strong>insanos</strong></span> <span class='ocrx_word' id='word_1_255' title='bbox 1394 1653 1486 1695; x_wconf 84' lang='lat' dir='ltr'>faci-</span> 
     </span>
     <span class='ocr_line' id='line_1_59' title="bbox 826 1710 1484 1762; baseline 0.002 -12"><span class='ocrx_word' id='word_1_256' title='bbox 826 1722 864 1750; x_wconf 86' lang='lat' dir='ltr'><strong>at</strong></span> <span class='ocrx_word' id='word_1_257' title='bbox 876 1724 991 1762; x_wconf 88' lang='lat' dir='ltr'><strong>praua</strong></span> <span class='ocrx_word' id='word_1_258' title='bbox 1004 1710 1184 1750; x_wconf 85' lang='lat' dir='ltr'>laudatio.</span> <span class='ocrx_word' id='word_1_259' title='bbox 1200 1713 1251 1749; x_wconf 89' lang='lat' dir='ltr'><strong>Vt</strong></span> <span class='ocrx_word' id='word_1_260' title='bbox 1263 1710 1408 1751; x_wconf 86' lang='lat' dir='ltr'>Sallust.</span> <span class='ocrx_word' id='word_1_261' title='bbox 1440 1714 1484 1751; x_wconf 91' lang='lat' dir='ltr'><strong>E.</strong></span> 
     </span>
    </p>

    <p class='ocr_par' dir='ltr' id='par_1_15' title="bbox 828 1767 1487 1975">
     <span class='ocr_line' id='line_1_60' title="bbox 883 1767 1487 1820; baseline -0.002 -14"><span class='ocrx_word' id='word_1_262' title='bbox 883 1780 938 1819; x_wconf 86' lang='lat'><strong>24</strong></span> <span class='ocrx_word' id='word_1_263' title='bbox 966 1768 1114 1806; x_wconf 72' lang='lat' dir='ltr'><strong>Interea</strong></span> <span class='ocrx_word' id='word_1_264' title='bbox 1139 1767 1230 1820; x_wconf 86' lang='lat' dir='ltr'>loci]</span> <span class='ocrx_word' id='word_1_265' title='bbox 1249 1768 1378 1806; x_wconf 54' lang='lat' dir='ltr'><strong>‘Duae</strong></span> <span class='ocrx_word' id='word_1_266' title='bbox 1403 1781 1487 1818; x_wconf 85' lang='lat' dir='ltr'><strong>par-</strong></span> 
     </span>
     <span class='ocr_line' id='line_1_61' title="bbox 828 1824 1486 1863; baseline 0 -1"><span class='ocrx_word' id='word_1_267' title='bbox 828 1834 884 1863; x_wconf 83' lang='lat' dir='ltr'><strong>tes</strong></span> <span class='ocrx_word' id='word_1_268' title='bbox 914 1824 1100 1863; x_wconf 86' lang='lat' dir='ltr'><strong>orationis</strong></span> <span class='ocrx_word' id='word_1_269' title='bbox 1140 1836 1226 1861; x_wconf 89' lang='lat' dir='ltr'><strong>cum</strong></span> <span class='ocrx_word' id='word_1_270' title='bbox 1255 1824 1486 1862; x_wconf 59' lang='lat' dir='ltr'><strong>coniunelae</strong></span> 
     </span>
     <span class='ocr_line' id='line_1_62' title="bbox 828 1878 1485 1928; baseline 0 -10"><span class='ocrx_word' id='word_1_271' title='bbox 828 1893 942 1919; x_wconf 83' lang='lat' dir='ltr'><strong>vnam</strong></span> <span class='ocrx_word' id='word_1_272' title='bbox 960 1878 1143 1928; x_wconf 84' lang='lat' dir='ltr'><strong>fecerint,</strong></span> <span class='ocrx_word' id='word_1_273' title='bbox 1171 1889 1323 1919; x_wconf 84' lang='lat' dir='ltr'><strong>mutant</strong></span> <span class='ocrx_word' id='word_1_274' title='bbox 1350 1893 1485 1918; x_wconf 84' lang='lat' dir='ltr'><strong>accen-</strong></span> 
     </span>
     <span class='ocr_line' id='line_1_63' title="bbox 829 1938 1028 1975; baseline -0.005 0"><span class='ocrx_word' id='word_1_275' title='bbox 829 1947 923 1975; x_wconf 89' lang='lat' dir='ltr'><strong>tum.</strong></span> <span class='ocrx_word' id='word_1_276' title='bbox 979 1938 1028 1975; x_wconf 91' lang='lat' dir='ltr'><strong>D.</strong></span> 
     </span>
    </p>

    <p class='ocr_par' dir='ltr' id='par_1_16' title="bbox 827 1990 1487 2257">
     <span class='ocr_line' id='line_1_64' title="bbox 883 1990 1485 2045; baseline -0.003 -15"><span class='ocrx_word' id='word_1_277' title='bbox 883 1993 1030 2031; x_wconf 85' lang='lat' dir='ltr'><strong>Interea</strong></span> <span class='ocrx_word' id='word_1_278' title='bbox 1051 1990 1122 2029; x_wconf 85' lang='lat' dir='ltr'><strong>Ioci</strong></span> <span class='ocrx_word' id='word_1_279' title='bbox 1139 1990 1204 2029; x_wconf 83' lang='lat' dir='ltr'><strong>vbi</strong></span> <span class='ocrx_word' id='word_1_280' title='bbox 1222 1991 1271 2030; x_wconf 80' lang='lat' dir='ltr'><strong>ad</strong></span> <span class='ocrx_word' id='word_1_281' title='bbox 1280 1990 1485 2045; x_wconf 80' lang='lat' dir='ltr'><strong>macellum]</strong></span> 
     </span>
     <span class='ocr_line' id='line_1_65' title="bbox 829 2047 1487 2101; baseline -0.002 -14"><span class='ocrx_word' id='word_1_282' title='bbox 829 2047 1031 2101; x_wconf 81' lang='lat' dir='ltr'>Significat</span> <span class='ocrx_word' id='word_1_283' title='bbox 1058 2048 1135 2086; x_wconf 79' lang='lat' dir='ltr'><strong>iam</strong></span> <span class='ocrx_word' id='word_1_284' title='bbox 1157 2050 1297 2086; x_wconf 77' lang='lat' dir='ltr'><strong>interea</strong></span> <span class='ocrx_word' id='word_1_285' title='bbox 1316 2049 1405 2094; x_wconf 77' lang='lat' dir='ltr'>loci,</span> <span class='ocrx_word' id='word_1_286' title='bbox 1431 2049 1487 2086; x_wconf 80' lang='lat' dir='ltr'><strong>ni—</strong></span> 
     </span>
     <span class='ocr_line' id='line_1_66' title="bbox 827 2103 1486 2144; baseline -0.005 0"><span class='ocrx_word' id='word_1_287' title='bbox 827 2103 883 2144; x_wconf 86' lang='lat' dir='ltr'><strong>hil</strong></span> <span class='ocrx_word' id='word_1_288' title='bbox 916 2104 1020 2144; x_wconf 86' lang='lat' dir='ltr'>aliud</span> <span class='ocrx_word' id='word_1_289' title='bbox 1050 2115 1188 2142; x_wconf 86' lang='lat' dir='ltr'><strong>tenere</strong></span> <span class='ocrx_word' id='word_1_290' title='bbox 1215 2104 1284 2142; x_wconf 86' lang='lat' dir='ltr'><strong>nili</strong></span> <span class='ocrx_word' id='word_1_291' title='bbox 1315 2104 1486 2143; x_wconf 60' lang='lat' dir='ltr'><strong>interim}</strong></span> 
     </span>
     <span class='ocr_line' id='line_1_67' title="bbox 829 2158 1486 2212; baseline -0.003 -12"><span class='ocrx_word' id='word_1_292' title='bbox 829 2171 868 2200; x_wconf 86' lang='lat' dir='ltr'><strong>vt</strong></span> <span class='ocrx_word' id='word_1_293' title='bbox 887 2162 959 2200; x_wconf 81' lang='lat' dir='ltr'><strong>loci</strong></span> <span class='ocrx_word' id='word_1_294' title='bbox 978 2159 1140 2200; x_wconf 72' lang='lat' dir='ltr'><strong>adiefflo</strong></span> <span class='ocrx_word' id='word_1_295' title='bbox 1158 2158 1221 2208; x_wconf 84' lang='lat' dir='ltr'><strong>fit,</strong></span> <span class='ocrx_word' id='word_1_296' title='bbox 1249 2158 1348 2199; x_wconf 89' lang='lat' dir='ltr'>nihil</span> <span class='ocrx_word' id='word_1_297' title='bbox 1373 2158 1486 2212; x_wconf 75' lang='lat' dir='ltr'><strong>figni-</strong></span> 
     </span>
     <span class='ocr_line' id='line_1_68' title="bbox 828 2216 1059 2257; baseline -0.009 -1"><span class='ocrx_word' id='word_1_298' title='bbox 828 2216 958 2256; x_wconf 82' lang='lat' dir='ltr'><strong>ficans.</strong></span> <span class='ocrx_word' id='word_1_299' title='bbox 1016 2219 1059 2257; x_wconf 85' lang='lat' dir='ltr'><strong>E.</strong></span> 
     </span>
    </p>

    <p class='ocr_par' dir='ltr' id='par_1_17' title="bbox 828 2270 1490 2650">
     <span class='ocr_line' id='line_1_69' title="bbox 884 2270 1486 2319; baseline -0.002 -8"><span class='ocrx_word' id='word_1_300' title='bbox 884 2276 927 2311; x_wconf 81' lang='lat' dir='ltr'><strong>ln</strong></span> <span class='ocrx_word' id='word_1_301' title='bbox 949 2272 1152 2319; x_wconf 84' lang='lat' dir='ltr'><strong>Bembino,</strong></span> <span class='ocrx_word' id='word_1_302' title='bbox 1181 2281 1230 2319; x_wconf 70' lang='lat' dir='ltr'><strong>et,</strong></span> <span class='ocrx_word' id='word_1_303' title='bbox 1252 2270 1346 2310; x_wconf 82' lang='lat' dir='ltr'><strong>teste</strong></span> <span class='ocrx_word' id='word_1_304' title='bbox 1363 2272 1486 2318; x_wconf 83' lang='lat' dir='ltr'>Riuio,</span> 
     </span>
     <span class='ocr_line' id='line_1_70' title="bbox 830 2326 1482 2367; baseline -0.005 0"><span class='ocrx_word' id='word_1_305' title='bbox 830 2330 872 2367; x_wconf 83' lang='lat' dir='ltr'><strong>in</strong></span> <span class='ocrx_word' id='word_1_306' title='bbox 902 2329 985 2367; x_wconf 87' lang='lat' dir='ltr'>aliis</span> <span class='ocrx_word' id='word_1_307' title='bbox 1014 2327 1124 2366; x_wconf 89' lang='lat' dir='ltr'>codd.</span> <span class='ocrx_word' id='word_1_308' title='bbox 1151 2326 1205 2366; x_wconf 89' lang='lat' dir='ltr'><strong>est</strong></span> <span class='ocrx_word' id='word_1_309' title='bbox 1232 2329 1482 2367; x_wconf 76' lang='lat' dir='ltr'><strong>aduentamus.</strong></span> 
     </span>
     <span class='ocr_line' id='line_1_71' title="bbox 830 2383 1484 2425; baseline -0.006 0"><span class='ocrx_word' id='word_1_310' title='bbox 830 2384 906 2425; x_wconf 81' lang='lat' dir='ltr'><strong>Sed</strong></span> <span class='ocrx_word' id='word_1_311' title='bbox 938 2398 1026 2424; x_wconf 79' lang='lat' dir='ltr'><strong>vera</strong></span> <span class='ocrx_word' id='word_1_312' title='bbox 1050 2384 1162 2422; x_wconf 56' lang='lat' dir='ltr'><strong>lenio</strong></span> <span class='ocrx_word' id='word_1_313' title='bbox 1191 2383 1244 2423; x_wconf 84' lang='lat' dir='ltr'><strong>est</strong></span> <span class='ocrx_word' id='word_1_314' title='bbox 1279 2384 1484 2423; x_wconf 59' lang='lat' dir='ltr'><strong>aduenimus</strong></span> 
     </span>
     <span class='ocr_line' id='line_1_72' title="bbox 832 2440 1490 2492; baseline -0.003 -13"><span class='ocrx_word' id='word_1_315' title='bbox 832 2440 1042 2492; x_wconf 85' lang='lat' dir='ltr'><strong>praesentis</strong></span> <span class='ocrx_word' id='word_1_316' title='bbox 1063 2441 1262 2491; x_wconf 84' lang='lat' dir='ltr'><strong>temporis.</strong></span> <span class='ocrx_word' id='word_1_317' title='bbox 1293 2443 1392 2480; x_wconf 82' lang='lat' dir='ltr'><strong>Nam</strong></span> <span class='ocrx_word' id='word_1_318' title='bbox 1405 2453 1490 2478; x_wconf 81' lang='lat' dir='ltr'><strong>non</strong></span> 
     </span>
     <span class='ocr_line' id='line_1_73' title="bbox 832 2494 1488 2536; baseline -0.003 -1"><span class='ocrx_word' id='word_1_319' title='bbox 832 2497 952 2535; x_wconf 88' lang='lat' dir='ltr'>modo</span> <span class='ocrx_word' id='word_1_320' title='bbox 990 2495 1175 2535; x_wconf 86' lang='lat' dir='ltr'><strong>consensu</strong></span> <span class='ocrx_word' id='word_1_321' title='bbox 1214 2494 1324 2535; x_wconf 91' lang='lat' dir='ltr'>codd.</span> <span class='ocrx_word' id='word_1_322' title='bbox 1360 2494 1424 2536; x_wconf 85' lang='lat' dir='ltr'><strong>sed</strong></span> <span class='ocrx_word' id='word_1_323' title='bbox 1453 2507 1488 2533; x_wconf 79' lang='lat' dir='ltr'><strong>et</strong></span> 
     </span>
     <span class='ocr_line' id='line_1_74' title="bbox 834 2551 1479 2604; baseline -0.003 -13"><span class='ocrx_word' id='word_1_324' title='bbox 834 2551 1299 2595; x_wconf 74' lang='lat' dir='ltr'><strong>consuetudineTerentii</strong></span> <span class='ocrx_word' id='word_1_325' title='bbox 1321 2565 1479 2604; x_wconf 71' lang='lat' dir='ltr'><strong>compro</strong></span> 
     </span>
     <span class='ocr_line' id='line_1_75' title="bbox 828 2608 1057 2650; baseline 0.013 -3"><span class='ocrx_word' id='word_1_326' title='bbox 828 2608 952 2648; x_wconf 81' lang='lat' dir='ltr'><strong>batur.</strong></span> <span class='ocrx_word' id='word_1_327' title='bbox 1013 2612 1057 2650; x_wconf 84' lang='grc' dir='ltr'><strong>Β.</strong></span> 
     </span>
    </p>
   </div>
  </div>
 </body>
</html>
