1815 3168
321 166 452 196 mm
697 121 1064 196 ''risizssNTn
1097 147 1291 195 v1'rA.·

323 269 575 312 Terentium.
636 269 758 320 Quod
795 269 899 308 haud
933 268 1052 309 dubie
1077 281 1210 308 verum
1240 267 1315 317 est,
1345 265 1436 307 ficut
1454 266 1693 320 epitaphium

326 328 410 367 eius
431 327 531 364 clare
552 323 706 365 indicat.
765 326 955 376 Quamuis
976 324 1049 363 hoc
1071 322 1193 375 ipsum
1215 324 1371 375 quidam
1389 336 1548 377 negent,
1580 335 1618 362 vt
1637 325 1695 362 in-

325 383 444 423 ferius
463 381 620 433 patebit.
676 383 885 423 Caeterum
907 390 948 419 et
968 382 1034 431 qui
1055 378 1127 417 hoc
1147 379 1303 427 dicunt,
1333 393 1425 419 vero
1445 379 1535 419 huic
1559 378 1695 419 falsum

325 437 422 479 illud
462 438 674 490 implicant.
727 437 873 476 Dicunt
907 436 1014 474 enim
1049 435 1248 486 Scipione·
1271 439 1434 476 Romam
1470 445 1694 475 reuertente

326 488 459 534 euersa
486 492 744 544 Carthagine,
777 490 982 530 interfecto
1009 489 1229 538 Annibale,
1257 490 1361 529 hunc
1379 494 1608 532 Terentium
1637 492 1698 530 in-

326 561 389 590 ter
410 561 581 588 caeteros
600 548 771 598 captiuos
794 544 958 586 solutum
977 556 1016 586 et
1033 547 1219 597 pileatum
1245 543 1432 585 inceffiffe
1463 546 1546 600 post
1566 549 1696 587 trium-

329 606 488 660 phalem
515 603 707 655 Scipionis
733 615 897 642 currum.
955 603 1072 653 Quae
1100 614 1161 641 res
1189 601 1459 653 multipliciter
1484 618 1506 642 a
1534 605 1696 643 veritate

328 661 479 702 semota
498 659 563 699 est.
621 662 720 699 Nam
741 660 781 698 in
802 658 936 711 primis
954 658 1085 710 Scipio
1100 656 1381 711 Carthaginem
1401 658 1561 709 quidem
1591 659 1695 707 vicit,

331 728 373 757 et
402 715 637 756 tributariam
665 713 779 760 fecit,
809 727 892 755 non
925 715 1065 753 euertit
1096 724 1228 753 tamen
1252 711 1371 766 ipsam
1391 713 1697 769 Carthaginem;

329 772 398 814 sed
419 785 540 823 nepos
560 773 641 810 eius
661 769 883 823 adoptiuus,
916 769 1118 811 Afridt'nus
1136 770 1276 809 minor.
1333 769 1570 812 Annibalem
1589 783 1700 822 prae-

330 840 441 869 terea
461 828 566 868 bello
594 827 691 874 vicit,
710 825 950 878 fugauitque,
971 823 1035 866 sed
1056 824 1525 878 nequaquaminterfecit.
1579 828 1698 866 Nem-

330 899 387 939 pe
410 885 477 935 qui
500 884 618 923 viclus
637 883 679 922 in
698 882 825 923 Aliam
842 881 1039 936 profugit,
1065 892 1105 921 et
1131 879 1198 921 sub
1218 882 1415 922 Antiocho
1446 895 1542 936 rege
1562 882 1699 936 Syriae

328 941 506 983 militans
526 938 685 978 consilio
702 950 817 990 atque
840 951 961 991 opera
982 937 1101 981 suaet
1119 938 1223 991 regis
1245 939 1417 989 potentia
1438 951 1582 977 nouum
1609 950 1712 982 cums

331 998 519 1040 Romanis
546 996 691 1034 beilum
708 995 839 1034 denuo
858 995 978 1048 geffit.
1032 996 1148 1045 Quae
1170 993 1324 1033 historia
1342 994 1538 1041 omnibus,
1571 995 1635 1045 qui
1656 994 1700 1031 in

330 1053 474 1093 talibus
499 1051 704 1105 ingenium
727 1061 927 1099 exercent,
959 1050 1173 1103 planissime
1200 1060 1293 1090 nota
1318 1049 1385 1090 est.
1444 1050 1606 1093 Deinde
1623 1049 1703 1089 Sci-

330 1110 464 1163 pionis
485 1107 750 1159 triumphantis
772 1120 925 1146 currum
952 1119 1034 1146 non
1059 1107 1122 1145 hic
1145 1107 1355 1147 Terentius
1385 1106 1549 1158 pileatus
1573 1102 1702 1158 prose·

330 1175 448 1204 cutua
468 1164 543 1211 est,
576 1162 639 1203 sed
659 1165 753 1202 alter
771 1163 884 1202 huius
904 1163 1093 1209 nominis,
1127 1161 1324 1202 Romanus
1357 1163 1472 1202 ciuis:
1503 1173 1542 1200 et
1568 1172 1606 1200 vt
1623 1163 1703 1202 Va-

328 1222 449 1261 lerius
469 1222 661 1261 Maximus
679 1219 850 1267 testatur,
880 1219 1072 1270 praetoria
1097 1217 1243 1258 familia
1263 1229 1388 1269 ortus,
1423 1229 1462 1258 et
1489 1218 1591 1256 inter
1610 1229 1702 1268 pau-

330 1291 400 1317 cos
428 1278 619 1318 Senatorii
642 1276 794 1316 'ordinis
820 1274 1057 1327 splendidus.
1116 1275 1196 1325 Qui
1226 1275 1342 1314 etiam
1373 1273 1457 1325 post
1482 1274 1517 1313 id
1539 1284 1702 1321 ternpus,

329 1344 427 1373 tunc
449 1331 591 1373 scilicet
612 1345 734 1384 quum
756 1332 949 1382 Scipionis
970 1329 1089 1370 frater
1110 1326 1303 1369 accusatus
1324 1328 1376 1369 est
1397 1332 1561 1376 Romae,
1593 1338 1702 1377 prae-

331 1399 460 1428 turam
486 1390 605 1441 gessit.¹
667 1389 743 1428 Hic
769 1399 864 1439 ergo
891 1384 1163 1437 triumphantis
1191 1398 1342 1424 currum
1363 1384 1556 1436 Scipionis
1575 1380 1708 1436 prose-'

332 1456 443 1484 cutus
467 1445 531 1492 est,
552 1443 656 1495 pileo
677 1444 791 1492 capiti
813 1441 1001 1494 impolito,
1023 1440 1129 1492 quod
1155 1441 1323 1480 donatae
1344 1439 1529 1480 libertatis
1547 1439 1704 1493 fignum

330 1512 424 1541 erat.
483 1502 663 1550 Quatuor
680 1499 804 1538 millia
822 1496 1009 1549 liquidem
1032 1496 1294 1538 Romanorum
1314 1496 1478 1545 ciuium,
1510 1497 1575 1547 qui
1597 1495 1702 1534 bello

328 1557 481 1598 Punico
501 1554 602 1608 capti
622 1565 734 1599 erant
750 1565 789 1594 et
807 1555 849 1593 in
872 1552 1095 1605 seruitutem
1115 1552 1278 1598 redaffi,
1308 1552 1428 1592 victor
1447 1553 1579 1603 Scipio
1606 1550 1722 1590 libes

329 1624 438 1655 satos
466 1613 505 1651 in
539 1612 701 1664 patriam
729 1610 897 1650 reduxit.
954 1613 1061 1650 Inter
1083 1622 1179 1659 quos
1204 1608 1277 1647 fuit
1304 1607 1368 1646 hic
1382 1609 1616 1657 Terentius,
1653 1605 1705 1645 de

331 1681 416 1720 quo
444 1668 550 1716 dixi,
579 1676 619 1705 et
646 1676 723 1706 tarn
751 1679 903 1705 memor
922 1664 1105 1704 beneficii
1136 1664 1302 1715 accepti,
1333 1675 1490 1715 tamque
1509 1663 1702 1716 singulari·

306 1745 308 1748 ·
331 1735 396 1764 ter
414 1735 506 1763 ante
526 1736 663 1762 omnes
685 1733 834 1775 gratus,
866 1731 904 1760 vt
921 1734 991 1774 per
1014 1732 1173 1759 omnem
1192 1720 1305 1758 vitam
1324 1719 1572 1769 liberatorem
1594 1717 1705 1758 suum

330 1780 561 1831 Scipionem
583 1779 691 1818 omni
710 1775 894 1829 obsequio
914 1790 958 1816 ac
976 1776 1200 1828 patrociniis
1218 1775 1352 1814 debita
1370 1777 1622 1816 veneratione
1642 1787 1706 1812 co-

333 1837 469 1876 luerit.
526 1834 738 1889 Triumphi
765 1845 893 1873 autem
924 1833 989 1872 die
1017 1830 1101 1884 post
1126 1844 1215 1870 eum
1243 1832 1406 1883 pileatus
1428 1831 1594 1878 ineeffit,
1627 1829 1705 1869 hoc

331 1891 391 1933 est
415 1891 541 1931 liberti
561 1890 712 1930 habitu:
744 1889 844 1942 quas]
863 1901 935 1941 per
953 1888 1054 1927 illius
1076 1889 1159 1928 Viri
1182 1887 1360 1926 virtutem
1382 1885 1419 1926 se
1438 1887 1605 1926 libertati
1618 1886 1704 1927 red-

334 1948 465 1989 ditum
515 1947 635 1999 opulo
655 1950 828 1986 Romano
849 1946 955 1997 pileo
973 1943 1138 1983 testante
1157 1944 1409 1982 denuncians.
1447 1945 1560 1994 Quae
1572 1943 1705 1982 omnia

335 2003 443 2057 apud
460 1962 594 2043 ‘Iiitum
612 2003 764 2043 Liuium
783 2001 1079 2040 celeberrimum
1101 1999 1335 2039 Historicum
1355 2010 1448 2039 nota
1476 1997 1568 2039 sunt.
1625 1996 1704 2040 Sed

335 2060 472 2101 minus
489 2059 607 2098 miror
626 2057 876 2098 scholasticos
897 2057 972 2096 hoc
993 2069 1123 2095 errore
1141 2055 1340 2108 deceptos,
1360 2068 1446 2095 cum
1458 2057 1594 2096 Paulus
1606 2058 1704 2094 Oro-

335 2115 412 2156 :lius
429 2114 505 2154 hoc
524 2112 732 2166 scripserit:
764 2114 815 2153 de
833 2127 912 2165 quo
933 2111 1143 2152 admodum
1160 2113 1339 2159 mirarer,
1367 2111 1436 2151 nifi
1463 2111 1566 2163 quod
1585 2112 1704 2150 inter·
1739 2137 1748 2145 x

335 2172 434 2211 dum
455 2184 598 2224 magna
622 2170 782 2221 quidem
800 2170 966 2223 ingenia
985 2177 1024 2207 et
1040 2169 1081 2207 in
1099 2169 1228 2207 multis
1252 2179 1435 2218 occupata
1454 2179 1493 2206 et
1510 2169 1612 2206 inter
1632 2164 1705 2205 dif-

335 2227 528 2270 ficultates
559 2227 684 2266 erec‘ta
711 2238 900 2279 equorum
928 2223 1044 2265 instar
1062 2235 1232 2275 propter,
1245 2225 1439 2263 incautam
1464 2221 1704 2262 securitatem

335 2284 384 2324 in
403 2284 520 2335 plano
541 2280 738 2334 cespitant.
791 2282 973 2324 Identitas
1001 2281 1193 2329 nominis,
1222 2281 1263 2319 ni
1292 2279 1423 2325 fallor,
1456 2292 1622 2320 errorem
1644 2277 1704 2318 se-

335 2340 417 2388 cit‚
452 2338 558 2390 quod
584 2335 727 2378 scilicet
757 2349 920 2390 vterque
944 2336 1164 2377 Terentius.
1223 2336 1298 2376 Sed
1323 2333 1612 2387 circumspeclus
1640 2335 1705 2375 ho-

339 2408 408 2436 mo
429 2408 511 2434 non
537 2393 653 2440 vidit,
686 2395 793 2446 quod
819 2392 858 2434 se
892 2394 1013 2433 oculis
1040 2392 1263 2445 ingerebat,
1292 2393 1333 2430 in
1357 2393 1488 2444 primis
1508 2390 1705 2430 dinei-fita-

339 2462 425 2491 tem
447 2451 740 2504 cognominum,
762 2463 863 2502 quae
881 2450 928 2490 ad
946 2447 1217 2490 discretionem
1236 2449 1441 2487 nominum
1462 2446 1546 2486 sunt
1564 2448 1704 2486 inuen-

342 2518 403 2555 ta,
436 2506 541 2558 quod
561 2504 703 2546 scilicet
722 2507 789 2546 ille
808 2507 1018 2546 Terentius
1038 2505 1184 2553 Cule0,
1219 2503 1282 2542 hic
1303 2505 1513 2544 Terentius
1537 2502 1641 2552 Afer,
1664 2512 1705 2543 vt
1726 2530 1728 2532 -

341 2563 446 2604 tituli
473 2562 587 2602 huius
605 2564 732 2614 operis
758 2563 954 2610 indicant;
983 2563 1050 2600 ille
1071 2564 1285 2608 Romanus,
1317 2559 1386 2599 iste
1407 2559 1705 2612 Carthaginien-

300 2640 302 2642 *
341 2620 411 2661 trs:
441 2619 510 2661 ille
528 2632 552 2660 e
568 2616 752 2661 seruitute
770 2620 812 2661 in
834 2619 1068 2671 libertatem,
1095 2616 1164 2657 iste
1183 2626 1314 2658 autem
1333 2628 1467 2658 eontra
1486 2629 1508 2656 e
1525 2614 1704 2655 libertate

1659 2684 1704 2711 in
