1815 3168
119 1418 121 1420 ·
181 1404 253 1443 Res
271 1404 312 1442 in
326 1400 442 1454 vado]

686 193 982 241 ANDRIA.

1421 208 1442 240 2
1459 208 1512 253 ¹5

212 340 239 389 5
279 322 372 372 DA
387 330 437 369 V.
473 325 625 370 Herus
650 318 732 368 est:
767 319 874 384 quid
892 320 1051 380 agam?
1088 315 1165 364 Sl.
1202 337 1243 371 o,
1277 319 1401 372 salue,
1433 320 1510 367 bo-

372 414 430 444 ne
449 400 537 446 vir!
573 395 622 444 D
636 410 669 442 A
684 409 734 443 v.
780 396 908 442 ehem
921 386 1064 442 Simo!
1089 410 1116 440 o
1138 392 1283 439 nostel
1299 395 1509 443 Chreme!

271 476 436 520 Omnia
460 483 664 539 apparata
683 474 770 519 iam
789 471 886 518 sunt
908 473 1039 519 intus.
1076 465 1143 515 Sl.
1179 466 1331 515 curasti
1354 470 1510 553 probe.

268 546 317 596 D
332 564 364 595 A
382 562 431 594 v.
473 549 561 597 Vbi
585 547 716 601 voles,
742 544 913 593 arceffe.
944 543 1009 593 Si
1031 544 1145 593 bene
1165 543 1286 590 sane:
1323 544 1368 589 id
1390 546 1510 591 enim

367 640 474 672 vero
497 604 601 671 hinc
622 640 740 670 nunc
761 621 891 669 abest.
1426 632 1433 635 ·

269 701 415 748 Etiam
433 710 483 747 tu
502 701 588 758 hoc
612 696 879 763 respondes?
911 689 1020 762 quid
1049 693 1138 743 istic
1155 693 1236 743 tibi
1256 696 1423 757 negotii
1423 690 1506 741 st?

363 772 411 822 D
423 789 457 822 A
468 788 514 823 v.
550 769 706 824 mihin'
718 775 741 820 ⁴?

118 951 307 1008 'respexit
339 954 489 994 etenim
518 943 678 1007 propter
709 951 794 994 sen-

130 1009 208 1057 sus,
238 1011 356 1052 verba
385 1009 493 1051 sunt:
529 1023 613 1050 non
632 1020 793 1063 propter

130 1067 249 1107 ιεὼει
284 1064 423 1108 sensus.
484 1066 612 1106 Omnis
651 1080 708 1106 res
745 1065 793 1118 est

129 1127 204 1163 iam
223 1127 263 1164 in
284 1124 401 1178 vado]
430 1121 478 1162 In
493 1122 601 1171 vado,
628 1123 672 1161 in
683 1119 793 1161 secu-

129 1181 252 1220 ritate.
309 1183 409 1222 Nam
442 1188 484 1218 vt
519 1180 562 1218 in
591 1176 789 1229 profundo

129 1236 345 1289 periculum
371 1234 447 1275 est:
476 1235 529 1274 ita
546 1235 588 1273 in
613 1233 710 1274 vado
737 1232 790 1273 se-

128 1293 266 1331 curitas
284 1290 349 1330 est.
377 1290 639 1340 Prouerbiale,
657 1291 703 1330 In
721 1304 789 1331 va-

128 1347 187 1396 do,
210 1349 253 1386 in
270 1357 367 1386 tute.
422 1348 473 1385 D.

472 1403 558 1440 Hoc
578 1399 642 1450 est,
670 1401 712 1440 in
731 1411 788 1441 tu-

126 1470 167 1499 to
208 1456 292 1498 sunt
325 1458 402 1496 iam
436 1454 622 1496 vniuersa.
683 1457 787 1496 Vada

127 1517 237 1555 enim
264 1511 349 1553 sunt
377 1513 461 1551 loca
489 1511 651 1551 humilia
678 1514 695 1533 '⁶
723 1513 784 1564 (in

127 1570 201 1613 Ms.
222 1571 356 1609 lacuna
380 1568 499 1615 nulla,
518 1568 646 1618 inquit
664 1567 783 1607 West.

126 1626 205 1667 Sed
224 1625 322 1665 mihi
334 1623 486 1663 videtui·
491 1597 691 1670 excidisse,
710 1637 784 1663 ma-

125 1685 190 1731 ris,
209 1679 284 1721 seu
278 1677 426 1732 fluuii.
453 1680 526 1731 Z.)-
581 1682 623 1718 Ε.

182 1736 340 1792 de
348 1748 455 1790 agam
464 1680 606 1790 ?])P1us
616 1732 671 1773 est
680 1733 784 1772 dice-

123 1807 181 1840 re,
182 1752 293 1846 5quid
310 1792 444 1847 agam?
473 1803 588 1841 quam
609 1790 782 1844 cogitare

103 1850 175 1890 .de
192 1807 297 1902 squga.
350 1847 459 1887 Salue
478 1845 567 1885 bone
587 1845 667 1899 vit]
697 1863 721 1883 ε
713 1852 781 1892 ῐ-ρω

121 1912 192 1946 νεῖαι
220 1904 344 1944 maior
368 1901 441 1952 est,
469 1902 778 1954 quaminciepa-

121 1963 188 2003 tio.
242 1962 376 2010 Quum
395 1959 503 1998 enim
512 1970 636 1997 omne
653 1969 778 2012 genus

121 2017 293 2059 criminis
351 2015 489 2066 aliquis
543 2010 778 2065 superaueiit

120 2073 281 2127 (Melius
308 2068 380 2112 Ms.
400 2069 523 2111 Hulst.
541 2068 777 2122 spreuerit):

121 2142 212 2172 tunc
239 2125 509 2180 exclusti(1ege
535 2122 663 2180 alifi),
693 2132 780 2174 εἰρω-

119 2194 188 2235 νείᾳ
214 2183 423 2225 laudamus.
478 2182 591 2236 Hem]
621 2183 777 2221 lutei-ie·

120 2243 194 2282 &io
228 2238 440 2293 pertmbati
474 2237 538 2277 est.
599 2238 633 2276 Ο
657 2237 777 2290 noster

122 2296 289 2351 Chreme]
327 2294 424 2346 Nost
387 2294 465 2346 ster
492 2292 682 2342 dicendo,
723 2294 776 2333 la·

123 2362 248 2393 tenter
272 2349 455 2405 fignificat
482 2350 707 2411 Glycerium
733 2346 776 2389 fi·

123 2411 213 2448 liam
245 2406 463 2449 Chremetis
512 2402 591 2446 efle
632 2406 773 2446 inuen

126 2475 214 2504 tam.
268 2466 320 2504 D.

176 2522 203 2562 6
236 2518 366 2558 Omnia
390 2529 570 2571 apparata
595 2516 774 2569 iamfimt

124 2568 246 2629 intus]
276 2575 376 2624 Quia
396 2572 538 2613 infecta
557 2571 640 2614 sunt
650 2573 700 2613 de
709 2589 772 2626 p-a

125 2631 226 2670 ratis.
287 2627 428 2681 Curasti
454 2629 586 2684 probe]
640 2630 771 2677 Probe,

123 2686 344 2728 memoriter
360 2696 398 2724 vt
413 2683 517 2725 solet.
538 2683 647 2739 supra
666 2687 774 2727 eni-m

1419 850 1505 893 St.

840 950 993 993 dixerat
1020 948 1161 1000 senex¹
1191 950 1273 991 Imo
1293 947 1357 989 abi
1376 951 1506 992 intro,-

841 1009 897 1048 ibi
914 1022 969 1048 me
987 1010 1174 1062 opperire:
1201 1018 1239 1047 et
1250 1007 1351 1061 quod
1361 1018 1504 1061 parato

840 1077 933 1119 opus
955 1065 1012 1116 est,
1021 1076 1134 1118 pata.
1189 1066 1238 1104 D.

896 1122 1031 1161 Omnia
1053 1122 1130 1160 iam
1142 1119 1297 1173 parata]
1325 1119 1502 1159 Diffimu

839 1177 894 1216 lat
913 1175 1042 1217 seruus
1069 1176 1232 1216 domino
1259 1173 1358 1222 viso,
1388 1186 1426 1215 et
1443 1174 1501 1213 di-

839 1245 900 1348 ci&
916 1233 966 1273 ad
991 1234 1157 1286 nuptias
1172 1233 1307 1271 cunita
1326 1228 1502 1283 disposita

837 1304 862 1330 e
894 1304 928 1330 e.
983 1291 1026 1330 E.

869 1345 974 1385 Iam
994 1344 1097 1396 fiant
1124 1342 1246 1398 intus]
1281 1339 1353 1384 ΜΓ.
1383 1346 1425 1383 R.
1455 1339 1497 1380 ro*

835 1403 910 1440 iam
930 1400 1050 1440 deest.
1107 1403 1148 1440 L.

890 1468 918 1510 7
951 1453 1301 1518 Vbivoles‚arcff]
1334 1451 1413 1502 Vbi,
1426 1467 1497 1505 pro

835 1511 1015 1563 quando
1034 1524 1118 1550 non
1137 1509 1192 1550 est
1208 1511 1316 1550 enim
1326 1510 1411 1557 loci,
1429 1507 1497 1548 sed

834 1568 1019 1619 temporis
1038 1566 1278 1606 aduerbium.
1322 1566 1418 1605 Bene
1428 1565 1499 1616 fiz-

832 1624 896 1677 ne]
923 1622 1063 1664 valide
1076 1636 1100 1660 :v
1117 1623 1207 1673 quia
1224 1622 1291 1675 qui
1307 1619 1417 1661 sanus
1429 1620 1494 1671 est,

833 1678 940 1718 idem
968 1689 1007 1717 et
1033 1677 1192 1718 validus.
1236 1677 1380 1732 ‘'Ad‘'fl]
1420 1680 1494 1717 Pro

831 1732 936 1785 deest.
990 1736 1039 1773 D.

888 1789 1100 1840 Benefizne‚
1123 1788 1167 1828 id
1182 1789 1391 1843 enimuero]
1420 1791 1492 1828 Re-

830 1846 899 1894 Εὶθ,
919 1845 1059 1898 inquit,
1080 1844 1195 1884 dicis:
1227 1843 1300 1883 hoc
1317 1845 1424 1883 enim
1437 1842 1493 1883 so-

823 1903 907 1941 lum
933 1903 1009 1941 iam
1035 1899 1160 1950 deest,
1182 1912 1228 1941 vt
1253 1898 1332 1954 ipsa
1361 1900 1491 1952 puella

827 1957 970 1998 debeat
991 1957 1159 1996 euocari.
1215 1959 1258 1997 Ε

880 2014 928 2053 Id
942 2013 1152 2072 enimuero]
1183 2010 1254 2056 ΜΓ.
1266 2015 1308 2054 R.
1326 2012 1367 2054 Is
1379 2014 1489 2052 enim-

826 2083 926 2111 uero.
972 2068 1026 2110 L.

882 2126 986 2167 Tres
1013 2137 1063 2164 ex
1091 2124 1248 2173 nostris,
1280 2136 1335 2165 1s
1368 2127 1488 2165 enimi:

823 2195 924 2222 uero.
950 2181 1073 2224 Male.
1128 2155 1298 2221 Faenius
1324 2190 1363 2221 et
1384 2186 1486 2221 vnn!

825 2237 910 2277 cod.
930 2251 955 2277 e
978 2237 1115 2276 nostris
1144 2249 1236 2277 mc
1265 2249 1373 2277 nunc.
1396 2239 1486 2298 Ριιι

823 2294 910 2333 str.a
971 2296 1012 2332 B.

880 2355 902 2397 8
944 2349 1071 2388 Etiam
1097 2360 1139 2388 tu
1173 2346 1241 2386 hoc
1269 2313 1485 2442 respondes}

821 2404 953 2453 Deest,
975 2418 1023 2444 an
1034 2417 1119 2444 non.
1146 2402 1232 2455 (Ob
1243 2404 1462 2453 annonhau

822 2461 941 2501 dubie
951 2461 1104 2515 legitA
1117 2459 1317 2512 respondes.
1342 2460 1420 2500 Sed
1433 2472 1484 2500 ex

821 2515 998 2568 sequenti
1021 2516 1283 2568 explicatione
1308 2519 1352 2556 τῦ
1371 2519 1483 2555 etiam

821 2569 1155 2626 ai1&01·emlegifl'e
1173 2570 1356 2626 responde,
1367 2583 1485 2624 patet.

826 2631 941 2680 Quae
954 2628 1214 2681 repugnantia
1223 2629 1485 2679 interpolatio·

823 2698 916 2726 nem
931 2686 1103 2724 indicare
1113 2683 1274 2727 videtut.
1285 2687 1345 2735 Z.)
1357 2687 1482 2726 Etiam

936 2742 972 2780 Ο
1002 2755 1029 2795 4
1438 2752 1485 2778 ta
