1815 3168
524 134 1060 182 -HEAVTONTIM

1375 133 1469 192 655

244 267 411 311 Decem
439 263 591 314 minaS,
614 277 719 325 quas
742 243 852 306 {nihi
884 259 983 305 dare
1002 259 1223 324 pollicitus
1245 255 1318 305 est.
1353 257 1476 323 quod

223 343 232 383 ἶ
287 392 291 395 ⁷
340 338 370 384 si
391 341 425 384 is
446 354 565 384 nunc

191 396 225 494 χ’
242 417 324 461 Me

341 487 424 534 stra
441 489 608 534 veniet:

344 414 575 478 deceperit,
597 411 719 477 saepe
740 410 962 459 obsecrans
983 425 1069 464 me,
1097 419 1144 457 vt
1163 409 1348 462 veniam,
1384 408 1473 456 ftu-

246 566 339 610 Aut
358 579 497 625 quum
520 572 748 609 venturam
769 561 918 608 dixero
952 569 995 608 et
1016 557 1301 612 constituero,
1334 575 1475 623 quum

343 640 378 684 is
416 648 532 684 certe

180 729 209 777 5
250 714 553 765 Renunciarit‚
587 712 781 776 Clitipho
803 728 904 757 cum
926 712 971 757 in
993 710 1065 775 spe
1087 709 1298 775 pendebit
1318 711 1474 756 animi:

247 790 491 852 Decipiam,
514 805 561 833 ac
579 804 672 835 non
694 788 890 837 veniam:
935 791 1070 850 Syrus
1092 786 1201 832 mihi
1226 795 1351 846 tergo
1371 801 1478 851 poe·

340 880 416 909 nas
439 862 620 927 pendet.

115 1061 315 1117 quendum
344 1073 573 1116 argentum,
618 1074 658 1103 vt
683 1066 774 1105 Bac-

115 1120 196 1159 chis
213 1121 307 1158 irata
327 1134 349 1158 a
366 1122 462 1172 Syro
472 1120 653 1170 placetur,
674 1132 714 1159 et
724 1119 773 1160 ad

113 1172 398 1217 Menedemum
433 1173 608 1218 transeat.
673 1176 774 1215 Satis

109 1233 191 1287 pol]
222 1231 437 1271 Meretricis
465 1231 688 1282 conquestio
709 1245 774 1272 ex-

116 1289 308 1340 primitur,
331 1289 435 1325 cuius
456 1297 534 1326 tota
552 1287 771 1341 indignatio

116 1343 319 1395 dependet
350 1357 399 1382 ex
431 1357 515 1382 non
543 1344 678 1383 tradita
708 1357 773 1395 pe·

118 1400 246 1439 cunia.
308 1398 503 1450 Promisso]
542 1400 680 1441 Cicero
707 1401 772 1450 (in

118 1455 387 1508 fragmentis),
412 1455 588 1507 Promisso
616 1469 679 1495 tua
707 1469 775 1494 me-

102 1514 236 1552 >moria
256 1525 389 1550 teneas.
442 1511 568 1550 Aliter
579 1512 774 1563 accipitur,

119 1581 208 1607 cum
248 1566 410 1606 dicimus
439 1567 609 1620 promiffa
643 1567 770 1608 barba.

119 1627 219 1665 Nam
251 1625 472 1675 promittere
496 1626 549 1662 est
576 1624 774 1674 polliceri:

119 1691 161 1720 et
187 1679 236 1733 ad
267 1678 577 1731 magnitudinem
610 1681 771 1720 nutrire.

118 1737 270 1777 Plautus
289 1735 402 1786 (Rud.
421 1748 471 1784 11,
499 1747 535 1788 3,
564 1739 674 1789 46.),
691 1737 776 1789 'Ca-

111 1791 249 1846 pillum
281 1794 509 1842 promittam.
580 1791 777 1847 Promiffit]

119 1849 271 1889 Dicitur
285 1845 498 1898 promifficm
520 1857 557 1885 et
575 1847 775 1902 promissio.

119 1901 315 1956 Promiffio
356 1913 396 1941 et
425 1901 652 1955 pollicitatio
685 1917 777 1943 ean-

121 1960 214 2000 dem
234 1961 312 1998 vim
331 1957 487 1998 habent.
515 1957 582 1998 sed
596 1961 777 2011 pollicita-

121 2019 200 2064 tio,
226 2015 376 2054 maioris
404 2012 692 2055 afl'eueratiouis
711 2015 778 2056 est.

123 2074 208 2115 Huc
233 2070 481 2124 induxerunt]
519 2071 719 2111 Inducitur
743 2086 778 2112 a·

123 2128 259 2180 liquis,
287 2140 374 2167 cum
393 2126 518 2166 verbis
542 2128 698 2167 alterius
717 2128 782 2168 de-

125 2184 279 2236 cipitur.
337 2186 384 2223 In
399 2182 568 2232 Andria,
599 2184 690 2224 Vide
705 2197 779 2237 quo

125 2255 183 2282 me
204 2241 365 2280 inducas.
423 2239 468 2279 C.

185 2295 304 2345 Satis,
333 2295 423 2349 pol,
457 2298 653 2348 proter-ue]
682 2297 779 2338 Satis

125 2348 272 2403 aspere.
327 2354 372 2392 E.

182 2407 272 2447 Noli
293 2407 378 2458 post
391 2408 620 2449 induxerunt
634 2409 782 2462 plenio-

127 2475 212 2502 rem
222 2475 372 2514 ponere
381 2463 675 2506 distinfflonefii.
706 2467 783 2505 De-

131 2533 205 2558 cem
229 2521 346 2559 minas
376 2532 486 2573 quas,
525 2521 563 2560 h.
597 2534 632 2561 e.
665 2522 783 2561 decem

56 2622 64 2626 =
130 2578 250 2614 minae
269 2588 369 2628 quas.
421 2576 485 2615 Sic
503 2576 605 2627 And.
627 2579 722 2619 Proi'.
744 2586 780 2632 3.

132 2642 170 2671 et
192 2629 298 2684 supra·
316 2645 373 2680 iv,
392 2643 421 2682 1,
441 2643 506 2686 41.
560 2636 601 2674 B.

1377 939 1477 985 Cf..

877 1076 903 1105 2
933 1060 1146 1112 Pollicitus]
1174 1060 1478 1102 Pouicemurma-

822 1121 881 1174 gis
911 1117 1076 1173 sponte:
1120 1118 1383 1159 Promimmm
1412 1127 1479 1157 ro-

821 1177 913 1231 gati.
972 1178 1020 1219 C.

874 1236 1037 1283 Repone
1060 1230 1111 1269 ob
1133 1228 1290 1280 versum,
1310 1230 1420 1270 Dare
1429 1228 1481 1282 est

814 1288 1012 1341 pollicitus.
1068 1288 1107 1325 B.

878 1356 900 1395 3
936 1345 986 1384 Vt
1004 1345 1160 1392 veniam,
1170 1339 1321 1394 frustra
1339 1342 1482 1399 veniet]

822 1399 986 1440 Pulchra
1030 1399 1260 1448 permutatio
1308 1396 1482 1438 eiusdem

824 1455 930 1495 verbi
954 1468 1024 1507 per
1040 1467 1235 1506 tempora,
1265 1467 1365 1506 quae
1390 1467 1482 1494 con-

825 1513 938 1552 uenit
956 1512 1072 1550 iratis.
1127 1511 1173 1550 C.

879 1569 987 1608 Ratio
1009 1563 1134 1606 versus
1153 1566 1333 1617 requirit,
1361 1576 1398 1605 vt
1427 1564 1486 1604 di·

826 1624 899 1663 &io
918 1637 972 1662 me
991 1622 1242 1675 praecedenti
1272 1619 1396 1661 versui
1416 1621 1483 1660 ad-

825 1678 1018 1719 scribatur.
1085 1679 1154 1719 Vti
1199 1677 1310 1719 codd.
1347 1676 1486 1718 Faerni

827 1748 961 1776 ornnes
980 1733 1142 1774 habent.
1201 1737 1242 1774 B.

881 1806 908 1845 4
937 1793 1015 1831 Aut
1027 1804 1104 1830 cum
1120 1788 1331 1842 venturam]
1359 1791 1486 1828 Immo

825 1849 952 1900 potius
971 1860 1063 1886 vero
1081 1860 1146 1885 me
1157 1843 1235 1884 effe
1244 1856 1448 1884 venturam
1462 1845 1486 1866 '⁵

825 1902 1108 1954 (forterexcidit²
1120 1901 1340 1953 constituero
1351 1901 1420 1948 Z.).
1439 1903 1485 1942 E.

879 1963 988 2013 Lege
1003 1972 1087 1998 cum
1105 1955 1299 1998 ‘Goueano
1308 1968 1346 1996 et
1356 1955 1488 2010 Guye-

829 2025 869 2055 to
894 2029 1004 2065 cerm,
1025 2028 1094 2066 pro
1115 2027 1221 2053 certe.
1276 2015 1315 2053 B.

885 2084 907 2124 5
932 2072 1001 2124 Spe
1008 2070 1184 2124 pendebit
1200 2067 1331 2114 animi]
1363 2069 1485 2120 Quod

830 2127 885 2167 est
903 2128 1083 2179 corporis,
1110 2126 1158 2165 ad
1178 2125 1385 2164 cruciatum
1407 2126 1489 2164 ani-

831 2185 886 2223 rni
904 2183 1102 2223 transtulit.
1141 2184 1264 2233 Supra
1287 2178 1404 2220 visum
1417 2180 1487 2229 est,

832 2253 948 2291 quam
975 2248 1230 2290 torqueantur
1247 2247 1418 2275 amantes
1443 2238 1490 2278 in

830 2297 1037 2335 amicarum
1057 2292 1355 2345 exspectatione.
1388 2294 1436 2334 C.

883 2357 992 2404 Lege
1009 2347 1275 2399 Renunciahit,
1300 2359 1338 2387 vt
1354 2347 1491 2389 Pende-

831 2405 907 2448 bit.
956 2411 1001 2448 B.

863 2499 865 2502 ,
887 2467 915 2507 6
943 2465 998 2502 Ac
1016 2475 1093 2502 non
1106 2459 1269 2515 veniam]
1300 2460 1403 2502 Mifa
1413 2474 1493 2502 rne-

831 2520 976 2561 retricis
1022 2518 1210 2557 caliiditas
1247 2517 1488 2568 exprimitur.

830 2580 909 2618 Iam
936 2575 1132 2628 cogitauit,
1160 2572 1492 2625 quemadmodum

832 2633 949 2687 Syrus
973 2629 1147 2672 videatur
1173 2627 1278 2681 apud
1302 2627 1494 2681 Clitipho-

1395 2697 1490 2725 nem
