1815 3168
336 140 432 197 556

467 260 514 312 C
530 279 578 309 n.
614 260 893 314 Menedeme,
917 271 959 308 at
979 277 1114 325 porro
1133 257 1251 306 τεᾶς
1266 258 1402 323 spero,
1425 259 1598 305 etillum
1611 258 1690 306 tibi

464 341 642 387 Saluom
664 338 916 384 adfuturum
938 334 1018 382 effe
1040 337 1124 388 hic,
1151 331 1338 388 confido,
1360 335 1633 398 propediem.

466 413 519 462 M
535 429 560 462 Ε
578 429 629 462 Ν.
663 415 840 461 Vtinam
864 415 921 458 ita
944 414 1002 459 Di
1020 411 1171 458 faxint.
1213 408 1323 458 CH.
1359 411 1536 456 facient:
1572 425 1691 456 nunc

562 489 593 537 fi
617 483 964 540 commodum'st,

341 588 358 620 1
378 587 432 619 ιο
464 564 674 629 Dionysia
695 565 766 610 hic
786 563 904 611 sunt:
944 563 1076 610 hodie
1097 561 1213 628 apud
1238 578 1309 608 me
1333 559 1384 607 sis
1405 561 1522 608 volo.

467 640 624 691 ΜΕΝ.
662 645 772 688 Non
796 637 984 703 possum.
1023 637 1123 687 CH.
1159 655 1237 686 cur
1258 636 1384 686 non?
1422 635 1692 701 quaeso,.tan·

565 717 666 766 dem
692 716 1010 780 aliquantulum

332 902 386 943 ibi
409 899 514 954 (fibi,
549 907 622 944 aut,
645 896 749 948 ficos,
779 906 852 944 aut,
881 895 989 936 alteri

333 959 396 1009 Z)
432 968 561 995 mores
589 951 831 1000 ostendisset,
870 965 990 991 omne

331 1016 479 1054 crimen
509 1010 636 1063 potius
672 1008 822 1048 deriuat
858 1007 990 1059 (addo,

331 1074 372 1110 in
390 1070 432 1118 fi>
447 1071 505 1115 Z.)
531 1064 648 1106 senex
664 1077 707 1104 ac
726 1063 828 1109 dicit,
837 1065 989 1115 fateor,

327 1137 516 1180 peccatum
536 1137 556 1161 a
577 1134 631 1160 me
650 1122 847 1160 maximum
862 1118 918 1170 est.
947 1121 992 1159 E.

391 1184 584 1221 Peccatum
602 1190 625 1215 a
655 1176 727 1230 me]
757 1179 806 1218 V.
834 1175 880 1217 C.
908 1174 993 1214 Pec-

333 1250 455 1278 catum
473 1247 598 1274 meum.
655 1236 697 1274 L.

385 1292 518 1333 Bemb.
541 1289 663 1330 Vatie.
686 1298 725 1327 et
743 1300 881 1326 omnes
907 1284 993 1326 fere

333 1349 450 1389 nostri
469 1346 618 1386 habent
635 1357 856 1391 maxumum,
886 1357 995 1395 prae-

333 1418 391 1446 ter
415 1403 502 1443 cod.
530 1402 675 1444 Victor.
702 1399 784 1449 vbi,
821 1401 993 1448 maxime,

333 1462 535 1514 reperitur.
589 1458 629 1496 B.

394 1529 472 1568 107
500 1517 626 1556 Porro
647 1510 882 1565 rec‘tespero]
906 1512 992 1552 Por·

333 1588 401 1620 νο,
430 1569 599 1611 eiusdem
624 1568 994 1623 significationiS,cu-

334 1632 393 1670 ius
420 1643 505 1673 vero
531 1637 574 1666 et
588 1639 736 1665 autem:
765 1638 836 1676 pro
857 1623 994 1675 quibus

334 1699 459 1727 tamen
474 1695 622 1736 ponere
650 1695 732 1721 non
754 1679 880 1732 poffis.
940 1681 996 1720 Si-

337 1741 496 1797 gnificat
515 1739 632 1779 etiam
653 1736 756 1790 apud
773 1736 906 1776 Poetas
919 1737 997 1775 lon-

335 1814 392 1855 ge,
422 1810 529 1841 certe,
554 1794 683 1848 postea,
710 1794 825 1835 vltro.
882 1791 996 1845 Spero

337 1869 410 1906 pro
439 1850 578 1897 eredo,
607 1851 780 1889 vfitatum
804 1847 878 1888 est:
917 1848 996 1887 fiue

336 1911 390 1950 de
424 1905 614 1962 praesenti
649 1906 871 1956 loquamur,
917 1903 996 1943 siue

338 1967 388 2006 de
424 1962 646 2018 praeterito,
703 1960 889 2000 Similiter
914 1972 994 1997 con-

329 2021 412 2075 fido
434 2033 505 2073 pro
527 2017 640 2058 credo
655 2047 665 2066 ,
690 2027 770 2055 tum
791 2016 830 2054 in
849 2025 998 2067 praete-

338 2080 427 2126 rito,
464 2086 544 2115 tum
564 2075 605 2112 in
624 2070 825 2125 praesenti,
851 2081 934 2110 tum
955 2072 997 2110 in

320 2135 481 2184 Afutmo
541 2132 586 2173 C.
832 2141 836 2142 ⁷

394 2184 624 2240 Menedeme]
671 2183 735 2225 Ad
783 2180 993 2236 personam.

337 2246 413 2287 hoc
434 2259 484 2285 ex
504 2244 578 2282 illis
602 2254 701 2293 quae
727 2237 837 2291 supra
858 2240 995 2291 promi-

339 2303 394 2352 fit,
415 2301 597 2340 inueniet
617 2296 711 2348 quid
731 2295 886 2341 adferat,
907 2293 997 2334 scili-

340 2371 400 2400 cet
411 2353 646 2397 consolation
653 2366 726 2393 em.
748 2352 934 2404 siquidem
945 2351 1000 2390 di-

341 2417 412 2454 cit:
437 2412 560 2465 filium
585 2409 804 2461 adfuturum
835 2408 891 2446 hic
919 2421 1000 2446 con-

332 2471 414 2524 fido
441 2467 662 2521 propediem.
719 2462 897 2514 szfido,
928 2463 1001 2502 hoc

341 2527 407 2576 est,
426 2525 606 2565 fiduciam
628 2534 736 2577 gero.
792 2524 834 2561 E.

396 2581 622 2625 Menedeme‚
655 2591 695 2617 at
711 2577 846 2630 porro]
877 2575 999 2616 Recti-

342 2653 387 2681 us
408 2637 574 2685 videtur,
607 2634 633 2674 fi
652 2633 700 2673 fic
722 2632 998 2687 distinguatur:

761 132 919 179 ACT.
948 132 980 178 1.
1014 116 1263 181 SCEN.1‡

1584 787 1694 836 Tibi

1038 895 1260 945 Meneclem,
1274 907 1314 934 at
1327 905 1441 945 porro
1453 892 1546 932 rec'le
1556 891 1669 945 spera
1680 905 1696 935 ,-

1039 952 1141 991 illum
1169 951 1240 991 tibi
1288 950 1439 989 Saluum
1475 949 1697 1000 adficturum

1039 1007 1103 1059 effe
1121 1007 1178 1045 hic
1197 1006 1340 1055 confido
1356 1007 1573 1058 propediem.
1606 1007 1646 1045 h

1099 1075 1176 1114 109
1192 1064 1342 1101 Vtinam
1361 1063 1432 1100 Dii
1442 1062 1599 1115 fizxint]
1626 1060 1698 1100 Fa-

1042 1133 1115 1166 x0,
1143 1117 1315 1157 futurum
1346 1127 1498 1168 tempu‘s
1523 1128 1696 1157 tantum:

1042 1175 1116 1223 vel,
1135 1185 1173 1213 vt
1183 1175 1255 1225 alii,
1268 1173 1528 1226 prorniffiuum
1539 1172 1699 1213 modum

1041 1229 1218 1270 ostendit.
1275 1232 1320 1269 C.

1098 1289 1246 1326 Omnes
1270 1283 1354 1324 fere
1373 1284 1511 1331 nostri,
1541 1284 1656 1324 Nunc
1671 1282 1708 1334 fi*

1043 1342 1091 1397 est
1119 1342 1370 1382 commodum:
1399 1343 1524 1395 magis
1553 1354 1603 1380 ex
1620 1353 1701 1379 mo-

1043 1412 1086 1438 re
1104 1399 1279 1438 auctoris.
1338 1401 1378 1438 B.
1669 1403 1673 1406 ’
1810 1407 1815 1449 ξ4

1099 1467 1179 1497 110
1207 1454 1393 1504 Dionyfia
1411 1452 1470 1492 hic
1480 1452 1594 1507 fiant]
1615 1454 1700 1493 Hoc
1810 1445 1815 1502 5(

1044 1511 1099 1550 est
1116 1509 1380 1551 Bacchanalia.
1432 1510 1607 1561 Diorgyszi
1639 1512 1702 1550 au'n
1810 1502 1815 1546 {³

1044 1578 1135 1615 tem,
1159 1568 1225 1618 qui
1242 1577 1281 1606 et
1290 1565 1460 1606 Bacchus
1480 1566 1627 1615 dicitur,
1648 1563 1702 1605 sa·

1045 1637 1119 1671 cra,
1146 1637 1168 1662 a
1186 1620 1382 1674 plerisque
1402 1624 1583 1662 Graeciae
1605 1622 1723 1673 vrbi4

1044 1680 1115 1719 bus
1141 1679 1313 1718 triennio
1342 1691 1499 1730 quoque
1534 1679 1703 1718 celebra-

1044 1737 1195 1775 bantur.
1252 1735 1299 1775 C.

1098 1790 1277 1843 Dionyfi'a
1316 1790 1374 1830 hic
1409 1790 1534 1844 stent]
1582 1791 1701 1840 Optu-

1046 1861 1111 1888 me
1137 1847 1297 1893 fac'mm,
1337 1856 1376 1884 vt
1404 1845 1487 1896 post
1514 1857 1701 1884 narratam

1046 1904 1306 1949 calamitatem,
1335 1903 1394 1939 cui
1415 1902 1573 1952 quidem
1592 1913 1703 1953 prae·
1812 1938 1814 1946 Α

1046 1971 1105 1999 ter
1144 1956 1446 1998 consolationem
1493 1955 1703 1997 subuenire
1812 1951 1815 1983 ⁵

1045 2028 1128 2054 non
1148 2024 1297 2066 poterat
1306 2027 1318 2060 3
1345 2023 1471 2051 tamen
1486 2014 1524 2051 in
1537 2025 1584 2051 eo
1597 2012 1702 2064 quod
1789 2035 1815 2064 ,ι

1047 2083 1095 2110 ex
1121 2068 1202 2122 ipso
1228 2069 1373 2109 auxilio
1403 2067 1481 2109 effe
1506 2067 1700 2121 potuifl‘et,

1046 2127 1129 2166 vult
1156 2139 1248 2165 eum
1274 2125 1321 2165 ad
1346 2138 1510 2164 coenam
1544 2138 1682 2164 vocare
1691 2140 1704 2174 ς

1048 2183 1137 2235 quia
1159 2182 1262 2230 dicit,
1282 2181 1388 2220 hodie
1408 2180 1700 2233 Diomflafimss

1047 2250 1148 2291 quae
1186 2235 1272 2277 sunt
1302 2234 1400 2276 sacra
1427 2237 1557 2279 Liberi
1587 2239 1702 2289 patris

1047 2293 1147 2347 apud
1166 2292 1337 2336 Athenas
1368 2293 1598 2346 (Athenierffi
1625 2297 1701 2348 Z.).

1102 2409 1219 2446 Praua
1238 2403 1423 2444 distinctio
1450 2404 1510 2444 fic'
1522 2404 1575 2445 est
1593 2404 1703 2444 refin-

1051 2461 1191 2516 genda,
1213 2461 1391 2512 Dionysia
1404 2461 1461 2499 hic
1467 2462 1561 2513 fient
1572 2461 1702 2501 hodie:

1050 2519 1145 2572 apud
1163 2528 1233 2556 etc.
1291 2521 1330 2557 Β.
1564 2543 1567 2545 -

1106 2586 1181 2616 111
1262 2573 1386 2627 uaesb]
1428 2574 1590 2612 Primam
1621 2585 1706 2623 per-

1048 2626 1178 2670 sonam
1208 2630 1411 2671 indicatiui
1438 2629 1556 2669 habet
1572 2629 1704 2668 dunta-

1629 2696 1703 2724 xat.
