1815 3168
339 99 434 161 636

727 100 1275 148 ACT.1V.SCEN.1.

421 220 727 275 Achs
799 222 1163 295 QVARTI
1229 223 1530 277 scENA
1579 225 1613 277 1.

512 313 798 358 SOSTRATA.
830 313 1086 355 CHREMES.
1117 315 1324 353 NVme.
1355 315 1525 355 SYRVS.

333 444 430 561 N
449 470 464 497 1
483 469 501 498 s
522 470 540 497 1
580 468 650 498 me
675 441 850 497 animusv
867 450 986 503 fallit,
999 451 1069 497 hic
1089 447 1294 515 profesto
1317 449 1376 498 est
1387 452 1556 506 anulus,
1570 469 1704 517 quem

569 544 652 593 ego
689 527 875 592 suspicor
896 546 905 571 :

465 607 522 657 Is,
546 606 723 666 quicum
745 620 869 667 expo
861 601 930 648 fita
949 599 1007 648 est
1031 612 1172 663 gnata.
1212 599 1322 652 CH.
1358 601 1465 667 quid
1495 602 1587 650 volt
1608 601 1702 657 sbi,

566 683 624 741 S)
629 695 687 730 rc,
712 679 817 724 haec
838 679 1007 725 matio?

466 751 558 802 SO.
598 754 719 808 Quid
740 752 827 799 est?
864 753 950 799 isne
975 752 1054 799 tibi
1075 751 1277 799 videtur?
1317 752 1432 801 NV.
1474 753 1560 800 dixi
1582 755 1701 817 equi-

568 830 682 881 dem,
705 829 777 876 vbi
799 829 909 874 mihi
935 826 1165 880 ostendisti,
1189 828 1302 881 ilico,

465 908 581 958 Eum
606 901 704 949 effe.
746 902 836 949 So·
875 914 916 949 at
950 913 997 949 vt
1028 903 1120 950 satis
1154 903 1444 970 contemplata
1474 903 1609 952 modo
1633 902 1702 959 sJS,

563 996 660 1026 mea
683 979 844 1024 nutrix.
880 976 931 1026 N
951 990 998 1024 v.

388 1206 408 1237 1
453 1190 544 1246 Nifi
585 1208 639 1233 me
682 1195 825 1233 animus·
855 1192 987 1248 fhllit]

329 1254 437 1293 Haec
468 1252 592 1290 Scena
620 1249 866 1301 Antiphilae.
882 1263 990 1289 reco-

330 1309 555 1361 gnitionem
591 1307 791 1347 continet:
833 1319 882 1346 ex
914 1320 989 1357 qua

328 1365 431 1403 inter
449 1365 569 1403 virum
591 1373 631 1401 et
651 1363 860 1414 coniugem
879 1363 987 1401 alter

329 1421 429 1458 catio
460 1420 598 1459 oritur:
633 1418 789 1458 demum
815 1419 989 1458 reconci-

326 1476 445 1516 liatio.
503 1475 626 1515 Simul
644 1477 742 1528 Syro
773 1473 934 1514 offertur
953 1489 987 1513 a-

273 1557 277 1562 «
328 1533 379 1571 lia
415 1532 511 1570 ratio
552 1530 812 1582 extorquendi
849 1544 984 1584 argen-

330 1596 422 1628 tum.
482 1589 528 1628 C.
674 1632 677 1637 Ι

383 1640 474 1694 Ng'fi'
498 1658 552 1682 me
577 1643 738 1697 animus]
768 1645 878 1683 Haec
898 1645 988 1684 Sce-

327 1715 380 1740 na
407 1712 515 1740 tenet
542 1701 749 1739 maximam
769 1712 990 1738 controuer-

326 1756 439 1801 fiam3
460 1758 608 1807 quippe
629 1757 786 1795 maritus
800 1755 892 1794 dum
905 1770 989 1809 gra-

326 1813 457 1851 uidam
477 1812 629 1850 videret
649 1825 817 1858 vxorem
823 1812 989 1851 manda-

314 1871 386 1913 suit
404 1879 440 1907 vt
458 1866 675 1919 puellamii
681 1865 900 1918 peperifl'et,
923 1881 987 1906 ex-

328 1926 540 1978 tingueret
592 1928 723 1965 Mater
737 1924 906 1974 puellam
917 1937 984 1974 pe-

327 1983 446 2035 perit,
480 1992 520 2019 et
546 1976 730 2030 exposuit
763 1991 862 2030 quae
898 1992 986 2017 cum

327 2045 614 2089 exponer·etu1‚
659 2034 821 2073 anulum
862 2034 983 2074 dedit.

326 2097 516 2134 Inuentus
535 2090 589 2129 est
599 2090 698 2141 apud
711 2090 905 2141 quandam
917 2104 986 2142 pu-

327 2150 442 2189 ellam
461 2147 612 2190 anulus:v
643 2148 903 2199 interrogatur
921 2160 988 2185 vn-

328 2206 380 2244 de
418 2204 482 2247 fit:
519 2203 582 2242 illa
611 2200 828 2254 respondit,
863 2199 988 2254 ipsum

327 2257 406 2300 esse
432 2258 530 2298 'cum
564 2266 643 2310 'quo
680 2256 775 2297 effet
808 2257 987 2309 exposita.

326 2319 414 2357 Hoc
452 2328 539 2354 cum
575 2311 816 2367 cogiiouiffet
852 2312 980 2378 senex,

327 2373 499 2426 agnitam
528 2371 693 2421 puellam
721 2383 835 2421 quam
856 2371 986 2411 extin-

329 2429 398 2483 gui
424 2425 596 2475 iufferat,
636 2439 741 2465 ream
774 2424 866 2465 facit
896 2439 987 2466 vxo-

328 2499 422 2532 lem
446 2482 552 2534 quod
564 2480 741 2522 aduersus
752 2481 919 2522 edietum
929 2480 984 2521 su·

325 2555 392 2580 um
411 2539 484 2579 feci
491 2535 572 2578 ffet.
629 2539 703 2579 Hic
722 2539 849 2590 primo
875 2539 985 2579 veni-

328 2598 396 2636 alis
429 2594 484 2635 est
504 2595 630 2633 status,
682 2596 793 2642 Feci,
821 2592 887 2634 sed
904 2595 986 2647 pie-

326 2664 403 2693 tate
422 2650 508 2692 feci.
560 2654 666 2704 Ergo
686 2652 810 2707 primo
828 2651 929 2691 inter
948 2648 985 2691 se

1039 978 1147 1025 satis.

1544 1073 1570 1119 ς
1610 1059 1638 1103 S
1654 1073 1702 1102 0.

1039 1194 1270 1246 loquuntur,
1300 1207 1349 1233 an
1379 1191 1460 1246 ipse
1490 1195 1626 1235 anulus
1645 1194 1699 1245 fit,

1040 1262 1127 1290 cum
1146 1264 1221 1303 quo
1242 1250 1410 1302 expofita
1423 1250 1475 1289 -fit
1493 1251 1580 1290 filia.
1616 1254 1658 1292 E.

1094 1320 1120 1348 2
1167 1305 1369 1359 Expofita]
1412 1306 1600 1359 Exponere
1649 1306 1703 1347 est

1039 1365 1153 1402 morti
1168 1364 1369 1402 tlwadeleet
1381 1362 1562 1406 obiicere
1595 1363 1703 1418 Qid

1039 1418 1135 1466 volt]
1165 1419 1357 1462 Chremes
1377 1433 1455 1458 non
1472 1416 1509 1457 se
1520 1420 1606 1459 loco
1620 1432 1700 1458 mo·

1037 1487 1157 1515 uer.at
1233 1477 1335 1515 Haec
1378 1478 1555 1525 oratio]
1574 1479 1700 1516 Pauca

1035 1531 1152 1571 verba
1180 1542 1332 1571 veteres
1360 1534 1571 1572 orationem
1606 1546 1700 1585 quo-

1037 1601 1117 1640 que
1135 1587 1172 1626 di
1164 1597 1329 1627 xer.unt
1392 1589 1440 1628 C.

1096 1658 1118 1697 3
1160 1644 1261 1683 Dixi
1292 1645 1471 1697 equidem]
1513 1647 1622 1684 Haec
1649 1642 1699 1683 fic

1037 1699 1258 1752 respondet,
1280 1711 1318 1739 vt
1340 1714 1438 1752 quae
1456 1700 1556 1741 nihil
1574 1701 1615 1739 in
1627 1699 1699 1741 hac

1038 1770 1081 1795 re
1101 1756 1351 1797 dubitationis
1370 1756 1518 1796 habeat.
1575 1759 1626 1798 C.

1064 1826 1117 1865 *4
1146 1816 1199 1853 At
1225 1826 1267 1851 vt
1289 1812 1405 1863 fiztis]
1441 1814 1503 1853 Sic
1532 1812 1698 1853 dicimus

1035 1869 1077 1907 in
1101 1868 1159 1907 his
1178 1869 1293 1907 rebus
1314 1869 1365 1907 de
1384 1868 1520 1919 quibus
1534 1868 1697 1907 addubi-

1036 1935 1179 1971 tamus,
1207 1934 1246 1962 et
1267 1925 1475 1976 praecipue
1499 1937 1592 1975 quas
1617 1925 1697 1964 iam

1036 1980 1103 2019 diu
1133 1993 1213 2018 non
1234 1979 1408 2019 vidimus.
1469 1980 1697 2032 Contempla-

1035 2038 1090 2086 τα]
1137 2037 1388 2088 Contemplari
1417 2036 1560 2075 diuum
1590 2036 1645 2076 est
1671 2051 1695 2076 a

1034 2091 1178 2144 templo,
1197 2091 1237 2130 id
1257 2092 1322 2138 est,
1341 2093 1428 2130 loco
1450 2093 1516 2143 qui
1527 2091 1573 2131 ab
1584 2092 1694 2132 omni

1035 2159 1142 2201 parte
1162 2145 1289 2199 aspici,
1314 2148 1375 2186 vel
1395 2161 1443 2186 ex
1464 2158 1544 2200 'quo
1565 2149 1692 2187 omnis

1035 2217 1120 2257 pars
1142 2204 1263 2242 videri
1284 2204 1426 2255 potest:
1459 2216 1579 2255 quem
1599 2205 1695 2245 anti-

1036 2262 1102 2312 qui
1115 2259 1564 2311 templumnominabant.
1628 2260 1695 2299 Sa-

1033 2318 1098 2366 tis]
1143 2315 1335 2366 Multum,
1382 2314 1579 2356 infinitum
1614 2316 1693 2356 est:

1032 2373 1132 2414 Satis
1153 2385 1246 2412 vero
1266 2371 1332 2411 fii
1323 2382 1431 2410 itum.
1489 2372 1537 2412 C.

1085 2432 1140 2467 At
1156 2441 1198 2468 vt
1203 2428 1303 2477 fiztls
1321 2428 1586 2483 contemplata]
1612 2428 1692 2470 Sed

1034 2494 1074 2524 vt
1095 2482 1179 2524 satis
1201 2485 1356 2537 integre
1383 2484 1582 2536 pleneque
1601 2498 1690 2537 per-

1031 2537 1210 2592 spexerIS‚
1232 2541 1362 2579 nutrix
1380 2553 1478 2579 mea.
1534 2544 1580 2581 E.

1056 2600 1260 2691 lRepoue,
1280 2598 1334 2636 At
1342 2595 1442 2648 sans
1462 2610 1506 2637 vt
1533 2608 1690 2638 contem·

1029 2663 1054 2707 p
1071 2665 1144 2692 ata.
1199 2654 1242 2693 Β.
