1815 3168
276 159 438 189 Lxxxw
686 145 775 189 DE
821 144 1192 191 THEATRO.

273 264 345 310 dis,
366 277 444 303 non
468 279 488 304 a
507 267 636 312 Poeta,
664 262 727 304 sed
745 279 767 304 a
784 265 910 317 perito
929 266 1013 304 artis
1033 264 1196 306 musicae
1214 263 1342 305 faecis:
1373 279 1503 318 neque
1524 265 1630 306 enim

275 321 405 359 omnia
436 319 568 360 iisdem
596 321 720 359 modis
748 324 789 360 in
829 334 905 359 vno
937 322 1085 360 cantico
1130 321 1345 374 agebantur
1361 353 1370 371 ,
1415 321 1480 362 sed
1518 320 1634 374 saepe

271 378 424 416 mutatis
437 390 445 414 :
467 388 505 416 vt
516 376 738 430 significant,
750 377 815 427 qui
830 388 903 414 tres
913 390 1092 415 numeros
1103 377 1111 414 i
1117 391 1143 415 n
1154 378 1375 418 Comoediis
1387 388 1552 431 ponunt,
1565 378 1633 429 qui

271 444 346 473 tres
364 435 567 473 continent
578 433 720 472 Modos
732 433 869 471 cantici
890 433 1000 471 illius.
1032 432 1111 481 Qui
1131 431 1347 473 huiusmodi
1360 436 1498 474 modos
1518 433 1634 473 facie-

271 489 378 538 bant,
392 503 537 529 nomen
551 491 590 527 in
601 489 792 543 principio
803 487 966 526 Fabulae
978 499 1015 528 et
1025 489 1235 538 Scriptoris,
1249 500 1286 529 et
1294 491 1438 530 Auni-is
1451 489 1633 542 superpo·

271 545 430 586 nebant.
462 542 687 584 Huiusmodi
700 543 798 583 adeo
813 545 983 582 carmina
992 542 1039 582 ad
1058 544 1166 583 tibias
1182 543 1338 594 fiebant,
1357 545 1462 586 vthis
1475 546 1632 592 auditis,

268 602 378 641 multi
401 615 448 640 ex
467 600 613 652 populo
634 611 724 638 ante
744 596 943 648 discerent,
964 613 1079 650 quam
1091 599 1269 639 Fabulam
1286 601 1401 639 aeluri
1415 599 1554 642 scenici
1576 598 1630 642 es-

269 656 364 705 sent,
377 670 489 708 quam
500 657 661 693 omnino
674 653 947 707 spe&atoi·ibus
960 656 969 693 i
975 654 1045 707 pfis
1059 655 1296 695 antecedens
1313 657 1444 696 titulus
1456 671 1630 710 pronun-

265 715 437 753 ciaretur.
474 711 675 764 Agebatur
691 722 821 751 autem
831 710 941 750 Tibiis
962 711 1131 763 paribus,
1152 722 1216 750 aut
1233 713 1459 763 imparibus3
1479 724 1518 752 et
1537 713 1631 752 dex-

268 771 343 815 tris,
365 780 432 807 aut
451 767 614 807 finisti-is.
654 766 827 807 Dextrae
846 778 972 806 autem
995 766 1112 807 tibiae
1129 764 1192 807 sua
1204 768 1392 821 grauitate
1413 767 1544 809 seriam
1556 772 1631 811 Co-

265 825 446 864 moediae
463 823 676 863 diffionem
694 824 1012 875 pronunciabant.
1053 824 1227 875 Sinzstrae
1241 835 1278 864 et
1291 825 1470 865 Serranae
1483 825 1630 864 acumi-

263 882 323 920 nis
336 881 496 919 lenitate
513 881 641 919 iocum
652 881 692 919 in
704 879 922 921 Comoedia
933 879 1202 919 ostendebant.
1245 880 1321 920 Vbi
1338 892 1466 923 autem
1478 881 1628 932 dextra,

263 936 454 975 etfinistra
471 938 550 975 aeia
561 936 699 975 Fabula
716 933 1005 991 inscribebatur,
1029 936 1171 975 mistim
1190 937 1265 975 ioci
1285 948 1324 975 et
1344 938 1548 989 grauitates
1561 936 1628 975 de-

262 992 561 1031 nunciabantur.
617 993 808 1031 Mimiaut
819 991 942 1037 Ludii,
955 992 1046 1031 dum
1058 992 1237 1045 agebant,
1249 990 1492 1033 assumebant
1509 993 1628 1044 capiti

261 1047 454 1100 personas,
474 1048 547 1086 hoc
559 1048 621 1096 est,
638 1047 815 1088 conficias
827 1049 1014 1088 variarum
1027 1046 1276 1100 personarum
1297 1048 1436 1088 facies:
1457 1049 1518 1088 vel
1538 1048 1627 1088 reti-

262 1106 349 1144 culo
372 1102 491 1144 denso
503 1103 617 1144 facies
631 1103 879 1151 obuelabant,
902 1102 1278 1157 neagnoscerentur.
1319 1108 1375 1144 Ita
1387 1107 1499 1145 etiam
1521 1099 1626 1143 insti-

259 1172 330 1200 tuti
343 1172 453 1200 erant
470 1159 686 1199 huiusmodi
697 1160 923 1206 Histriones,
936 1171 1002 1198 aut
1011 1160 1134 1208 Mimi,
1148 1170 1188 1209 vt
1198 1171 1236 1199 et
1246 1163 1413 1212 corporis
1424 1171 1548 1200 motus
1559 1160 1625 1198 de-

259 1229 390 1257 centes
408 1216 599 1257 facerent:
621 1216 796 1267 denique
813 1217 928 1256 etiam
948 1227 1079 1255 cantus
1097 1228 1141 1254 ac
1160 1217 1395 1267 prolationes
1416 1214 1625 1255 secundum

258 1276 398 1314 modos
410 1274 456 1312 ed
464 1274 533 1311 ocii
549 1284 670 1321 erant,
690 1286 788 1323 quae
806 1273 943 1311 mirum
963 1272 1003 1311 in
1014 1272 1172 1311 modum
1185 1274 1373 1323 populum
1385 1272 1618 1311 afficiebant.

258 1332 310 1371 Hi
322 1331 428 1370 timul
441 1329 559 1367 coaffii
578 1329 620 1366 in
633 1341 790 1379 quoque
801 1341 963 1380 genere,
983 1338 1047 1366 aut
1058 1338 1268 1374 cantanteS,
1289 1338 1352 1366 aut
1368 1325 1545 1366 saltantes
1557 1340 1623 1377 ap-

258 1386 502 1438 pellabantur
513 1384 676 1424 Chorus.-
697 1383 804 1422 diuifi
817 1385 859 1421 in
871 1383 963 1422 duas
975 1392 1114 1434 partes,
1131 1382 1361 1429 Semichoria‚
1402 1385 1450 1421 In
1469 1383 1623 1421 afflone

258 1454 387 1481 autem
409 1440 661 1487 Comoediae,
684 1452 818 1478 eorum
838 1439 955 1490 aliqui
973 1439 1114 1489 primas
1128 1452 1267 1490 partes,
1288 1436 1549 1478 aliisecundas
1569 1449 1623 1477 te·

257 1511 355 1538 nere
375 1496 614 1544 dicebantur,
636 1508 707 1547 pro
727 1496 839 1533 variis
852 1495 1003 1535 acquum
1020 1495 1254 1535 rationibus:
1273 1508 1409 1534 eorum
1429 1495 1535 1533 enim
1555 1493 1621 1533 alii
1668 1514 1673 1518 s

256 1556 468 1607 Prologum
480 1551 674 1600 dicebant,
694 1551 759 1590 alii
778 1552 820 1590 in
841 1552 1021 1596 nuncios,
1042 1551 1317 1601 exploratores,
1339 1551 1527 1599 custodes,
1548 1547 1621 1590 ser-

256 1610 495 1657 uos,heroas,
506 1608 610 1655 deos,
631 1605 750 1653 senes,
770 1618 969 1655 amatores,
989 1609 1212 1647 meretrices
1222 1607 1509 1656 diuidebantur,
1535 1619 1620 1659 per-

255 1665 440 1718 sonasque
451 1666 492 1704 in
506 1662 697 1703 orchestra
708 1659 959 1713 affumebant‚
972 1675 1040 1714 pro
1054 1660 1116 1701 sua
1126 1663 1278 1702 afflone
1289 1677 1331 1703 ac
1344 1663 1449 1703 ludo.

531 1723 743 1772 Apparatus
762 1718 894 1757 Scenae
911 1720 950 1758 in
970 1719 1071 1758 Vicis
1091 1728 1127 1758 et
1153 1719 1339 1758 Theazris.

308 1777 576 1831 Apparabatur
588 1777 711 1814 Scena
722 1775 822 1824 apud
834 1776 1014 1826 antiquos
1026 1775 1191 1814 Graecos
1203 1777 1244 1814 in
1254 1776 1365 1828 agriS,
1385 1787 1505 1814 verno
1522 1784 1618 1814 tem·

256 1850 363 1889 pore,
386 1848 474 1873 cum
486 1830 668 1871 aedificiis
687 1842 726 1870 et
737 1831 1034 1871 habitationibus
1045 1831 1267 1882 triplicibus,
1285 1831 1473 1871 insti-ustis
1485 1831 1617 1869 culmi-

253 1893 384 1939 nibus,
409 1885 722 1941 peripetasmatis,
753 1886 958 1939 tapetibus,
981 1884 1184 1941 linteisque
1203 1887 1389 1926 candidis.
1447 1886 1617 1927 Additae

253 1948 382 2000 postea
392 1945 574 1985 sonantes
586 1944 732 1996 pelues,
745 1940 933 1996 ignesque
943 1943 1120 1982 manibus
1132 1945 1270 1983 excuffi
1284 1959 1293 1981 :
1320 1956 1510 1983 cauernae
1521 1957 1616 1994 quo-

251 2018 328 2057 que
342 2002 613 2043 subterraneae
632 2013 676 2038 ac
687 2001 807 2052 *putei
820 1998 1161 2053 contingebantur:
1187 1999 1316 2052 figuris
1332 2001 1455 2045 maris,
1475 1999 1614 2046 tartari,

247 2061 467 2103 fulminum,
487 2057 717 2105 tonitruum,
734 2056 868 2104 noffis,
882 2056 992 2105 coeli,
1007 2055 1095 2103 diei,
1107 2057 1309 2109 regiarum,
1321 2057 1612 2108 praetotiorum,

249 2121 436 2170 ingentes
447 2114 572 2163 aulae,
589 2111 759 2151 fornices
782 2112 830 2151 ad
848 2113 991 2151 viarum
1010 2111 1313 2155 similitudinem.¹
1346 2112 1464 2164 Apud
1476 2116 1613 2152 Roma-

247 2186 318 2213 nos
331 2172 464 2212 Aulaea
474 2170 515 2207 in
525 2171 649 2209 Scena
660 2169 827 2220 primum
836 2167 1105 2207 sternebantur
1114 2182 1233 2220 quum
1245 2169 1412 2220 primum
1433 2168 1550 2219 pictus
1570 2167 1614 2205 il-

247 2234 285 2270 le
307 2237 461 2268 ornatus
480 2239 530 2264 ex
545 2226 709 2265 Attalica
726 2225 836 2278 regia
856 2227 1016 2264 Romam
1035 2226 1203 2275 perlatus
1223 2224 1310 2273 fuit,
1330 2223 1609 2273 velabaturque

248 2283 326 2338 ipsa
336 2287 460 2324 Scena
472 2281 641 2332 Sipariis,
653 2294 754 2332 quae
766 2277 952 2331 posterior
961 2289 1064 2319 aetas
1075 2295 1144 2333 pro
1155 2281 1278 2320 auleis
1290 2278 1424 2328 sumsit,
1445 2291 1482 2317 vt
1492 2280 1609 2318 etiam

246 2343 376 2394 liparia
393 2338 500 2377 humi
518 2337 715 2377 sterneret.
757 2340 848 2377 Erat
863 2348 1062 2388 praeterea
1081 2338 1210 2377 velum
1222 2338 1414 2376 minutum
1426 2335 1529 2386 quod
1543 2348 1609 2385 po-

247 2398 338 2450 pulo
351 2393 550 2435 obsistebat
569 2394 609 2432 in
623 2395 757 2441 Scena,
777 2393 869 2431 dum
881 2394 984 2432 aetus
1000 2392 1363 2433 commutabantur,
1403 2391 1446 2430 In
1463 2392 1558 2430 Vicis
1579 2391 1606 2430 fi

243 2453 362 2495 fiebat
370 2454 503 2497 Scena,
515 2448 713 2488 arboribus
724 2450 765 2487 in
777 2446 815 2488 se
826 2448 1053 2488 cubantibus
1064 2460 1106 2488 ac
1117 2449 1272 2488 reflexis
1284 2447 1610 2500 componebatur:

244 2509 347 2563 quasi
361 2517 626 2546 concamerata
638 2504 828 2556 quaedam
841 2503 1023 2551 densatio,
1044 2516 1084 2545 vt
1101 2503 1369 2557 subterpositos
1380 2516 1515 2557 tegere
1527 2499 1609 2556 pos-

243 2566 307 2612 set,
321 2564 424 2603 vnde
434 2562 480 2601 ab
492 2561 778 2600 inumbratione
790 2560 900 2600 ὤθει.
935 2561 978 2600 In
988 2560 1145 2601 Theatro
1155 2572 1282 2600 autem
1296 2563 1357 2609 (vt
1371 2561 1446 2600 iam
1459 2560 1604 2599 dicium

244 2623 317 2672 est)
335 2620 452 2660 fiebat
462 2620 597 2666 Scena,
620 2627 808 2657 camerato
820 2627 1019 2664 contextu,
1029 2617 1132 2656 binis
1143 2615 1391 2668 pluribusque
1401 2618 1502 2655 conti
1508 2630 1606 2665 gna-

243 2677 412 2720 tionibus
424 2674 616 2716 exsti-ufta.
645 2674 745 2714 Picta
756 2683 837 2713 erat
847 2673 1029 2726 Vndique,
1047 2671 1126 2713 suas
1139 2673 1389 2713 domunculas
1403 2672 1543 2718 habuit,
1562 2674 1603 2710 in

1509 2742 1603 2782 quas
