1815 3168
293 76 391 136 630

686 79 726 126 A
739 79 774 124 c
785 81 844 127 T.
876 78 949 127 111.
987 82 1015 127 s
1031 82 1066 127 c
1077 80 1184 127 EN.
1214 66 1285 126 11'1.

431 204 643 251 Hominis
675 203 792 266 frugi
830 219 874 256 et
908 209 1191 275 temperantis
1223 200 1415 254 funEiu's
1449 200 1661 252 officiumss

531 275 578 324 C
592 292 635 326 Ι..
676 291 767 328 tace
788 283 924 330 sodes.

335 368 397 402 20
433 349 520 400 SY.
555 351 690 400 Reae
712 357 821 402 sane.
856 356 964 404 Cn.
1004 361 1126 420 Syre,
1158 356 1296 422 pudet
1319 373 1406 403 me.
1446 352 1536 403 SY.
1577 370 1665 402 crc-

533 429 615 483 do3
650 432 793 494 neque
815 431 858 478 id
881 434 1061 479 iniuria:

437 505 560 558 Quin
587 505 697 552 mihi
722 505 1015 554 molestunfst.
1054 502 1152 554 CL.
1186 509 1334 571 pergis
1355 501 1537 556 hercle?
1576 501 1669 551 ΞΥ.

533 595 701 632 verum,
727 581 824 628 dico
847 582 967 645 quod
987 584 1172 629 videtur.

435 649 535 702 CL.
573 660 741 702 Nonne
762 657 959 703 accedam
984 658 1034 704 ad
1057 657 1186 704 illos?
1221 653 1328 704 CH.
1369 656 1468 710 eho,
1500 653 1670 720 quaeso,

533 747 617 777 vna
639 731 876 779 accedundi
898 735 965 782 via
989 729 1080 784 est?

436 799 528 852 SY.
568 801 801 852 Afiium'st:
848 808 920 855 hic
950 811 1074 872 prius
1109 807 1148 854 se
1170 808 1395 861 indicarit,
1435 823 1566 870 quem
1588 821 1673 866 ego

535 891 766 940 argentum
790 880 992 930 effecero.

439 954 654 1008 Chreme,
705 950 793 1003 vin'
824 967 873 1002 tu
905 958 1077 1004 homini
1113 957 1241 1005 stulto
1276 958 1387 1006 mihi
1412 956 1675 1004 auscultare?

537 1025 647 1075 CH.
684 1030 791 1094 quid
812 1030 997 1080 faciam?
1033 1029 1126 1078 SY.
1167 1016 1270 1080 iubse
1299 1033 1418 1080 hunc
1620 1029 1622 1032 ’

340 1120 402 1169 25
437 1103 577 1152 Abire
599 1104 703 1151 hinc
727 1105 889 1172 aliquo.
924 1103 1013 1154 CL.
1051 1124 1142 1169 quo
1164 1124 1248 1169 ego
1269 1108 1376 1154 hinc·
1391 1107 1574 1155 abeam?
1597 1105 1676 1157 SY-

539 1195 630 1245 quo
655 1175 800 1228 lubet:
838 1182 891 1230 da
912 1182 996 1229 illis
1025 1182 1198 1231 locum:

368 1412 419 1454 19
451 1401 585 1457 Frugi]
625 1402 738 1442 Vtilis
769 1411 810 1443 et
840 1400 972 1444 neces-

307 1452 446 1498 sarius:
477 1473 500 1497 a
503 1459 691 1513 fi‘ugibus
701 1488 711 1507 ‚
744 1472 846 1512 quae
866 1458 971 1512 quod

308 1511 368 1551 his
384 1512 562 1553 fruantur
580 1514 704 1555 dietae
719 1512 816 1555 sunt.
873 1516 973 1556 Inde

296 1569 455 1620 fruitus
494 1581 533 1609 et
558 1572 811 1623 frumentum.
879 1571 973 1611 Frui

309 1636 440 1666 autem
478 1625 532 1665 est
564 1624 683 1667 vesci:
734 1642 755 1667 a
783 1628 972 1680 frumine,

311 1693 413 1732 quae
452 1681 506 1721 est
535 1680 682 1722 summa
724 1697 807 1735 pars
844 1685 970 1737 gulae.

311 1737 444 1785 sodes]
473 1737 535 1779 Est
563 1738 794 1779 aduerbium
825 1739 974 1779 blandi-

311 1794 425 1831 emis.
500 1795 594 1833 Tace
622 1794 754 1846 fides]
799 1794 863 1835 Ab
908 1796 974 1835 illo

314 1848 485 1903 confilio-
495 1850 619 1903 longe
638 1852 787 1889 alienus
799 1851 976 1903 Clitipho

311 1904 421 1943 illum
439 1903 656 1944 sermonem
668 1908 885 1959 interrupit,
899 1919 974 1947 nec

312 1960 452 2000 audire
470 1961 604 2002 voluit.
663 1963 710 2003 C.
955 1975 957 1977 ’

368 2028 419 2058 21
453 2015 558 2071 Qin
600 2017 708 2057 mihiv
729 2017 973 2072 wolestum'fl]

311 2073 422 2129 ,Quin
451 2087 522 2122 pro
541 2075 665 2113 etiam.
719 2072 828 2113 Mihi
859 2074 976 2114 habet

314 2127 528 2177 emphafin.
586 2130 701 2176 Mihi,
724 2130 788 2181 qui
802 2144 885 2169 non
895 2126 977 2169 sum

315 2195 437 2235 pater.
498 2184 664 2239 Pergin']
697 2183 868 2225 Irascitur
895 2186 978 2228 Cli-

316 2239 427 2290 tipho
458 2237 611 2280 seruum
646 2240 824 2282 aduersus
854 2239 893 2282 se
921 2242 978 2280 lo-

317 2297 397 2346 qui.
457 2296 502 2336 C.
599 2294 612 2310 '⁴

373 2352 499 2392 Nostri
530 2365 667 2392 omnes
697 2352 876 2408 Pergin’?
904 2357 980 2394 Re-

319 2407 404 2455 &e3
440 2407 558 2447 modo
581 2410 714 2448 Hercle
732 2412 829 2462 Syro
862 2410 979 2449 tribu-

1586 1257 1678 1304 Abi

1022 1403 1171 1460 Pergin’
1201 1402 1328 1444 hercle.
1367 1405 1481 1445 SYR.
1515 1397 1682 1443 Verum?

1023 1462 1105 1501 dico
1133 1462 1232 1514 quod
1258 1460 1418 1499 videtur.
1477 1457 1593 1509 Quali
1626 1457 1683 1495 di-

1024 1528 1103 1566 cat,
1135 1518 1269 1562 itane?
1303 1527 1341 1554 et
1373 1526 1413 1554 tu
1439 1528 1550 1568 rogas
1576 1509 1685 1555 hoc?

1022 1573 1249 1615 Particularn
1276 1573 1381 1610 enim
1414 1570 1572 1611 Verum?
1604 1570 1682 1608 ele-

1024 1628 1241 1683 gantiffime
1265 1629 1318 1667 ita
1341 1625 1488 1667 concise
1508 1625 1620 1665 initio
1644 1638 1683 1663 o·

1023 1686 1183 1725 rationis
1203 1685 1321 1735 poni,
1351 1696 1391 1723 et
1417 1684 1523 1722 idem
1542 1683 1681 1728 valere,

1024 1741 1132 1794 quod
1166 1741 1297 1791 itane?
1335 1750 1374 1779 vt
1397 1739 1504 1780 And.
1540 1751 1610 1786 IV,
1643 1750 1683 1790 4,

1025 1810 1091 1851 30.
1147 1800 1188 1838 Z.

1045 1851 1047 1853 ¹
1080 1866 1134 1895 22
1166 1852 1299 1906 Ehof]
1328 1854 1413 1892 Hoc
1439 1850 1524 1888 loco
1551 1849 1683 1889 admo-

1024 1909 1157 1948 nentis
1184 1907 1248 1946 est.
1309 1907 1390 1946 Vna
1420 1909 1499 1954 via]
1528 1907 1683 1945 Scilicet

1023 1963 1202 2003 honesta:
1224 1962 1506 2012 necimpudice
1516 1975 1616 2014 agas,
1635 1963 1681 2002 C.

1080 2031 1130 2072 23
1163 2012 1683 2072 Ac‘Jz'tm'stTSemperdefpe-

1025 2074 1196 2115 rantibus
1242 2074 1317 2112 hoc
1362 2073 1522 2112 verbum
1559 2073 1681 2113 datur.

1025 2133 1099 2171 Hic
1119 2133 1242 2185 prius]
1272 2132 1380 2169 Haec
1403 2128 1531 2169 secum
1560 2130 1683 2182 loqui·

1026 2198 1095 2226 tur.
1151 2188 1198 2228 C.

1080 2243 1212 2295 Vulg'o
1231 2240 1352 2293 Effiro
1362 2254 1379 2285 ;
1404 2239 1468 2280 sed
1479 2241 1609 2282 Bemb.
1624 2254 1683 2280 re-

1029 2300 1087 2338 &e
1113 2297 1299 2350 Εθέεενο,
1329 2297 1366 2336 h.
1400 2311 1432 2338 e.
1461 2296 1682 2338 confectum

1027 2353 1248 2394 reddidero.
1307 2356 1349 2393 B.

1079 2423 1134 2463 24
1164 2411 1250 2451 Vin’
1263 2410 1315 2448 ‘tu
1336 2409 1473 2449 homini
1484 2409 1599 2460 stulto
1620 2422 1684 2448 au-

317 2477 380 2509 as,
420 2475 460 2501 et
488 2465 599 2518 Qu‘n
624 2478 797 2517 apponas
825 2479 979 2516 praece·
1015 2466 1185 2518 stultare
1226 2465 1318 2506 mihi
1328 2466 1368 2520 2]
1417 2464 1685 2515 Quemadmo-

317 2519 429 2557 denti
448 2520 579 2559 versui.
634 2524 675 2560 Β.

371 2575 553 2626 Cuperus
598 2573 810 2616 Obseruatt.
840 2588 884 2626 1,
917 2590 975 2630 19.

317 2630 523 2672 contendit
553 2631 606 2671 ita
641 2632 858 2686 legendum
885 2632 977 2683 esse,

1028 2523 1120 2562 dum
1140 2523 1181 2561 in
1201 2522 1407 2573 prouerbio
1435 2522 1510 2560 est:
1538 2521 1636 2560 mihi
1656 2520 1684 2560 fi

1026 2579 1095 2625 viS‚
1118 2579 1229 2617 stulto
1249 2577 1401 2617 homiui
1419 2575 1625 2617 auscultare
1641 2577 1685 2615 li-

1027 2644 1098 2685 cet,
1122 2633 1199 2675 hoc
1216 2633 1280 2684 est,
1300 2633 1500 2675 obaudire.
1555 2636 1598 2675 E.
