1815 3168
748 167 1041 220 ANDRIA:

1476 186 1568 235 ¹35

325 297 459 357 Signa
479 292 562 343 esse
585 295 638 343 ad
664 296 854 352 salutem,
880 299 1028 346 omnia
1050 296 1153 343 huic
1176 293 1259 344 esse
1282 298 1425 346 video.

325 375 463 419 Nunc
483 373 681 437 primum
705 373 784 427 fac,
807 373 932 421 istaec
957 373 1150 421 vtlauet:
1189 369 1292 437 post
1312 373 1483 427 deinde,

245 644 384 692 Adhuc,
411 643 605 700 Archillis]
633 648 740 686 Haec
766 645 845 687 sce·

189 714 239 741 na
266 701 314 741 ad
343 701 544 741 horrorem
569 703 846 743 cumulandum

187 757 340 796 videtur
361 756 526 802 adiebh,
555 767 595 796 vt
612 756 757 798 Lesbia
778 757 843 797 ob-

186 811 316 852 stetrix
347 813 467 852 domo
492 813 763 866 egrederetur,
802 825 842 853 et

186 881 289 920 quae
324 866 448 908 effent
490 869 596 909 intus
643 867 842 919 facienda,

183 924 237 964 de
254 924 313 963 via
334 923 547 964 mandaret.
584 927 632 965 Et
650 925 840 976 quoniam

185 980 228 1018 in
255 980 379 1031 primo
399 991 506 1031 partu
527 982 655 1033 grauis
689 977 841 1033 semper

181 1035 293 1075 dolor
309 1034 373 1080 est,
392 1035 485 1075 dicit
492 1036 664 1088 puellam
680 1050 763 1076 non
775 1037 840 1075 de-

182 1090 280 1132 bere
314 1088 391 1131 effe
424 1089 646 1132 sollicitam:
689 1093 838 1145 quippe

183 1148 315 1187 omnia
330 1145 448 1199 figna,
478 1160 578 1200 quae
605 1148 654 1188 ad
678 1146 837 1188 salutem

182 1200 261 1242 esse
292 1200 467 1255 pofl‘unt,
505 1204 660 1257 integra
686 1217 837 1256 perma-

182 1271 290 1300 nere.
347 1261 389 1298 E.

234 1316 297 1354 De
317 1312 591 1367 orthographia
606 1313 781 1355 Archillis
797 1328 834 1356 ν.

181 1366 295 1422 supra
315 1381 340 1415 1,
361 1383 400 1423 4,
420 1382 454 1411 Ι.
512 1372 553 1409 Β.

235 1438 260 1468 2
287 1424 403 1479 Signa
422 1425 472 1464 ad
479 1424 640 1475 filantem
651 1424 728 1480 ff]
759 1428 837 1466 De-

181 1479 236 1521 est
260 1478 478 1529 haerentia,
507 1491 570 1519 aut
589 1481 833 1530 pertinentia.

179 1534 232 1576 iic
285 1537 327 1575 in
379 1536 832 1586 Heautontimorumeno,

177 1594 300 1645 Atque
327 1590 535 1642 haeclficnt
573 1591 624 1630 ad
651 1594 831 1632 virtutem

177 1649 313 1688 omnia.
368 1650 473 1701 Ergo
515 1644 686 1687 absolute
719 1647 829 1697 dixit,

175 1713 218 1743 vt
249 1702 342 1742 defit
368 1701 513 1755 aliquid
545 1702 631 1742 tale.
662 1702 768 1742 vnde
791 1712 832 1742 et

173 1771 247 1800 nos
267 1759 438 1808 dicimus,
458 1758 571 1815 Qid
578 1757 630 1797 ad
645 1759 749 1798 rem?
767 1758 830 1798 vel

171 1815 286 1869 Quid
303 1815 355 1854 ad
369 1815 450 1854 me?
506 1816 553 1855 D.

226 1869 341 1926 Signa
368 1868 430 1922 effi·
448 1867 679 1923 adfhlutem,
696 1872 826 1909 Dona·

170 1936 250 1975 ωε,
282 1937 321 1966 et
347 1938 486 1965 omnes
512 1926 651 1966 Faerni
679 1936 719 1965 et
743 1927 824 1966 mei

168 1979 315 2023 habent
333 1981 435 2021 libri.
493 1983 534 2021 Β.

223 2050 248 2091 3
279 2038 390 2078 Nunc
400 2039 565 2090 primum
573 2038 646 2091 fac
665 2035 769 2091 {staec
780 2050 822 2077 vt

168 2092 284 2139 lauet]
313 2094 528 2146 Imperitiae
545 2103 724 2133 notantes
735 2096 821 2135 Me·

168 2148 370 2195 nandium,
395 2160 458 2189 aut
475 2150 718 2198 Terentium,
750 2147 819 2199 ipsi

167 2205 263 2244 vltro
315 2205 486 2255 imperiti
543 2205 817 2245 inueniuntur:

164 2272 258 2300 nam
295 2271 335 2301 et
366 2261 434 2300 ille
459 2258 588 2300 λίσαι-ε
623 2261 732 2303 αὕτη»
761 2261 819 2300 di-

165 2329 278 2363 cens,
304 2331 325 2356 a
353 2313 635 2358 consuetudine
658 2329 739 2355 non
759 2329 816 2355 re-

164 2371 277 2411 ceffit.
335 2372 434 2413 Cum
462 2368 615 2422 lauisse,
645 2383 709 2411 aut
732 2385 815 2411 non

162 2423 290 2467 lauisse
309 2427 490 2479 dicimus,
525 2443 548 2467 a
565 2438 675 2481 parte
693 2438 816 2467 totum

161 2481 427 2535 significantes.
500 2487 552 2526 Et
607 2485 815 2525 Terentius

161 2538 319 2590 propius
345 2538 392 2579 ad
419 2538 739 2593 fignificationem
756 2552 817 2579 ac-

162 2594 295 2640 eessit„
321 2594 424 2646 {staec
450 2595 639 2645 dicendo,
670 2607 723 2635 ne
748 2608 817 2647 pu-

161 2647 291 2690 denda
339 2651 569 2693 nominaret.
639 2653 687 2692 Et
732 2648 818 2692 sunt

866 508 966 562 14

1422 504 1559 558 Quod

894 646 963 698 qui
991 645 1118 686 adhuc
1138 645 1316 688 Archillis
1346 646 1554 698 correptio-

892 714 988 741 nem
1010 700 1088 742 ess'e
1105 703 1269 743 nimium
1289 700 1468 742 sollicitae
1487 715 1554 742 nu·

891 758 994 796 tricis
1029 769 1188 808 putent:
1228 757 1334 810 quod
1363 771 1438 811 ego
1467 771 1551 798 non

890 812 1024 865 probO.
1080 815 1151 853 Fac
1193 814 1299 865 istaec
1337 826 1379 851 vt
1424 812 1547 868 lauet]

889 869 1003 920 Istaec
1031 882 1131 922 quae
1165 883 1213 910 ex
1238 869 1443 922 puerperio
1472 867 1550 908 sor-

890 925 1045 964 debant.
1102 925 1273 976 Quidam
1290 925 1405 977 zstaec,
1426 923 1547 976 ipsam

889 993 1121 1032 puerperam
1140 981 1285 1021 dicunt.
1314 980 1363 1020 fic
1382 982 1490 1019 enim
1505 991 1547 1020 et

886 1036 1109 1078 Menander
1150 1037 1280 1075 λέσατε
1315 1035 1423 1080 adm&
1457 1049 1546 1076 ττι-

887 1105 946 1133 SA
973 1090 1123 1145 (τᾶχιτκ
1152 1091 1310 1146 legebat
1336 1089 1380 1132 Is.
1409 1089 1544 1134 Casan.

886 1148 1022 1188 bonus.
1058 1149 1137 1190 Alii
1168 1148 1298 1202 ἤδιςκ).
1331 1146 1396 1187 sed
1423 1149 1545 1200 impe·

886 1205 997 1243 ritiae
1035 1202 1277 1253 accusantur,
1316 1203 1422 1255 quod
1461 1217 1543 1243 non

884 1261 1071 1300 continuo
1099 1258 1221 1300 solent
1244 1260 1327 1310 post
1345 1260 1543 1312 puerperi-

882 1330 950 1356 um
977 1316 1117 1365 lauare‚
1167 1314 1237 1356 sed
1263 1315 1398 1355 diebus
1430 1312 1542 1356 omis.

883 1372 940 1411 fis.
996 1374 1047 1413 D.

938 1428 1051 1467 Nunc
1066 1430 1229 1480 primum
1245 1428 1320 1480 fite
1337 1426 1403 1479 tsta
1421 1441 1464 1467 vt
1482 1427 1540 1468 la-

883 1481 963 1537 uet]
1011 1486 1067 1523 Ea
1096 1496 1193 1534 quae
1222 1485 1385 1535 peperit,
1414 1484 1540 1523 rnedi-

883 1540 993 1578 cinae
1009 1539 1157 1578 ratione
1176 1539 1225 1578 ad
1236 1540 1426 1579 lauacrum
1437 1552 1539 1579 com-

882 1595 1047 1643 pellitur,
1068 1605 1106 1633 vt
1127 1594 1238 1633 dolor
1255 1594 1410 1635 definat.
1457 1593 1536 1637 Sed

880 1650 1019 1689 melior
1044 1647 1169 1690 sensus
1198 1650 1271 1698 est,
1328 1651 1443 1690 Nunc
1456 1652 1536 1703 pri-

879 1717 978 1744 mum
990 1704 1064 1755 fite
1082 1704 1147 1756 {sta
1165 1718 1212 1745 vt
1228 1706 1346 1751 lauet]
1392 1709 1446 1746 Vt
1470 1706 1534 1745 illa

878 1758 1040 1808 scilieet,
1077 1773 1176 1812 quae
1207 1760 1410 1800 immunda
1447 1758 1535 1800 sunt

879 1814 1069 1869 sanguine
1099 1817 1365 1866 parturientis,
1400 1817 1533 1856 lauen-

874 1882 944 1911 tur.
1000 1874 1047 1911 Et
1072 1884 1236 1923 puerum
1259 1873 1368 1912 enim
1393 1883 1434 1911 et
1462 1886 1530 1924 pu·

874 1940 1068 1978 erpeium,
1110 1927 1194 1979 post
1220 1939 1373 1981 partum
1402 1927 1528 1968 statim

872 1997 971 2034 aqua
998 1985 1149 2033 tepenti
1168 1983 1369 2036 perfundi,
1401 1985 1528 2036 placet

871 2038 1056 2092 phylicis:
1092 2052 1334 2092 puerumque
1362 2040 1526 2092 genitali

870 2096 960 2134 aluo
988 2093 1204 2145 profusum,
1233 2095 1259 2135 fi
1280 2097 1444 2135 nimium
1463 2094 1526 2134 fri-

870 2164 941 2204 gus
963 2152 1167 2203 exceperit,
1196 2152 1260 2191 vix
1280 2152 1328 2191 ad
1350 2152 1464 2190 vitam
1486 2165 1526 2190 e-

868 2205 1023 2247 uadere.
1090 2207 1211 2248 Cuius
1249 2209 1305 2248 rei
1344 2207 1523 2259 exempla

864 2260 952 2303 sunt
980 2263 1099 2301 vitrea
1124 2260 1226 2310 vasa,
1254 2276 1355 2315 quae
1372 2274 1521 2315 tempe·

865 2330 943 2357 rata
961 2319 1177 2358 mutatione
1194 2317 1390 2358 fornacum
1400 2317 1520 2371 frigus

865 2371 1093 2413 assuescunt:
1138 2373 1165 2413 fi
1200 2373 1323 2414 statim
1359 2374 1521 2414 refrixe-

865 2432 952 2476 rint,
971 2428 1214 2483 sranguntur.
1271 2433 1312 2471 E.

917 2487 1046 2526 Deleo
1076 2499 1138 2535 vt,
1175 2497 1220 2525 vt
1245 2499 1315 2538 pes
1347 2486 1519 2526 Creticus

865 2537 1047 2590 seruetur,
1068 2553 1133 2580 aut
1148 2541 1174 2580 fi
1193 2544 1277 2594 quis
1296 2556 1338 2582 vt
1349 2543 1519 2582 retinere

864 2597 992 2643 malit3
1035 2597 1141 2650 legat
1189 2611 1276 2639 cum
1310 2599 1516 2639 veterrimo

867 2653 952 2694 cod.
962 2654 1037 2706 fac
1055 2653 1119 2705 ista
1140 2666 1194 2694 vt.
1250 2657 1291 2696 Β,
