1815 3168
1334 162 1431 212 525

227 305 372 360 σεε
665 281 820 341 Ξῖἷαέ

266 431 335 499 (ἶ,
381 423 772 485 SVLP1T11
817 417 1238 477 APOLLIN.

128 535 712 615 PERIOCHA
749 531 860 602 ΙΝ
895 523 1416 630 TERENTH

344 659 1057 713 HEAVTONTIMORVMEN
1063 657 1171 702 ΟΝ.

1113 291 1261 348 ἢ

257 898 490 942 Amantem
505 887 786 953 ⁴Antiphilam
809 883 1023 949 compulit
1045 882 1180 928 durus
1210 890 1333 945 pater
1347 881 1366 924 ε’

255 969 492 1029 Animique
512 965 593 1012 sese
616 961 814 1024 angebat,
834 957 935 1020 fasti
956 959 1205 1023 poenitens.

253 1047 363 1091 Mox
387 1055 432 1088 vt
455 1040 651 1088 reuersus
675 1037 757 1091 est,
792 1036 901 1083 clam
922 1045 1094 1099 patrem
1115 1031 1352 1078 diuortitur

251 1119 325 1167 Ad
350 1117 672 1182 Clitiphonem3
707 1115 743 1160 is
769 1110 936 1158 amabat
966 1108 1153 1156 scortum
1175 1105 1450 1152 Bacchidem.

259 1198 374 1242 Cum
397 1189 619 1238 arcesseret
644 1190 834 1253 cupitam
853 1184 1127 1249 Antiphilam
1150 1182 1303 1234 Clinia,

256 1275 319 1318 Vt
341 1271 431 1314 eius
451 1266 627 1313 Bacchis
652 1265 772 1312 venit
792 1263 939 1314 amica,
959 1277 1006 1307 ac
1028 1258 1219 1305 seruolae

259 1343 475 1391 Habitum
492 1358 648 1402 gerens
664 1337 904 1401 Antiphila,
925 1332 1088 1382 fafitum
1102 1333 1160 1385 id,
1182 1349 1271 1396 quo
1283 1341 1455 1396 patrem

257 1424 396 1466 Suum
418 1417 574 1463 celaret
593 1414 813 1478 Clitipho:
847 1412 917 1456 hic
939 1409 1108 1456 technis
1132 1409 1245 1470 Syri,

261 1498 429 1543 Decem
451 1494 588 1537 minas
616 1486 915 1535 meretriculae
938 1485 1078 1530 aufert
1098 1501 1121 1528 a
1148 1484 1261 1537 sene.

261 1568 490 1632 Antiphila
514 1565 777 1628 Clitiphonis
800 1562 1018 1625 reperitur
1039 1559 1174 1605 soror.

258 1648 388 1691 Hanc
416 1643 566 1694 Clinia,
591 1640 716 1685 aliam
737 1637 930 1702 Clitipho
954 1650 1133 1683 vxorem
1154 1633 1324 1697 accipit.

77 825 229 1065 IN
280 837 317 864 M
339 837 356 863 1
380 834 404 862 L
426 835 444 862 1
466 833 497 860 T
521 833 538 860 1
558 832 582 858 Λ
604 830 642 857 M
683 807 894 876 proficisci
917 817 1098 870 gnatum
1125 804 1311 852 Cliniam

88 1794 177 1845 10.
203 1788 557 1842 CALPVRNII
585 1783 927 1838 BRleENSlS
949 1779 1083 1832 VIRI
1103 1776 1462 1831 CLARISSIMI

141 1885 194 1923 ΙΝ
225 1885 264 1921 Ρ.
294 1879 444 1919 SEXT1
473 1878 714 1917 'IERENTII
746 1868 1405 1913 HEAVTONTIMORVMENON

572 1946 974 1989 PROLEGOMENA.
1012 1942 1015 1949 '

93 2070 263 2184 Haec
283 2088 426 2138 fabula,
460 2086 672 2128 Menandri
697 2087 866 2127 Graeca:
899 2096 1000 2135 quae
1026 2080 1121 2121 faeta
1147 2094 1167 2119 a
1183 2076 1376 2118 Terentio
1394 2077 1464 2116 La-

227 2148 316 2194 tina,
337 2157 487 2184 nomen
507 2144 614 2183 idem
634 2141 869 2186 obseruauit,
899 2154 950 2179 ne
970 2139 1108 2179 Graeci
1130 2134 1300 2175 nominis
1322 2131 1465 2183 euplio-

99 2206 204 2244 niam
237 2201 438 2254 perderet:
471 2200 577 2251 quod
597 2200 808 2247 Terentius
836 2197 965 2235 minus
986 2193 1109 2233 laudis
1128 2189 1357 2232 existimauit
1378 2199 1465 2239 pro-

102 2261 185 2313 pria
211 2257 386 2308 scribere,
408 2270 524 2308 quam
548 2259 695 2296 Graeca
716 2252 934 2293 transferre.
994 2253 1149 2290 Nomen
1180 2245 1299 2285 habet
1323 2259 1344 2284 :-
1374 2241 1467 2283 sene

103 2313 272 2365 seipsum
288 2314 534 2354 excruciante
555 2311 604 2350 ob
626 2311 692 2349 lilii
713 2307 944 2349 absentiam:
974 2318 1092 2358 quem
1121 2313 1338 2348 amantem,
1363 2298 1468 2338 duri-

103 2372 157 2411 tia
177 2369 297 2409 suain
314 2370 490 2408 militiam
511 2365 696 2420 proficisci
716 2365 970 2417 compulerat:
996 2359 1118 2401 ἑαυτδν
1139 2355 1366 2404 τιμωρέμενυς,
1399 2360 1467 2396 La-

105 2429 212 2472 tine,
239 2423 276 2464 se
290 2424 412 2478 ipsum
434 2425 656 2463 excrucians
686 2423 969 2473 interpretatur.
1026 2415 1126 2458 Illud
1158 2413 1470 2453 animaduerten-

105 2483 217 2527 dum,
251 2494 385 2520 omnes
415 2474 846 2521 Te1·enti:inas.fabulas
876 2488 924 2514 ex
953 2485 1114 2525 Vtroque
1141 2483 1291 2524 genere
1323 2467 1464 2515 mistas,

106 2548 257 2591 praeter
276 2535 384 2575 hanc.
439 2539 538 2576 Nam
556 2535 797 2578 Comoediae
815 2532 1069 2572 autmotoriae
1089 2526 1186 2575 sunt,
1204 2536 1266 2564 aut
1275 2524 1467 2576 statariae,

107 2604 170 2633 aut
189 2591 320 2643 mistae.
377 2593 576 2640 Motoriae‚
604 2591 872 2631 turbulentae:
902 2587 1096 2632 Statariae,
1127 2582 1355 2634 quietiores:
1393 2580 1469 2619 Mi-

107 2650 194 2699 stae,
218 2663 266 2688 ex
288 2661 448 2700 Vtroque
469 2649 551 2688 aestu
572 2647 830 2689 confistentes.
891 2648 934 2686 {n
959 2642 1042 2691 hac,
1057 2652 1158 2693 quae
1179 2638 1388 2691 plurimum
1404 2634 1470 2673 de-

512 2725 534 2731 2
1355 2692 1468 2735 leSlat
