1815 3168
481 152 1012 203 HEAVTONTIM.

1329 154 1421 212 569

200 289 303 333 Hoc
336 300 418 345 ego
449 281 551 329 mali
583 297 673 327 non
697 279 870 346 pridem
892 280 1066 327 inueni:
1107 296 1251 345 neque
1273 281 1425 328 etiam-

298 360 403 408 dum
425 357 497 406 scit
518 368 656 423 pater.

186 505 463 562 ACTVS
534 500 854 557 SECVNDI
910 499 1173 553 SCENA
1241 501 1313 553 11.

436 595 668 638 CL1N1A.
727 590 1043 632 CLITIPHO.

21 722 23 725 ’
68 731 132 846 S

71 1027 158 1070 suos
196 1025 338 1069 sumtus
354 1027 493 1069 saciat.
559 1026 725 1081 Nobilis]

73 1087 134 1128 Ab
154 1085 334 1124 omnibus
357 1096 458 1125 nota.
515 1087 561 1124 E.

128 1145 198 1181 Pro
229 1152 368 1194 ‘potens
414 1153 563 1193 repone
601 1151 729 1192 petax.

72 1200 171 1238 Nam
206 1199 375 1249 primum
408 1209 537 1249 potens
572 1196 675 1235 male
708 1209 730 1232 a

73 1254 267 1308 magnifica
287 1264 325 1291 et
335 1252 444 1292 nobzlz
464 1250 667 1304 separatur,
693 1260 731 1289 et

75 1322 216 1361 procax
255 1309 410 1349 alienae
444 1306 734 1361 significationis

76 1366 305 1405 interuenit.
363 1365 520 1412 Deinde
538 1363 642 1402 idem
654 1375 736 1401 ver-

78 1421 171 1460 bum
192 1422 232 1458 in
253 1420 421 1460 Atticam
441 1419 734 1464 meretriculam,

81 1489 180 1528 quae
207 1489 290 1515 non
316 1475 370 1514 est
395 1475 461 1514 ista
487 1475 572 1516 Lais
599 1473 738 1514 Corin-

80 1532 171 1579 thia,
197 1545 278 1571 non
300 1531 411 1570 cadit.
468 1530 740 1580 DeniqueDo-

82 1599 193 1628 natus
214 1588 261 1627 ad
281 1590 376 1627 Hec.
400 1600 431 1631 1,
453 1600 491 1633 2,
515 1593 579 1638 84.
603 1598 651 1623 ex
672 1598 739 1622 no-

82 1644 159 1683 stro
180 1645 266 1683 loco
280 1654 399 1695 petax
425 1639 559 1689 sumlit,
590 1641 656 1692 qui
675 1641 737 1688 ait,

84 1701 244 1748 Procax,
267 1698 519 1751 dffoliatrix,
551 1710 587 1736 et
610 1708 739 1748 petax.

84 1756 310 1808 Fulgentius
331 1754 498 1806 Mythol.
523 1766 579 1799 11,
614 1765 645 1794 Ι.
681 1753 741 1790 Vi·-

84 1823 124 1852 ta
148 1825 301 1851 ornatus
317 1823 444 1863 petax,
474 1809 630 1849 habendi
649 1807 744 1858 infil-

87 1873 192 1914 tiaza‚
215 1878 253 1907 et
273 1879 309 1919 3.
351 1867 480 1905 Omnis
507 1868 590 1906 vita
615 1876 746 1917 poten-

87 1927 161 1965 tiae
179 1934 305 1976 petax.
365 1925 407 1962 Β.

145 1983 195 2022 16
227 1978 391 2034 Religio]
427 1980 559 2019 Metus
591 1975 654 2015 vel
681 1971 748 2013 sol-

86 2034 261 2075 licitudo.
321 2038 485 2074 Terent„
517 2035 558 2072 in
587 2030 746 2077 Andria,

91 2091 245 2147 Dignus
274 2105 354 2132 cum
381 2104 447 2129 tua
469 2088 553 2139 cstac
569 2089 748 2142 religione

93 2162 129 2187 es
166 2150 262 2186 odio.
329 2146 427 2186 inde
465 2150 541 2186 dies
573 2144 743 2198 religiofi',

93 2203 256 2245 infames
277 2204 337 2243 vel
356 2201 507 2241 infausti
521 2201 630 2243 dieti:
652 2212 748 2251 quos

98 2273 147 2299 ex
172 2260 358 2297 contraria
379 2256 486 2297 causa
502 2266 658 2309 propter
684 2255 750 2294 lio-

98 2316 215 2355 minis
237 2314 427 2354 diritatem
440 2314 669 2363 relinquam.
703 2312 750 2351 C.

155 2371 255 2409 Nam
284 2370 380 2410 nihil
403 2369 464 2422 effe}
498 2369 591 2409 mihi
623 2366 754 2422 religio

98 2425 164 2480 est]
197 2428 345 2472 Dicere,
363 2439 428 2466 me
448 2425 520 2464 hoc
540 2438 621 2463 non
642 2423 755 2463 habe-

104 2495 166 2527 re,
206 2483 369 2521 maxima
400 2481 496 2521 mihi
523 2480 661 2533 religio
691 2478 757 2517 est.

102 2543 153 2578 Xst
169 2538 304 2590 Vir-gil.
326 2539 447 2588 (Aen.
462 2551 506 2582 n,
531 2537 644 2589 715.)
675 2535 756 2575 Rel-

103 2596 194 2649 ligio
223 2593 269 2644 est
287 2595 439 2643 patruni·
455 2592 587 2634 multos
602 2593 757 2643 seruata

104 2662 173 2706 per
191 2663 315 2692 armos.
372 2652 414 2690 E.

369 809 537 858 dudum
550 844 564 862 ,
598 808 697 860 scio,

152 755 170 784 1
223 755 260 783 M
281 755 298 782 1
318 753 347 782 H
366 753 384 780 1
433 732 641 781 secundae
671 746 739 778 res
762 728 815 777 de
849 744 997 776 amore
1018 745 1119 776 meo
1147 725 1305 782 effent,
1343 730 1432 775 iam

1283 879 1436 927 Venis-

831 1026 976 1080 Religz'o
1011 1024 1075 1080 est]
1114 1028 1162 1067 A,
1190 1023 1339 1065 Gellius
1367 1036 1436 1072 lv,

833 1137 996 1191 Rec‘te‘st]
1041 1139 1148 1176 Haec
1177 1134 1303 1174 forma
1330 1146 1441 1174 vtun-

779 1204 840 1233 tur
852 1193 1005 1233 studiofi
1020 1193 1251 1237 vrbanitatis,
1272 1190 1296 1230 fi
1309 1193 1438 1243 palam

781 1263 928 1303 negare
948 1262 1029 1288 non
1049 1249 1204 1287 audent.
1258 1251 1297 1288 Z.

842 1320 860 1348 1
896 1307 937 1345 Si
956 1305 1064 1352 mihi]
1097 1305 1172 1345 Hic
1197 1304 1294 1342 mira
1312 1317 1443 1341 aman·

784 1364 830 1402 tis
861 1359 1071 1399 sollicitudo
1104 1360 1350 1412 exprimitur,
1381 1359 1443 1397 cui

786 1415 1023 1468 exspeRanti
1048 1415 1158 1464 hora,
1191 1415 1285 1462 dies,
1318 1427 1443 1453 annus

787 1473 950 1513 videtur.
1013 1471 1055 1510 Si
1091 1471 1197 1513 mihi]
1239 1474 1361 1511 Amor
1384 1482 1445 1509 res

789 1526 1209 1579 estsuspicionisplena.
1269 1529 1447 1577 Torque-

788 1597 851 1624 tur
877 1585 995 1637 igitur
1016 1584 1146 1623 Clinia
1172 1596 1277 1621 mora
1297 1593 1333 1622 et
1353 1582 1446 1620 dila-

788 1642 899 1680 tione
918 1640 1062 1678 amicae
1085 1638 1322 1690 Antiphilae.
1352 1639 1397 1678 C.

844 1696 884 1736 Si
909 1695 1215 1745 mihisl’cundae]
1253 1695 1328 1734 Hic
1348 1692 1446 1732 illud

791 1751 855 1799 est,
880 1751 984 1804 quod
1008 1750 1116 1803 supra
1137 1750 1317 1798 diximus,
1343 1748 1449 1800 quod

794 1822 862 1861 per
890 1808 1146 1853 coniesshxram
1169 1806 1298 1847 Clinia
1317 1804 1448 1854 credit,

795 1866 956 1903 amicam
984 1862 1021 1902 se
1044 1860 1202 1902 absente
1219 1872 1450 1914 corruptam.

795 1926 855 1961 Ae
873 1921 1041 1971 primum
1067 1929 1339 1970 argumentum
1359 1916 1452 1956 feeit

797 1990 846 2016 ex
867 1990 928 2023 e0,
949 1974 1052 2026 quod
1069 1971 1200 2013 missus
1215 1971 1454 2013 seruusnon-

798 2033 888 2072 dum
914 2031 1021 2071 redit.
1074 2029 1234 2072 Deinde
1272 2029 1455 2083 proponit

797 2085 916 2141 ipsam
945 2084 1218 2137 suspicionem:
1258 2087 1332 2125 Sed
1356 2099 1456 2124 vere-

800 2159 844 2183 ον
874 2158 917 2183 ne
943 2158 998 2182 me
1029 2141 1173 2192 abstme
1200 2141 1259 2181 hic
1279 2154 1456 2192 corrupta

790 2200 854 2252 stt.
912 2199 1106 2251 Adiungit
1125 2208 1163 2236 et
1187 2199 1396 2250 opiniones
1419 2207 1457 2235 et

799 2266 1029 2308 argumenta
1046 2269 1065 2293 a
1087 2264 1272 2304 tempore,
1293 2253 1394 2306 quod
1406 2251 1460 2292 est

802 2310 935 2362 occafi'o
953 2325 960 2349 :
996 2310 1233 2350 occaiionem
1251 2321 1379 2351 autem
1396 2309 1460 2347 hic

803 2366 1069 2420 intelliginmS‚
1104 2366 1206 2417 quod
1229 2363 1363 2405 absens
1387 2365 1463 2405 fnit

804 2421 895 2473 ipse.
955 2422 1113 2462 Deinde
1144 2423 1255 2473 ponit
1274 2421 1391 2461 locum
1414 2426 1465 2462 A·

805 2479 963 2527 thenas,
995 2477 1059 2518 vbi
1085 2490 1225 2530 magna
1256 2477 1465 2517 hominum

806 2533 1011 2575 multitudo
1034 2533 1087 2572 est
1108 2545 1145 2572 et
1165 2533 1324 2584 ciuium,
1354 2533 1465 2573 variis

807 2589 977 2631 moribus
1023 2590 1252 2629 vicientium.
1318 2589 1467 2629 Adiun-

810 2648 912 2702 gitur
932 2659 1053 2692 aetas,
1084 2644 1160 2684 hoc>
1178 2645 1232 2685 est
1253 2660 1274 2685 a
1293 2643 1466 2697 persana,

920 2705 996 2743 Nn
1027 2706 1067 2755 ς’
1432 2713 1469 2741 et
