1815 3168
484 132 1032 181 HEAVTONTIM.

1353 132 1445 192 625

118 279 188 326 40
223 265 268 312 Si
290 262 395 328 quid
419 262 548 309 huius
569 259 704 306 simile
727 259 839 306 forte
863 254 1093 320 aliquando
1114 245 1322 311 euenerit,

218 345 279 386 Vt
302 341 397 386 sunt
417 338 620 388 humana,
642 347 742 382 tuus
763 345 809 380 vt
835 333 958 380 faciat
977 332 1106 378 filius.

219 411 323 463 CH.
360 417 468 460 Non
503 411 596 458 vsus
631 412 799 463 veniet,
839 409 978 473 spero.
1024 407 1105 454 ὃν.
1142 406 1267 471 spero
1299 408 1446 456 hercle

317 505 399 549 ego
422 503 620 549 qquuel

217 568 380 627 Neque
393 580 444 608 eo
459 578 576 607 nunc
590 561 699 613 dico,
711 559 828 623 quod
843 560 1074 622 quicquam
1089 556 1211 603 illum
1226 557 1446 606 senserim:

220 640 305 687 Sed
328 637 355 683 fi
379 638 499 702 quid,
519 646 575 683 ne
602 636 720 700 quid.
745 650 853 698 quae
876 632 924 679 sit
945 622 1036 678 eiu}
1060 645 1185 685 aetas,
1211 633 1344 680 vides.

118 729 185 778 45
224 719 280 763 Et
302 731 382 759 nae
412 730 496 772 ego
519 723 574 764 te,
595 710 624 757 fi
647 711 740 757 vsus
752 712 908 761 veniat,
922 707 1164 768 magnifice,
1191 708 1394 762 Chi-eme,

219 789 431 838 Traffiare
451 786 618 852 poffim.
652 782 746 832 CH.
777 785 828 830 de
849 783 966 836 istoc,
991 799 1128 846 quum
1153 783 1245 830 vsus
1259 787 1441 838 venerit,

219 865 476 913 Videbimus
497 861 602 924 quid
626 877 737 925 opus
760 858 830 906 fit:
871 876 988 905 nunc
1007 856 1111 904 istuc
1131 875 1224 918 age.

219 937 310 988 SY.
346 944 591 1000 Nunquam
611 936 884 984 commodius
909 950 1100 998 vnquam
1137 933 1296 981 herum
1327 934 1439 981 audi-

310 1016 358 1060 ui
379 1014 514 1076 ioqui,

215 1094 316 1138 Nec
344 1106 483 1153 quum
503 1086 814 1142 malefacerem‚
845 1083 1067 1132 crederem
1090 1083 1199 1131 mihi
1220 1086 1444 1149 impunius

1382 1176 1445 1224 50

140 1305 194 1345 42
232 1290 324 1330 Non
356 1287 440 1339 vfiaes
474 1286 613 1340 veniet]
650 1288 742 1326 Non
784 1283 871 1339 fiee]
903 1286 1013 1325 Bene
1034 1280 1222 1339 magnifice
1240 1282 1346 1333 dixit,
1370 1297 1447 1324 me-

89 1347 166 1389 hoc
186 1349 401 1400 continget,
417 1357 552 1396 neque
563 1343 647 1383 fieri
661 1353 745 1395 pot·

91 1405 158 1445 est.
217 1407 260 1444 E.

145 1471 196 1512 43
229 1460 358 1510 Neque
378 1470 417 1495 eo
429 1468 524 1494 nunc
545 1454 642 1503 dico]
671 1457 745 1493 Be-

89 1530 145 1555 ne
171 1524 308 1567 purgat
340 1512 379 1550 id
410 1513 624 1564 (purgauit)
654 1523 746 1561 quas

88 1568 295 1612 immiserat
314 1566 555 1619 suspiciones,
586 1579 636 1604 ne
658 1578 747 1604 vero

89 1630 167 1668 iam
189 1625 318 1666 credat
329 1620 614 1663 adolescentem
626 1620 748 1662 filium

92 1694 204 1736 pater
225 1682 314 1720 talia
334 1682 397 1719 vel
416 1678 542 1718 facere
563 1679 623 1717 vel.
645 1677 748 1730 cogi-

90 1752 185 1779 tare.
239 1737 426 1787 Dixitque
452 1733 490 1773 se
519 1732 669 1773 seruum
699 1746 748 1772 ex

91 1793 304 1846 suspicione
326 1792 392 1830 ista
416 1802 610 1838 metuere,
645 1788 748 1840 quod

90 1853 173 1892 eius
194 1860 295 1889 aetas
320 1849 396 1886 iam
415 1847 517 1893 talis,
550 1847 602 1884 vti
629 1845 654 1884 fi
682 1858 751 1883 ne-

91 1908 235 1947 ceffitas
263 1915 303 1942 vt
329 1902 579 1943 Chremetem
607 1901 659 1938 ita
685 1900 751 1938 du-

93 1974 153 2002 cat
181 1972 220 2001 et
239 1960 392 2006 traeiet,
422 1955 751 2008 quemadmodum

93 2031 199 2060 nunc
218 2015 335 2056 senex
355 2012 669 2053 videtui-hortari.
700 2015 745 2052 E.

147 2078 218 2114 Pro
241 2071 354 2128 ‚Quod
375 2070 543 2122 vulgari,
576 2069 679 2107 redte
710 2069 752 2107 li-

93 2130 165 2170 ber
183 2129 400 2171 Bembhms,
421 2129 523 2181 QO.
579 2127 620 2163 B.

151 2198 207 2238 44
234 2184 305 2224 Sed
315 2181 350 2231 [ι’
364 2184 464 2236 quid,
476 2196 518 2220 ne
531 2179 637 2232 quid]
668 2181 755 2219 Α’πο-

97 2239 265 2284 σιώπιςσις.
298 2238 400 2291 quafi
433 2237 553 2283 dicat,
592 2234 759 2288 Siquid

98 2298 269 2343 euenerit.
326 2294 431 2349 Quae
456 2293 510 2344 fit
537 2294 610 2330 eius
642 2305 756 2338 aetas,

99 2353 223 2406 vides]
262 2352 375 2401 Quae
400 2349 524 2389 amori
551 2348 603 2388 est
633 2347 756 2386 obno-

100 2423 211 2518 Χιές
235 2409 294 2503 (ἔτ
311 2461 397 2516 nae]
429 2458 625 2500 provalde.
686 2457 758 2509 Vfic

102 2519 248 2573 veniat]
298 2517 373 2567 Vsu
413 2519 542 2554 venire
577 2514 762 2568 fignificat

105 2579 259 2620 euenire,
279 2584 316 2613 vt
337 2569 450 2623 saepe
467 2572 557 2610 licet
576 2571 707 2610 videre
720 2572 762 2609 in

104 2632 285 2685 Epistolis
324 2628 537 2670 Ciceronis,
609 2627 761 2682 Magm'z

793 1355 881 1381 mor
899 1341 1102 1380 verborum
1122 1340 1354 1388 Chremetis,
1383 1341 1450 1392 qui

794 1395 904 1448 supra
923 1397 1026 1442 dixit,
1048 1397 1167 1434 Heras
1177 1396 1271 1448 falli
1291 1397 1448 1446 affin-uis

795 1453 995 1506 aliquando
1015 1451 1075 1502 effi
1096 1453 1290 1491 remedium
1300 1466 1452 1507 magno·

797 1524 878 1548 rum
902 1509 1187 1563 aegritudinum.
1246 1510 1290 1549 C.

851 1568 905 1617 46
943 1567 978 1603 T
977 1564 1134 1606 rac‘tare]
1164 1564 1355 1615 Superius,
1367 1561 1452 1618 Qco

792 1622 902 1675 ραέῖο
920 1621 959 1658 id
968 1609 1200 1670 fierifisl‘eat.
1220 1620 1340 1657 calleo.
1373 1623 1421 1660 C.

852 1677 913 1715 De
933 1677 1026 1727 istoc,
1054 1689 1134 1714 cum
1159 1674 1265 1728 vfus]
1297 1676 1336 1715 Si
1357 1674 1452 1725 quid

797 1734 872 1772 tale
885 1733 1104 1784 contigerit,
1121 1742 1212 1769 tuuc
1225 1730 1451 1778 videbimue,

798 1789 902 1840 quod
950 1787 1144 1827 neceffitas
1194 1798 1309 1839 coget
1355 1786 1455 1825 sace-

798 1858 851 1884 re.
910 1847 954 1884 E.

854 1912 908 1953 47
939 1902 1009 1938 Pro
1021 1897 1126 1951 Qid
1141 1898 1321 1938 meliores
1340 1897 1458 1937 nostri

801 1957 948 2002 melius,
967 1955 1092 2008 Qod.
1152 1957 1192 1993 Β.

858 2025 912 2065 49
953 2012 1014 2050 Ne
1044 2024 1152 2064 quum
1188 2006 1457 2061 malefacerem]

801 2067 880 2109 Nisi
918 2080 1005 2106 cum
1033 2079 1098 2106 me
1129 2063 1248 2105 senex
1282 2064 1461 2104 adhorta—

804 2135 876 2163 tur.
931 2127 972 2163 E.

859 2182 932 2219 Pro
952 2177 1232 2230 Malefbcerem,
1267 2176 1371 2227 quod
1403 2188 1461 2214 re-

807 2237 954 2288 peritur
974 2236 1013 2273 iu
1027 2234 1174 2280 nostris,
1201 2231 1398 2285 probanda
1410 2230 1462 2270 est

807 2293 947 2333 Mureti
975 2289 1201 2329 emendatio
1222 2288 1462 2340 Maleficcere,

808 2347 938 2386 deleto
981 2356 1183 2385 commate.
1257 2346 1465 2384 Caeterum

807 2403 891 2455 post
909 2401 1026 2441 verba
1045 2401 1131 2453 zstuc
1141 2414 1208 2456 age
1219 2400 1374 2439 domum
1388 2399 1467 2436 abit

809 2459 1019 2503 Chremes3
1065 2469 1103 2496 et
1146 2469 1221 2497 tres
1262 2456 1466 2507 sequentes

811 2513 938 2554 versus
960 2526 1031 2565 per
1051 2511 1087 2552 se
1106 2515 1270 2553 Scenam
1291 2511 1470 2550 constitu-

811 2582 893 2609 unt.
951 2573 1051 2609 Nam
1071 2569 1161 2608 dum
1170 2571 1285 2621 Syrus
1305 2565 1401 2606 solus
1421 2563 1471 2603 se-

814 2639 900 2665 cum
937 2637 1005 2663 eos
1044 2637 1307 2678 pronunciat,
1351 2622 1473 2662 Clu->e-

920 2683 950 2725 R
969 2694 985 2718 r
1391 2686 1475 2715 mes
