1815 3168
313 135 408 181 ¹¹4

699 120 852 166 ACT.
889 122 939 166 11.
984 121 1177 166 SCEN.
1210 122 1279 166 111.

445 248 542 295 Alia
565 247 724 295 otiosus
746 257 939 312 quaeret.
960 249 1125 293 interea
1147 247 1309 312 aliquid
1333 248 1535 296 acciderit
1552 249 1678 298 boni.

350 341 413 389 κς
449 321 530 372 ΡΑ
547 339 599 370 Μ.
644 319 753 371 ltan'
786 322 962 369 credis?
1021 319 1180 368 DAv.
1231 322 1338 370 haut
1366 323 1550 371 dubium
1585 329 1679 389 qui·

547 393 708 446 dem’st.
745 396 897 444 PAM.
934 395 1034 443 vide
1066 412 1156 459 quo
1187 413 1259 444 me
1289 399 1486 446 inducas.
1522 398 1680 448 DAV.

547 477 655 537 quin
688 472 831 520 taces?

448 549 485 599 P
499 565 531 596 A
548 563 602 596 M.
639 551 805 596 Dicam.
827 563 1018 612 puerum
1029 557 1175 594 autem
1186 562 1243 596 ne
1262 548 1450 598 resciscat
1468 547 1578 598 mihi
1599 548 1682 598 effe

550 641 601 671 ex
619 624 704 678 illa,
728 625 870 671 cautio
892 620 974 670 est:

375 881 430 936 24
456 881 580 921 Aliam
607 878 768 933 otiofias]
796 880 856 920 Ex
883 878 976 926 otio,

319 940 393 980 hoe
422 937 486 985 est,
518 934 681 976 securus.
737 936 887 974 Interea
913 935 980 975 ali·

321 996 415 1051 quid
442 991 734 1045 boniacciderit]
765 992 978 1032 Scilicetne

321 1049 547 1105 quaerendo
587 1048 774 1087 inueniat.
834 1046 979 1086 Interea

321 1106 494 1161 aliquid]
543 1108 711 1145 Mortem
748 1104 863 1154 patris
891 1103 980 1142 ado-

322 1163 482 1205 lest-enti
519 1162 561 1200 in
599 1160 740 1199 delidio
777 1173 846 1211 pro
873 1158 979 1198 bono

324 1220 454 1260 sex-uus
505 1216 679 1257 ostentat.
766 1216 977 1269 Acciderit]

323 1281 371 1317 Et
391 1275 439 1314 ad
465 1271 612 1312 causam
631 1270 816 1310 refertur:
849 1281 886 1309 et
902 1283 980 1309 cer-

324 1345 364 1372 te
396 1331 485 1382 quia
510 1339 676 1367 mortem
695 1327 809 1376 patris
831 1326 982 1364 bonum

324 1385 549 1428 denunciat⁴
612 1381 834 1435 Aeciderit]
884 1384 985 1421 Nota

324 1442 503 1484 acciderit
527 1440 645 1478 etiam
677 1451 747 1489 pro
775 1436 904 1485 bono,
944 1446 984 1476 et

323 1500 373 1541 vab
401 1498 496 1545 hoc,
525 1505 565 1535 et
593 1495 697 1547 apud
724 1504 873 1534 veteres
900 1490 983 1533 fre·

324 1564 563 1610 quentatum.
620 1554 671 1591 D.

381 1610 538 1663 Aliquid
555 1611 697 1648 interea
714 1605 894 1646 acciderit
922 1603 982 1643 ho-

322 1669 382 1723 ni]
409 1665 609 1718 Quoniam
627 1664 666 1702 in
687 1662 801 1702 rebus
820 1659 984 1714 asperio-

325 1726 444 1773 ribus,
465 1734 564 1773 quae
589 1719 699 1759 vitari
720 1732 802 1757 non
816 1715 983 1769 pofl'unt‚

323 1779 542 1822 remedium
576 1776 631 1819 est
667 1774 863 1814 dilationis
899 1786 983 1826 per-

322 1836 470 1878 suafio:
525 1830 666 1872 talibus
701 1839 916 1870 commotus
949 1844 983 1869 a·

323 1889 522 1933 dolescens
539 1902 655 1932 vnam
674 1885 982 1932 solljcitudinem‚

324 1963 406 1989 non
422 1948 498 1987 iam
517 1958 565 1985 ex
583 1956 723 1991 amore,
754 1940 818 1981 fed
835 1955 883 1981 ex
903 1943 983 1992 pie·

323 2017 401 2045 tate
421 2001 611 2054 supponit,
635 1998 740 2051 quod
750 2008 906 2043 metuat,
929 2010 984 2036 ne

283 2092 287 2098 .
324 2072 460 2101 natum
486 2057 555 2097 fibi
583 2054 706 2095 filium
733 2065 843 2108 pater
871 2053 983 2106 poffit

323 2114 548 2172 agnoscere.
603 2115 648 2152 E.

378 2172 453 2214 Etfi
479 2181 615 2209 omnes
645 2165 756 2206 codd.
788 2178 882 2218 quos
903 2177 980 2218 ego

326 2240 367 2271 et
382 2232 548 2269 Faernus
565 2222 816 2276 inspeximus,
836 2220 984 2261 habent

322 2286 409 2327 Alia
429 2300 444 2321 .·
491 2281 628 2322 melius
668 2289 799 2318 tamen
834 2277 984 2317 videtur

323 2344 457 2387 Aliam,
486 2337 531 2378 sc.
560 2350 646 2376 cum
673 2335 778 2382 dote,
798 2348 879 2374 non
896 2336 982 2373 ino-

321 2411 428 2456 pem.
486 2397 529 2436 Β.

378 2453 466 2492 Alia
477 2447 615 2499 otiosus
624 2446 699 2486 hab
705 2457 743 2485 et
752 2445 922 2499 Sandby.
939 2449 979 2487 Z.

379 2521 431 2562 25
461 2507 568 2547 Haut
585 2502 749 2556 dubium]
776 2503 861 2542 Plus
878 2504 981 2541 intu-

317 2568 372 2617 lit,
391 2577 506 2618 quam
523 2561 578 2603 est
594 2562 863 2613 interrogatus.
904 2559 973 2599 In·

1559 740 1684 785 Nam

1024 878 1151 934 ducas]
1195 880 1243 919 In
1268 878 1408 919 eadem
1434 880 1687 921 translatione

1026 935 1262 988 permansit,
1304 938 1393 988 quia
1425 933 1535 989 supra
1576 937 1685 987 dixit,

1026 991 1109 1031 Hac
1127 991 1330 1032 concludar.
1368 995 1478 1032 Bona
1507 995 1682 1043 ὁικονομία,

1028 1059 1067 1086 vt
1093 1061 1184 1087 mox
1212 1047 1308 1087 iuste
1328 1050 1441 1088 Dauo
1469 1046 1688 1089 succenseat

1027 1101 1264 1155 Pamphilus.
1319 1105 1425 1160 Qin
1461 1106 1584 1144 taces?
1630 1106 1686 1144 di·

1030 1159 1124 1213 cam]
1157 1162 1236 1202 Cur
1264 1172 1344 1199 non
1373 1157 1524 1199 securus
1552 1159 1618 1202 es?
1646 1160 1687 1200 {i-

1031 1214 1186 1268 gnificat
1203 1217 1278 1254 iam
1297 1229 1402 1253 nunc
1420 1229 1556 1265 tacere,
1584 1213 1687 1255 secu·

1030 1284 1116 1310 rum
1137 1268 1228 1321 effe,
1259 1280 1300 1310 vt
1318 1271 1359 1308 in
1381 1271 1552 1322 Adelph.
1581 1271 1687 1322 Tace,

1032 1339 1176 1380 egomet
1207 1327 1419 1364 conueniam
1442 1327 1685 1379 Pamphilum.

1029 1384 1079 1422 Et
1096 1379 1188 1420 ideo
1216 1381 1301 1430 ille,
1336 1392 1377 1420 vt
1398 1380 1617 1422 consentire
1635 1380 1693 1422 di'-

1033 1437 1137 1477 centi
1155 1441 1242 1490 quin
1255 1439 1380 1478 taces?
1400 1437 1601 1488 videretur,
1637 1440 1691 1479 ait

1031 1495 1163 1533 dicam.
1195 1505 1234 1533 vt
1260 1491 1351 1532 scias
1374 1494 1505 1545 illurn,
1535 1508 1617 1534 non
1642 1495 1692 1535 fi·

1029 1551 1222 1598 lentium,
1263 1547 1328 1589 sed
1355 1547 1594 1591 securitatem
1622 1552 1693 1592 im-

1034 1603 1189 1658 peraffe.
1210 1605 1317 1660 Qaein
1335 1614 1458 1648 taces?
1486 1608 1692 1660 Correptio

1033 1661 1087 1701 est
1104 1661 1296 1702 silentium
1316 1663 1610 1714 praecipientis,
1639 1663 1692 1703 de

1032 1730 1080 1757 eo
1101 1718 1296 1766 duntaxat,
1319 1733 1372 1759 ne
1387 1720 1521 1759 timeat
1546 1721 1596 1760 de
1620 1734 1693 1759 nu-

1032 1774 1135 1826 ptiis.
1162 1775 1203 1814 id
1218 1774 1281 1823 est,
1301 1774 1379 1813 esto
1397 1773 1561 1815 securus,
1590 1779 1692 1817 Nam

1032 1840 1173 1880 tacere,
1194 1828 1315 1870 securi
1335 1829 1402 1872 est.
1459 1834 1506 1872 D.

1092 1887 1180 1926 Vide
1198 1899 1271 1940 quo
1288 1900 1341 1926 me
1351 1887 1521 1940 inducas]
1550 1885 1613 1926 Est
1624 1900 1690 1926 au-

1031 1952 1112 1981 tem
1138 1943 1301 1982 irzdud‘t‘io
1329 1944 1470 1992 oratio,
1507 1956 1607 1994 quae
1633 1956 1692 1983 re-

1030 1998 1104 2037 bus
1124 2012 1207 2038 non
1229 1997 1355 2038 dubiis
1383 2009 1507 2051 captat
1518 1996 1692 2037 assenfio-

1031 2067 1125 2094 nem
1154 2055 1257 2105 eius,
1294 2067 1385 2094 cum
1412 2068 1488 2108 quo
1519 2053 1693 2093 instituta

1030 2109 1095 2151 est.
1149 2113 1193 2151 E.
1456 2124 1461 2129 ’

1034 2205 1036 2208 .
1084 2168 1209 2206 Bentl.
1221 2166 1430 2208 cumWest.
1441 2167 1555 2206 tacite
1569 2165 1692 2206 edidit

1030 2222 1123 2262 haut
1142 2222 1295 2263 dubium
1314 2224 1354 2263 id
1368 2222 1562 2277 quidemst.
1620 2224 1663 2262 Z.

1085 2282 1142 2323 26
1168 2279 1331 2319 Puerum
1348 2279 1489 2333 autem]
1527 2277 1693 2319 Videtur

1030 2333 1105 2374 hoc
1125 2336 1182 2374 illi
1202 2337 1435 2375 contrarium
1456 2332 1552 2382 effe,
1582 2334 1691 2386 quod

1031 2391 1138 2440 dixit,
1160 2390 1349 2448 Qicquid
1361 2391 1553 2445 peperisset
1573 2392 1693 2430 decre-

1028 2461 1161 2487 uerum
1188 2446 1326 2488 tollere.
1384 2450 1446 2488 Sic
1483 2460 1578 2499 ergo
1623 2443 1694 2484 sol-

1029 2504 1150 2543 uitur:
1177 2504 1296 2554 Quod
1315 2503 1369 2542 ibi
1387 2502 1613 2551 sei-nuscum
1625 2501 1692 2540 sto-

1023 2559 1162 2601 macho
1183 2560 1298 2610 dixit,
1328 2558 1391 2600 hic
1409 2570 1557 2601 tantum
1583 2561 1692 2652 Ρειῖη·

1608 2628 1632 2665 p
1648 2627 1692 2652 n-
