1815 3168
346 128 442 185 586

740 130 897 176 ACT.
930 131 984 174 11.
1023 109 1220 178 seim.
1255 122 1356 175 ms

476 249 663 302 CLIT.
701 257 804 302 Hoc
828 256 949 310 vide3
987 258 1033 302 in
1067 273 1162 302 mea
1199 258 1285 303 vita
1306 269 1352 303 tu
1377 256 1455 303 tibi
1486 256 1656 305 laudem
1677 259 1714 306 is

579 329 830 393 quaesitum,
858 331 988 377 scelus
1003 351 1012 377 ε

376 419 441 466 75
480 404 568 451 Vbi
590 404 620 452 fi
643 407 873 470 paululum
893 405 1027 453 modo
1052 405 1157 469 quid
1178 417 1264 454 tete
1290 408 1478 468 fugerit,
1518 424 1600 469 ego
1633 425 1711 472 pe-

572 482 738 527 rierim.

477 555 601 608 Quid
630 556 705 603 illo
737 558 895 604 facias?
935 554 1026 604 SY.
1064 567 1107 603 at
1137 559 1269 603 enim.
1305 555 1484 604 CLlT.
1522 558 1627 620 quid
1664 574 1707 605 e·

575 632 701 676 nim?
735 630 830 678 SY.
867 629 897 677 fi
921 630 1028 678 sinas
1053 632 1206 680 dicam.
1241 629 1425 680 CL1N.
1464 631 1568 679 fine.

471 701 657 752 CLIT.
693 709 815 754 Sino.
851 704 944 754 SY.
986 709 1044 754 ita
1075 724 1143 753 res
1176 706 1235 753 est
1271 708 1374 754 haec
1404 725 1545 761 nunc,
1587 707 1703 771 quast

569 797 686 829 cum.
731 779 849 829 CLI
865 796 917 830 T.
949 799 1068 846 quaS,
1092 783 1268 835 malum,
1294 783 1496 844 ambages
1517 786 1626 830 mihi

331 999 509 1040 bebatur.
566 1000 688 1052 Igitur
723 999 836 1040 facile
869 1003 994 1053 potuit

331 1056 527 1095 excidere.
591 1059 802 1097 Caeterum
814 1057 890 1096 huc
909 1071 995 1109 per-

328 1114 432 1150 tinet
452 1109 547 1149 illud
567 1112 780 1152 Menandri
793 1113 895 1164 apud
906 1115 993 1153 Gel-

327 1168 424 1205 lium
449 1180 500 1215 11,
534 1180 599 1221 23.
635 1175 734 1218 Μέγα
757 1177 811 1206 καὶ
836 1169 994 1217 περιβόη·

327 1239 385 1261 τεν
418 1219 526 1270 ἔργον.
583 1226 626 1262 Β.

382 1288 440 1331 74
466 1280 551 1317 Hoc
583 1279 719 1334 vide!]
758 1281 822 1321 Sic
859 1281 992 1321 dicere

325 1333 497 1375 solemus
523 1333 601 1384 his,
632 1337 698 1387 qui
728 1349 789 1376 res
805 1339 990 1377 maximas

326 1390 621 1445 aggrediuntur.
676 1394 722 1433 C.

383 1448 467 1485 Hoc
487 1447 595 1490 vide,·
624 1449 664 1486 in
682 1449 867 1503 meavita]
901 1452 990 1489 Sce-

324 1503 386 1541 lus
400 1532 410 1550 ‚
445 1515 561 1554 quam
581 1502 721 1542 astutus
747 1505 795 1543 ad
814 1506 988 1558 gloriam.

324 1558 529 1610 Siquidem
549 1571 641 1598 meo
660 1561 835 1612 periculo
855 1572 895 1600 tu
918 1561 987 1600 tibi

322 1627 548 1666 comparare
571 1615 626 1654 vis
650 1617 827 1656 laudem!
886 1621 928 1658 E.

377 1670 465 1709 Post
484 1669 607 1721 scelus
638 1671 793 1726 {ignum
820 1674 985 1714 interro·

322 1725 444 1778 gandi
463 1726 663 1778 figendum
683 1728 750 1768 est.
810 1732 850 1769 B.

375 1793 432 1834 75
466 1782 540 1821 Vbi
554 1782 600 1834 st
611 1784 820 1839 paululum]
851 1785 982 1826 Verba

318 1839 480 1889 proprie
513 1839 670 1878 alicuius
706 1842 982 1882 committentis

318 1894 431 1932 alteri
452 1906 536 1932 cum
559 1896 731 1944 periculo
752 1898 810 1935 vel
825 1911 885 1937 res
897 1897 978 1938 suas

318 1950 381 1988 vel
409 1945 582 1989 salutem.
644 1951 690 1991 C.

329 2058 332 2062 ⁴
372 2005 513 2044 Parum
533 2006 640 2045 modo
647 2001 817 2062 fhgerit]
843 2012 886 2048 In
901 2023 977 2061 quo

315 2062 483 2114 negotio
510 2061 537 2101 fi
570 2071 610 2101 te
642 2064 827 2103 fefellerit
852 2065 978 2117 aliqua

315 2117 465 2156 confilii
485 2130 581 2168 pam,
604 2131 679 2171 ego
701 2121 887 2159 continuo
909 2135 977 2173 pe-

312 2174 462 2213 rierim.
519 2176 563 2213 E.

371 2233 444 2269 Pro
489 2241 562 2268 tete
608 2230 808 2271 Bentleius
854 2232 976 2273 edidit

311 2296 361 2325 te.
417 2288 457 2326 Z.

367 2342 423 2393 76
451 2343 505 2381 At
543 2342 655 2396 enim]
699 2338 856 2396 Aliquid
888 2343 974 2398 sup-

309 2393 513 2446 plendum,
570 2399 688 2451 Syrus
712 2399 840 2439 dicere
868 2403 971 2441 vole-

309 2451 394 2500 bat,
423 2463 489 2491 aut
515 2453 557 2492 in
576 2468 620 2493 ea
639 2468 682 2494 re
700 2468 787 2494 non
809 2453 885 2497 effe
901 2471 968 2510 pe-

308 2507 505 2547 riculum:
561 2520 626 2549 aut
668 2507 707 2549 se
741 2511 967 2553 effen-”turum

307 2563 413 2613 quod
431 2564 613 2604 intendit.
672 2567 749 2607 Sed
773 2569 873 2607 illius
891 2568 966 2609 ser-

305 2629 465 2660 monem
476 2621 653 2674 Clitipho
671 2623 889 2678 interrupit.
916 2627 961 2668 C.

1587 864 1702 906 Nar-

1097 1003 1203 1057 ,Qid
1220 1005 1278 1043 illo
1295 1004 1474 1058 fiicia52]
1506 1003 1616 1054 Quid
1636 1004 1701 1043 de·

1042 1059 1136 1098 inde
1170 1059 1336 1098 faciurus
1374 1075 1413 1099 es
1429 1062 1447 1104 '3
1494 1063 1548 1099 At
1581 1060 1696 1113 enim]

1042 1115 1224 1154 Pendens
1245 1118 1364 1154 oratio
1386 1115 1697 1154 hacinterceffio-

1042 1184 1097 1210 ne
1127 1170 1294 1210 efficitur
1320 1169 1588 1211 adolescentis:
1629 1172 1706 1222 qui„

1042 1240 1125 1265 non
1165 1227 1304 1278 patitur
1344 1240 1434 1266 eum
1469 1227 1694 1280 ambagibus

1043 1284 1215 1322 circuire.
1288 1283 1382 1323 Ideo
1430 1282 1538 1322 enim
1589 1283 1692 1334 dicit,

1039 1338 1145 1395 Qid
1172 1339 1289 1383 enim?
1341 1342 1384 1379 E.
1601 1390 1603 1392 q

1095 1400 1202 1448 Lege
1219 1395 1327 1449 „Quid
1341 1394 1403 1433 illa
1411 1395 1564 1447 finias?
1592 1392 1630 1436 h.
1652 1408 1690 1437 e,

1038 1451 1241 1491 Bacchide.
1298 1451 1405 1502 Quid
1445 1465 1530 1490 cum
1569 1463 1692 1490 mere·

1038 1509 1136 1547 trice
1172 1521 1261 1561 agas
1300 1509 1342 1546 in
1387 1507 1504 1546 domo
1546 1507 1690 1559 patris?

1037 1566 1140 1603 Turn
1165 1564 1240 1616 leg.
1262 1563 1420 1615 fiſsilis,
1452 1565 1544 1602 dico.
1588 1566 1689 1609 fiDuo

1037 1619 1147 1661 codd.
1166 1621 1272 1659 enim
1294 1619 1561 1659 habentDico.
1589 1622 1630 1660 Β.

1088 1688 1142 1730 77
1172 1677 1234 1715 Ita
1252 1691 1307 1714 res
1327 1675 1371 1727 est
1390 1676 1473 1714 haec
1482 1688 1587 1723 nunc,
1599 1688 1688 1728 qua·

1024 1731 1069 1784 st
1079 1733 1175 1787 cum]
1205 1734 1311 1771 Haec
1329 1733 1449 1771 oratio
1465 1731 1687 1782 imperfeSia

1032 1789 1109 1827 est:
1140 1799 1271 1840 vtpote
1298 1803 1319 1827 a
1339 1788 1599 1840 Clitiphone,
1617 1788 1684 1839 qui

1031 1845 1240 1897 impatiens
1262 1844 1447 1884 audiendi
1472 1844 1536 1890 est,
1569 1844 1685 1883 inter-

1029 1911 1150 1952 rupta.
1207 1897 1364 1941 Recusat
1381 1901 1487 1938 enim
1507 1898 1682 1950 Clitipho

1029 1956 1222 2008 pericula:
1253 1966 1291 1994 et
1307 1956 1387 1993 vult
1404 1957 1521 1994 amica
1532 1954 1682 1993 smehis

1027 2013 1160 2064 potiri2
1191 2011 1293 2062 quod
1319 2012 1435 2063 Syrus
1464 2010 1546 2049 fieri
1574 2009 1682 2062 posse

1027 2078 1167 2121 negat:
1196 2068 1286 2117 quia
1312 2063 1467 2105 necess'e
1496 2067 1568 2115 est,
1597 2066 1622 2106 si
1644 2082 1677 2106 a·

1024 2136 1131 2164 mare
1155 2124 1251 2170 vult,
1279 2133 1316 2162 vt
1342 2123 1513 2161 admittat
1533 2124 1680 2174 pericu-

1023 2180 1071 2219 la.
1100 2183 1204 2232 Ergo
1223 2177 1595 2231 subintelligendum
1606 2179 1672 2228 est,

1022 2235 1126 2287 quod
1148 2235 1210 2274 hic
1229 2236 1321 2273 velit
1341 2247 1498 2286 compos
1518 2232 1593 2274 ess'e
1614 2248 1678 2273 vo-

1019 2293 1048 2330 ti
1077 2289 1132 2330 sui
1160 2290 1242 2330 fine
1273 2291 1463 2342 periculo:
1494 2290 1677 2341 quemad·

1016 2347 1174 2386 modum
1202 2347 1226 2385 fi
1245 2347 1380 2398 aliquis
1398 2346 1478 2385 fine
1497 2346 1590 2385 belli
1609 2345 1676 2399 Pe*

1017 2404 1139 2442 riculo
1159 2403 1251 2443 velit
1269 2400 1449 2454 consequi
1461 2403 1669 2452 vium-iarn,

1015 2471 1079 2498 aut
1098 2458 1241 2510 aliquid
1264 2459 1360 2498 tale:
1391 2469 1431 2496 vt
1456 2458 1500 2497 fit
1518 2471 1673 2510 prouer-

1016 2515 1123 2554 bium
1142 2514 1311 2553 vfitatum
1332 2515 1372 2552 in
1398 2516 1575 2566 ignauos,
1603 2515 1672 2565 qui

1014 2570 1095 2611 fine
1133 2570 1264 2610 labore
1309 2567 1492 2621 consequi
1533 2571 1671 2610 volunt

1014 2626 1119 2681 quod
1164 2637 1310 2680 optant.
1368 2626 1427 2666 Ita
1469 2641 1528 2666 res
1562 2627 1668 2680 haec]

1589 2687 1670 2723 Aut
