1815 3168
551 155 962 205 EVNVCHV&

1332 167 1427 216 509

202 287 418 337 Obsecro,
454 284 652 338 Gnatho,
683 285 729 331 in
749 293 793 330 te
817 282 910 347 spes
933 277 1012 328 est·
1052 276 1173 329 GN.
1217 283 1326 348 quid
1362 284 1428 333 vis

299 362 486 410 faciam?
520 358 615 405 ΤΗ
630 373 674 405 R.
714 355 875 425 perfice
894 358 980 404 hoc

110 457 168 503 25
202 437 431 488 Precibus,
471 437 641 500 pretio,
680 446 726 482 vt
744 434 945 481 haeream
967 433 1013 479 in
1036 441 1159 497 parte
1178 431 1317 495 aliqua
1338 444 1429 480 tan·

301 512 400 558 dem
422 511 540 574 apud
554 510 788 556 Thaidem,

203 584 318 636 GN.
356 583 544 633 Difficile
565 583 637 631 est.
677 582 831 631 THR.
869 579 899 630 fi
929 582 1037 646 quid
1063 581 1284 635 collibuit,
1320 586 1430 632 noui

299 673 358 709 te.
394 662 480 710 hoc
499 659 530 708 fi
551 657 760 713 effeceris,

70 877 164 911 rem,
196 861 482 915 quodammodo
501 859 727 913 superuacu-

71 935 135 959 um
156 919 221 965 est,
240 919 450 958 mihiillam
462 916 565 969 quod
578 916 723 958 laudas.

73 978 203 1016 Perii!
232 988 368 1028 quanto
398 976 514 1013 minus
535 973 637 1026 spei]
675 975 727 1012 A·

71 1044 220 1070 morem
234 1032 348 1070 etiam
369 1032 426 1082 (et
442 1032 562 1068 minus
571 1031 627 1079 Z.)
639 1042 728 1067 con-

70 1088 178 1127 citari
198 1085 443 1126 manifestum
464 1085 527 1133 est,
548 1097 587 1124 et
596 1082 727 1133 rursus,

73 1156 111 1183 vt
130 1142 192 1182 hic
212 1144 421 1183 Terentius
448 1142 564 1191 dixit,
596 1139 730 1192 despe-

70 1201 220 1240 ratione
239 1197 408 1238 incendi.
432 1211 564 1237 verum
583 1198 647 1236 illa
664 1197 730 1235 de-

70 1255 297 1308 sperationis
328 1254 494 1307 quadam
528 1252 596 1305 spe
618 1253 729 1292 duca-

72 1323 134 1351 tur
161 1314 180 1332 '⁵
210 1311 314 1363 quod
335 1311 545 1361 peruenire
564 1309 674 1360 poffit
693 1323 729 1347 a·

73 1381 178 1416 mor,
207 1368 334 1405 minus
362 1366 594 1405 incenditur.
648 1368 728 1405 De-

74 1425 196 1474 nique
226 1422 300 1460 hoc
329 1423 516 1473 (Primum
546 1424 637 1460 enim
666 1420 729 1459 illa

76 1479 338 1531 desperatione,
350 1491 422 1531 qua
440 1476 535 1516 nulla
548 1477 655 1529 plane
660 1476 730 1529 spe

76 1535 231 1574 ducatur
250 1536 338 1582 eius,
358 1535 407 1573 ad
417 1534 518 1586 quod
537 1536 730 1585 peruenire

70 1589 198 1643 poffit‚
237 1603 341 1629 amor
365 1592 482 1629 minus
508 1590 729 1629 incenditur.

76 1647 246 1699 Denique
270 1646 326 1684 hic
351 1649 395 1692 Z)
426 1645 537 1683 miles
554 1675 563 1692 ,
597 1646 734 1695 quoni·

78 1717 138 1741 am
160 1703 279 1754 recipi
299 1700 336 1740 se
366 1703 408 1741 in
428 1711 574 1753 partem
599 1698 731 1753 sperat,

78 1759 220 1797 idcirco
247 1771 382 1811 quanto
411 1761 526 1796 minus
551 1757 635 1810 spei
668 1757 726 1809 est,

77 1815 213 1865 inquit,
231 1827 341 1852 tanto
361 1816 474 1867 magis
495 1827 590 1856 amo,
632 1816 674 1852 E.

136 1882 187 1921 24
218 1869 392 1918 Obsecro,
422 1869 586 1917 Gnatho,
626 1872 665 1907 in
696 1881 732 1907 te

68 1925 152 1979 spes
173 1925 237 1979 est]
267 1926 378 1971 Mire,
405 1923 508 1976 quafi
527 1923 732 1976 desperatis

79 1982 257 2020 omnibus
278 1981 437 2029 auxiliis,
459 1979 604 2020 abiefia
616 1980 733 2019 nimis

79 2036 302 2089 supplicatio
322 2036 528 2076 inducitur.
572 2039 671 2076 Nam
684 2049 732 2084 et,

78 2093 223 2144 obsecro
238 2122 247 2139 ‚
275 2103 323 2139 et,
354 2092 516 2140 Gnatho,
538 2092 576 2131 id
596 2091 735 2145 fignifi-

83 2160 189 2196 cant‚
223 2160 278 2197 et,
307 2150 346 2188 in
365 2163 400 2189 te
419 2148 502 2201 spes
519 2147 576 2200 est.
631 2148 736 2199 Quid

81 2209 142 2244 vi5
159 2205 355 2259 Ῑὶιεὶᾳηιῖ]
384 2208 473 2246 Non
501 2204 554 2243 est
581 2203 656 2242 hoc
677 2205 735 2242 in-

84 2263 332 2313 terrogantis,
376 2259 441 2300 sed
478 2259 729 2309 ostendentis,

84 2330 164 2356 non
184 2315 259 2356 ess'e
277 2316 368 2367 quid
385 2316 508 2356 faciat.
565 2317 617 2355 D.

140 2370 270 2422 Perfice
280 2373 538 2426 hocprecibus]
569 2373 642 2411 Hic
654 2385 736 2422 per-

85 2425 216 2467 suadet
227 2431 454 2468 Parmenoni
468 2426 655 2482 (quafi'to
666 2430 735 2478 Z),

85 2496 132 2529 vt,
159 2496 391 2536 quocunque
408 2488 517 2536 patio
539 2484 614 2523 hoc
636 2497 737 2522 com-

86 2542 255 2594 pleatur,
283 2539 332 2578 ad
357 2542 602 2580 meretricem
626 2540 737 2592 possit

86 2596 247 2636 admitti.
301 2597 343 2635 E.

141 2665 192 2706 25
225 2650 418 2702 Precibus,
445 2655 589 2707 pretio]
627 2651 735 2695 Nihil

1276 732 1433 788 Quod-

772 857 886 898 militi
903 854 1071 910 superest
1091 868 1242 910 praeter
1264 868 1435 907 precem,

775 925 814 954 vt
831 915 950 954 viclo:
983 926 1022 953 et
1039 915 1217 966 pretium,
1251 923 1289 952 vt
1310 912 1432 951 diuiti.

776 971 886 1011 Nihil
897 971 999 1010 aliud
1010 981 1123 1021 optat,
1138 982 1252 1021 quam
1263 968 1310 1008 fic
1320 981 1379 1009 res
1392 981 1434 1006 e-

777 1038 855 1076 ant,
866 1037 905 1065 vt
915 1024 1237 1077 personaThaidis
1248 1025 1437 1063 conueni-

774 1084 807 1123 ri
820 1083 941 1135 poffit.
971 1081 1164 1133 Precibus,
1170 1084 1292 1134 pretio
1334 1079 1436 1123 Ᾰσύν..

775 1145 868 1187 asra,
891 1139 996 1178 velut
1013 1138 1150 1178 affiifflt
1168 1148 1209 1176 et
1229 1137 1264 1176 la
1296 1138 1436 1189 a(For-

777 1206 825 1243 te,
854 1193 899 1234 ab
916 1194 1051 1245 afflieio
1076 1207 1112 1233 et
1132 1192 1237 1246 lasfiv)
1264 1205 1438 1245 pronun·

777 1250 914 1291 cianda
946 1249 1042 1290 sunt.
1107 1249 1252 1297 Pretio]
1293 1249 1437 1289 Varie:

777 1308 867 1360 quia
886 1306 978 1346 alibi
1004 1306 1120 1354 dixit,
1146 1306 1329 1358 precario.
1385 1304 1438 1344 Vt

777 1363 961 1416 haeream]
990 1362 1036 1401 To*
1064 1361 1229 1400 haeream
1258 1361 1437 1399 vltimum

779 1431 904 1473 genus
929 1415 1110 1457 beneficii
1131 1415 1198 1455 est.
1257 1416 1305 1455 In
1327 1428 1438 1468 parte

778 1476 920 1527 aliqua]
949 1477 1037 1514 Non
1069 1474 1173 1512 enim
1191 1472 1306 1511 Parte
1328 1471 1438 1519 dixit,

780 1541 819 1570 vt
836 1544 958 1582 aequa
979 1529 1083 1581 (fi’d,
1112 1530 1261 1579 aliqua,
1294 1542 1335 1567 vt
1366 1540 1441 1566 non

781 1600 895 1639 aequa
932 1589 991 1637 Z.)
1029 1585 1280 1636 intelligatur.
1344 1584 1440 1622 Tan-

781 1644 876 1686 dem]
908 1645 957 1682 Et
973 1638 1207 1692 desperantis
1228 1638 1293 1682 est,
1316 1650 1355 1677 et
1367 1638 1442 1677 dif-

780 1698 930 1737 ficulter
974 1697 1178 1735 credentis.
1259 1695 1437 1742 Tandem,

781 1768 864 1794 non
895 1753 949 1793 est
976 1750 1203 1792 aduerbium
1230 1753 1438 1801 temporis:

780 1809 846 1850 sed
865 1822 970 1848 nunc
990 1810 1124 1849 Saltem
1139 1805 1338 1859 fignificat.
1362 1809 1410 1846 D.

835 1869 888 1907 26
917 1864 1080 1918 Diffi'cile
1088 1862 1151 1916 est]
1175 1863 1294 1902 Vultu
1307 1871 1344 1901 et
1354 1874 1442 1912 pro·

782 1923 1038 1961 nunciatione
1056 1918 1218 1972 (excidit
1242 1917 1442 1969 fot-testim

782 1982 844 2031 Z.)
884 1974 1164 2017 affeueratione
1207 1972 1442 2013 firmandum

785 2035 851 2075 est.
910 2033 1051 2086 Siquid
1061 2030 1238 2076 collibuit]
1263 2024 1418 2073 ἔλλειψις
1431 2045 1443 2068 :

783 2105 865 2144 pre,
886 2090 926 2131 Si
944 2088 1036 2140 quid
1058 2086 1269 2126 collibitum
1294 2086 1358 2133 est,
1389 2083 1443 2124 ef-

782 2147 875 2187 ficis.
931 2145 1037 2185 Noui
1056 2149 1107 2196 te]
1140 2141 1258 2182 Deest
1278 2139 1440 2192 Perfici5.

783 2204 860 2245 Sed
889 2201 1032 2251 vbique
1056 2200 1166 2251 plura
1195 2195 1302 2250 gestu
1325 2197 1445 2250 figni-

783 2258 870 2298 ficat
904 2257 1034 2302 miles,
1075 2264 1207 2306 vtpote
1241 2251 1443 2295 infantiffi·

783 2328 878 2354 mus,
933 2315 982 2356 D.

841 2369 882 2410 Si
902 2368 995 2422 quid
1025 2364 1227 2412 conlibuit,
1259 2366 1352 2404 noui
1385 2364 1442 2420 te]

786 2433 940 2474 Εῖςωνεία
966 2423 1040 2463 est:
1072 2420 1253 2475 quicquid
1282 2421 1442 2462 conlibi-

786 2495 866 2524 tum
893 2481 955 2522 est.
1009 2484 1053 2521 E.

842 2542 1007 2590 Repone
1024 2532 1304 2585 conlibitumst.
1342 2537 1445 2578 Nam

785 2596 825 2634 in
845 2593 980 2635 Bemb.
1005 2590 1195 2632 etDonati
1206 2589 1292 2629 cod.
1305 2600 1344 2631 et
1353 2589 1443 2630 edd,

784 2662 871 2692 vett.
894 2649 947 2693 est
963 2646 1174 2690 collibitum
1230 2647 1274 2690 B.
