1815 3168
688 163 983 210 ANDRIA.

1423 180 1514 234 ¹45

191 308 256 356 45
285 294 431 354 Atque
452 289 558 337 haut
579 288 677 338 scio,
700 307 769 344 an,
797 306 910 354 quae
932 289 1049 342 dixit,
1080 287 1164 337 fint
1181 307 1280 339 vera
1304 298 1477 342 omnia:

286 366 371 413 Sed
398 368 525 430 parui
557 365 729 429 pendo:
771 365 882 412 illud
916 366 1027 420 mihi
1045 366 1186 412 multo
1208 368 1509 426 maximum'st,

286 441 422 497 Quod
447 441 556 486 mihi
579 435 847 506 pollicitus’st
878 440 994 505 ipsus
1018 452 1190 502 gnatus.
1227 460 1346 491 nunc
1370 447 1509 494 Chre-

381 533 499 563 mem

283 594 582 643 Conueniam:
618 590 754 640 orabo
783 601 916 655 gnato
937 605 1141 660 onrem:
1175 590 1435 658 stimpetro,

286 667 407 722 Quid
429 667 526 713 alias
549 667 711 720 malim,
742 683 875 730 quam
895 667 1027 713 hodie
1049 667 1125 714 has
1148 665 1243 715 fieri
1266 673 1476 734 nuptias?

188 758 253 805 50
284 748 404 791 Nam
439 752 594 803 gnatus
631 741 754 805 quod
782 737 1082 807 pollicitus’st‚
1135 743 1243 790 haut
1275 745 1514 798 dubium’st

379 818 505 872 mihi,

283 895 329 941 Si
353 893 486 946 nolit,
521 895 628 956 quin
651 908 756 939 eum
776 894 934 940 merito
956 890 1111 957 possim
1131 910 1303 955 cogere.
1516 952 1520 958 ι

281 973 429 1033 Atque
448 967 558 1016 adeo
576 969 625 1015 in
645 967 737 1035 ipso
759 978 961 1035 tempore
981 966 1133 1016 eccum
1152 970 1293 1036 ipsum
1317 970 1511 1022 obuiam.

146 1218 243 1250 tum.
298 1206 405 1247 Mire
428 1217 556 1247 autem
575 1214 726 1246 cautum
743 1216 804 1245 ca-

148 1266 191 1317 pi
208 1261 359 1302 inducit
377 1260 523 1313 senem,
553 1273 594 1301 vt
615 1262 801 1307 crederet,

148 1319 254 1371 quod
282 1319 505 1372 Glycerium
529 1331 614 1361 non
637 1314 803 1370 peperis-

150 1374 216 1416 set.
271 1376 321 1414 D.

203 1443 256 1484 45
284 1429 390 1484 Qae
414 1430 536 1476 dixit,
556 1427 637 1481 fi'nt
662 1443 750 1468 vera
770 1442 804 1467 o·

149 1486 269 1541 mnia]
310 1488 425 1536 Quae
452 1485 582 1538 postea
609 1484 702 1524 dixit
729 1487 805 1525 Da-

150 1556 233 1583 uus,
289 1545 337 1582 Et
362 1541 468 1581 bene
497 1542 645 1580 omnia.-
670 1552 714 1580 vt
737 1555 803 1593 ap-

148 1608 280 1651 pareat
300 1595 434 1637 senem
443 1599 561 1636 multa
571 1596 731 1645 credere
742 1611 804 1637 ve-

149 1669 191 1695 ra
211 1650 302 1705 effe,
320 1667 421 1704 quae
431 1655 561 1693 Dauus
571 1651 721 1691 dixerit.
750 1654 802 1695 D.

203 1712 260 1763 46
288 1710 421 1749 Multo
439 1707 660 1761 maximum]
680 1708 806 1748 Multo

147 1767 265 1806 etiam
299 1765 566 1817 comparatiuis
584 1761 806 1816 (Super-lati-

142 1826 201 1863 nis
212 1823 274 1872 Z.)
295 1821 444 1872 antiqui
454 1820 724 1859 adiunxerunt.
749 1822 800 1861 D.

198 1889 253 1929 47
283 1877 401 1934 Qod
426 1877 516 1916 milai
529 1874 718 1929 pollicitus
737 1875 803 1930 est]

144 1933 400 1979 Pollicitatio,
443 1933 648 1971 muitarum
672 1944 802 1971 rerum

144 1988 351 2043 promiffi0.
406 1991 457 2029 D.

199 2048 271 2086 Pro
282 2043 521 2097 ipsus‚edidit
529 2044 656 2084 Bentl.
667 2042 751 2096 ipfi.
760 2046 801 2084 Z.

199 2109 250 2156 48
288 2099 414 2141 Gnato
444 2100 618 2154 vxorem]
658 2099 802 2140 Subau-

145 2157 259 2204 ditur,
277 2171 319 2197 vt
339 2159 411 2197 det.
468 2159 517 2196 D.

199 2215 286 2254 Alia
304 2212 493 2252 distinffio
509 2211 566 2252 est
584 2213 627 2250 in
647 2211 729 2251 cod.
742 2225 804 2251 ve-

144 2269 262 2310 tusto:
291 2271 535 2310 Conueniamz
555 2268 693 2308 orabo:
709 2282 802 2324 gna·

144 2340 185 2365 to
202 2339 358 2366 vxorem
406 2340 419 2364 ι
449 2327 618 2378 impetro.
676 2326 805 2365 Placet

144 2392 276 2421 tamen
304 2380 481 2422 Prisciani
504 2381 640 2430 leffio,
681 2396 697 2421 1
713 2395 741 2421 n
767 2380 809 2435 Ji

144 2440 317 2490 impetra
373 2438 417 2478 131

201 2505 255 2545 49
280 2495 422 2551 (Qid)
449 2492 569 2546 alias]
600 2491 708 2549 Qid
732 2505 804 2543 pro

147 2560 238 2588 cur:
262 2549 360 2598 alios,
380 2550 454 2589 alio
467 2559 658 2600 ternpore.
701 2550 738 2588 D

203 2603 309 2657 Qid
335 2605 425 2645 alias
457 2604 637 2659 maltm?]
672 2604 803 2647 Chari-

150 2658 220 2702 {ius
240 2660 305 2709 lib.
329 2673 364 2701 2.
419 2663 461 2715 J..

1271 1067 1513 1127 Achs

905 1204 1012 1260 Qid
1026 1207 1128 1255 alias,
1147 1206 1185 1247 h.
1204 1220 1317 1249 e.cur
1326 1209 1402 1248 alio
1411 1220 1513 1250 tem-

851 1275 970 1315 pore,
1014 1274 1209 1316 repugnat
1231 1262 1367 1304 sensui.
1423 1267 1512 1311 Hoc

851 1320 961 1358 enim
997 1333 1083 1359 non
1114 1319 1412 1362 deliberandum
1444 1323 1510 1372 est,

851 1372 918 1413 sed
937 1375 1162 1426 optandum.
1221 1377 1436 1417 Refflffime
1453 1379 1510 1418 le-

853 1432 909 1483 git
939 1432 1088 1470 Horatii
1130 1429 1259 1471 Schol.
1287 1435 1421 1474 Acron
1460 1434 1509 1474 ad

851 1489 975 1584 {5an
1000 1502 1028 1534 x,
1058 1499 1097 1540 4,
1126 1489 1201 1539 63,
1229 1487 1394 1544 Qando
1418 1492 1511 1531 alias

897 1554 929 1582 c.
980 1545 1024 1582 Β.

907 1665 958 1705 52
986 1653 1031 1693 In
1050 1653 1127 1705 ipsb
1148 1656 1327 1710 tempore]
1358 1659 1404 1696 In
1429 1655 1510 1710 ipsa

856 1710 1138 1760 oportunitate,
1173 1711 1215 1749 in
1235 1709 1316 1763 ipso
1336 1714 1509 1754 articulo.

854 1764 988 1804 Eccum
1023 1765 1140 1817 ipfiim
1165 1767 1312 1806 obuiam
1344 1768 1511 1809 Chreme-

854 1821 948 1875 tem]
968 1821 1105 1873 (Rette
1122 1823 1301 1871 Faernus,
1312 1825 1373 1876 cui
1389 1823 1511 1865 affen-

853 1879 944 1916 titur
963 1878 1173 1928 Bentleius‚
1205 1880 1368 1928 coniicit,
1396 1895 1419 1919 a
1435 1894 1515 1920 ma·

851 1947 906 1973 nu
918 1934 1068 1975 Donati
1090 1931 1167 1975 effe
1179 1935 1375 1979 Chremem.
1408 1941 1509 1978 Nam

850 1990 999 2041 alioqui
1019 1987 1217 2041 sequentia
1246 1989 1393 2032 sensum
1412 2006 1510 2041 comff

850 2045 1012 2085 modum
1023 2059 1104 2084 non
1116 2045 1270 2099 habqnt.
1299 2049 1375 2100 Z.)3
1404 2050 1510 2089 Con-

849 2102 963 2141 tinuo
998 2103 1159 2141 mutauit
1180 2096 1510 2149 declinationem:—

850 2169 903 2210 vt‚
924 2156 1033 2196 Iubeo
1048 2157 1279 2198 Chremetem.
1336 2162 1386 2200 D.
1431 2161 1437 2166 ’

906 2218 979 2255 Pro
1007 2212 1168 2264 obuiam,
1196 2214 1308 2266 quod'
1324 2229 1408 2254 non
1430 2229 1513 2255 mo-

852 2270 904 2309 do
929 2269 1157 2323 ambiguum
1184 2270 1260 2319 est,
1291 2272 1378 2321 quia
1396 2272 1514 2324 ipfiam

853 2326 904 2366 de
920 2326 1123 2377 Pamphilo
1144 2328 1265 2378 accipi
1285 2326 1416 2376 potest,
1445 2325 1514 2380 sed,

853 2393 893 2422 et
912 2396 933 2420 a
954 2379 1062 2420 sensu
1083 2382 1279 2428 alienum„
1296 2384 1386 2434 quia
1403 2384 1509 2424 Simo

852 2437 976 2477 adhuc
997 2439 1038 2476 in
1059 2435 1167 2477 scena
1185 2437 1315 2487 stabat,
1338 2437 1511 2483 necdum

852 2493 1062 2535 Chremem
1073 2505 1310 2534 conuentum
1327 2495 1435 2541 ierat,
1456 2496 1510 2540 le?

853 2563 905 2604 ge
937 2550 1144 2596 Chremem,
1186 2550 1292 2602 quod
1327 2551 1520 2596 nonnulli

853 2605 953 2645 codd
986 2606 1181 2661 adiiciunt.
1236 2607 1278 2651 Β.
