1815 3168
245 70 349 132 706

649 65 806 112 ACT.
840 66 896 111 V.
933 64 1131 115 SCEN.
1164 67 1219 113 V.

389 196 549 243 Diceie
568 194 649 239 hac
669 192 890 258 praesente
911 191 1097 240 verbum
1120 202 1273 260 turpe:
1311 204 1356 241 at
1379 204 1423 242 te
1453 192 1500 244 id
1520 197 1618 245 nu}-

486 270 530 317 lo
558 268 693 316 modo

290 366 353 399 20
389 346 537 408 Piguit
567 345 722 392 facere.
763 339 867 393 CL.
905 344 1045 398 eheu,
1078 360 1211 408 quam
1244 361 1329 407 ego
1348 363 1468 395 nuuc
1500 357 1620 397 totus

490 420 692 486 displiceo
716 420 824 468 mihi
843 439 853 465 ε

391 501 539 554 Quam
561 495 720 561 pudet!
760 511 905 559 neque
937 494 1057 559 quod
1091 498 1364 565 principium
1395 500 1621 549 inueniam

487 572 542 619 ad
562 570 838 640 placandum,
862 572 963 625 scio.

327 720 641 773 ACTVS
703 718 1067 780 QVINTI
1121 720 1422 774 SCENA
1479 716 1560 774 V(

251 811 593 856 MENEDEMVS.
662 808 918 850 CHREMES.

995 808 1257 850 CLITIPHO.
1335 810 1622 854 SOSTRATAx

253 945 375 1058 EN
396 968 415 995 1
436 967 474 995 M
495 968 523 996 v
544 967 567 994 ε
587 965 613 993 xz
637 964 665 993 o
709 947 921 1005 Chremes
951 948 1082 993 nimis
1108 950 1299 1008 grauiter
1313 947 1320 952 ’
1336 951 1498 997 cruciat
1521 950 1625 1000 ado-

489 1022 786 1076 lescentulum,

389 1100 624 1163 Nimisque
646 1099 903 1145 inhumane.
947 1113 1053 1145 exeo
1078 1112 1202 1159 ergo,
1227 1107 1276 1148 vt
1299 1115 1454 1165 pacem
1475 1104 1625 1150 conci-

490 1177 607 1223 liem.
645 1185 829 1240 optume

392 1251 513 1321 Ipsos
535 1250 680 1299 video.
723 1245 830 1297 CH
868 1249 1011 1304 ehem,
1032 1249 1313 1305 Menedeme,
1344 1268 1422 1299 cur
1442 1267 1536 1300 non
1559 1254 1627 1300 ar·'

492 1324 588 1376 ceffi
608 1325 733 1374 iubes

257 1553 433 1595 honesta.
492 1550 628 1594 Noluit
645 1549 777 1592 dicere
793 1560 916 1591 mere-

260 1613 407 1660 tricem,
425 1608 630 1662 praesente
647 1619 782 1648 matre.
813 1610 859 1650 C.

312 1672 386 1708 Pro
408 1667 501 1706 Non
521 1666 640 1718 mihi,v
662 1664 769 1717 quod
789 1663 917 1703 turbat

260 1719 420 1773 sensum,
439 1735 590 1775 repone
608 1722 681 1761 Ten
699 1723 762 1761 mi.
819 1723 859 1760 B.

314 1794 369 1822 20
402 1780 534 1834 Piguit
545 1778 693 1833 fucere]
721 1778 827 1819 V.C.
843 1776 918 1817 Pu-

255 1836 337 1878 duic
346 1835 488 1888 fizcere.
547 1838 588 1874 L.

244 1932 247 1937 ,
309 1891 444 1933 Bemb.
466 1901 507 1931 et
525 1890 756 1942 aliialiquot‚
777 1888 915 1929 Facere

250 1951 417 2004 puduit:
444 1958 521 1987 ties
549 1960 598 1986 ex
622 1946 756 1985 nostris
775 1944 916 1984 Puduit

248 2006 396 2057 finem
417 2003 842 2058 caeteriPiguitfacere.
872 2003 914 2041 B

310 2074 337 2103 2
352 2073 368 2103 1
426 2061 658 2125 Principium?
703 2057 915 2111 inueniam]

257 2115 330 2161 Ms.
340 2121 382 2158 R.
386 2119 615 2170 principium
631 2117 816 2168 incipiam.
846 2116 887 2154 L

314 2173 666 2225 Bemb.vincipiam.
697 2182 735 2210 at
764 2171 807 2210 in
825 2173 915 2210 Vat

258 2241 298 2270 et
314 2228 458 2271 Bafilic.
477 2232 671 2282 incapiam.
709 2226 926 2278 Forteieg..

257 2299 419 2339 captem:
438 2294 478 2324 vt
498 2296 649 2337 captare
665 2282 916 2331 occafionem‚

256 2353 423 2394 tempus,
445 2351 484 2380 et
504 2343 590 2381 alia.
646 2343 688 2381 Β.

318 2412 335 2441 1
366 2398 563 2437 Enimuero
585 2396 771 2447 Chremes]
793 2397 917 2435 Inter-

256 2455 367 2495 uenit
389 2451 565 2506 persona.
584 2455 690 2493 cuius
702 2453 822 2506 gratia
841 2465 915 2504 pax

256 2511 512 2551 concilietur:
543 2511 595 2549 ita
612 2522 653 2549 vt
670 2510 800 2548 omnia
815 2519 915 2546 tran-

255 2568 374 2620 quilla
393 2565 467 2605 fint
486 2576 526 2605 et
547 2565 771 2617 composita,
802 2570 915 2616 prout

254 2623 501 2667 Gomoediae
525 2621 612 2664 finis
637 2621 811 2677 postulat„
836 2656 838 2660 ,
867 2622 915 2661 L·

1517 1405 1628 1467 Fan-‚-
1678 1401 1682 1403 ·

965 1550 1152 1605 nimum-0]
1185 1551 1272 1590 Hoc
1293 1548 1460 1602 loquitur
1482 1552 1627 1592 Mene·

967 1608 1102 1648 demus
1128 1606 1226 1646 solus
1255 1607 1359 1659 apud
1384 1603 1434 1646 se.
1500 1606 1630 1645 Enim

966 1664 1075 1718 uero]
1115 1666 1413 1714 Nonnunquam
1442 1662 1629 1725 ΡιίῃείΡί.)

967 1734 1034 1760 um
1072 1718 1124 1761 est
1155 1719 1304 1771 aliquid
1335 1731 1407 1771 per
1441 1720 1538 1757 iram
1569 1717 1628 1758 di.

969 1777 1076 1816 euni.
1105 1815 1107 1818 ,
1133 1777 1180 1817 C.

1020 1834 1216 1872 Enimuero
1255 1829 1442 1884 Chremes]
1488 1833 1626 1870 Proce-

965 1888 1021 1927 dit
1042 1888 1318 1935 Menedemus,
1343 1898 1380 1926 vt
1395 1887 1522 1926 omnis
1538 1899 1625 1938 pers

963 1944 1055 1984 sona
1081 1946 1124 1983 iu
1151 1942 1342 1996 postrema
1378 1952 1489 1994 parte
1517 1954 1626 1993 prae

964 1998 1049 2040 sens
1069 2000 1124 2040 fit.
1183 2000 1310 2042 Venia
1327 1997 1437 2037 datur
1455 1997 1556 2047 filio,
1583 2007 1624 2038 vt

965 2057 1125 2096 cuneus
1167 2068 1272 2095 error
1311 2055 1422 2107 poffit
1460 2029 1622 2094 absofflui

962 2112 1104 2156 Adhuc
1168 2122 1300 2152 tamen
1365 2106 1622 2164 per-seuemnz

963 2168 1155 2211 Chremes
1199 2168 1385 2207 conuenit
1426 2161 1626 2207 Menede

964 2237 1084 2275 mum,
1108 2237 1146 2264 vt
1166 2223 1282 2263 filiam
1303 2223 1418 2262 ducat
1437 2222 1560 2274 (adde
1571 2220 1626 2278 fif

965 2281 1046 2331 Iius,
1072 2292 1149 2331 aut,
1172 2282 1305 2321 Clinia.
1334 2280 1403 2334 Z).
1460 2282 1506 2320 E.

1021 2408 1044 2448 3
1085 2392 1198 2448 Hem]
1226 2384 1460 2432 Interieffio
1497 2391 1625 2444 perei-

964 2452 1106 2503 pieutis
1151 2464 1260 2499 eum,
1303 2460 1421 2499 quem
1452 2448 1619 2489 volebat.
1638 2476 1643 2483 ,

963 2506 1116 2561 Arceff]
1145 2510 1257 2547 Beue
1269 2502 1410 2556 arceffi:
1424 2506 1622 2569 quiapro-

963 2565 1048 2616 prie
1065 2562 1254 2617 arc'effitur
1272 2575 1378 2614 vxor,
1397 2559 1490 2604 dum
1508 2561 1556 2604 ad
1566 2561 1620 2604 vi·
1631 2586 1634 2588 v

963 2634 1048 2661 ium
1067 2619 1230 2661 ducum.
1287 2617 1334 2659 C.
