1815 3168
295 163 385 218 268

794 160 1168 208 PROLOGVS

424 286 551 344 Quae
570 287 851 353 proferentur
871 287 980 353 post,
1000 286 1029 334 fi
1051 299 1208 353 perget
1227 288 1396 336 laedere

423 369 504 419 Ita,
525 374 572 413 vt
590 363 729 411 facere
748 361 944 411 instituit.
983 367 1131 420 Quam
1148 382 1268 412 nunc
1291 362 1429 412 asturi
1453 363 1598 411 sumus

348 596 398 639 19
424 583 539 624 Nunc
556 596 663 637 quam
673 583 952 638 aaut-ifitmus]

288 639 460 692 Obliqua
488 642 651 679 narratio
680 639 767 680 ἴῃς-Ἦ
793 640 868 689 est,
900 639 952 679 se-

289 699 461 738 cundum
475 695 599 736 casum
612 693 872 736 accusatiuum.
903 699 951 737 D.

342 755 425 800 Ita,
455 766 500 792 vt
525 753 657 804 facere
683 752 859 807 instituit]
898 754 950 792 O-

286 813 370 850 mni
393 810 502 850 enim
520 821 670 861 genere
690 809 866 848 laborare
886 808 952 848 de-

285 866 433 915 bemus,
455 877 494 904 vt
512 862 746 904 aduersarios
766 876 831 904 aut
849 866 890 904 in
913 878 950 903 o-

286 923 405 969 dium,
419 923 535 960 autin
550 921 869 973 contemtionem,
882 932 948 960 aut

287 979 327 1018 in
362 977 552 1018 inuidiam
582 975 775 1014 ducamus.
832 979 890 1016 Ita
911 990 951 1015 e-

286 1036 366 1074 nim
394 1035 434 1072 in
463 1032 597 1071 odium
623 1030 801 1078 adduxit,
842 1031 947 1082 quod

286 1090 400 1137 dixit,
428 1088 468 1142 fi
486 1100 614 1142 perget
639 1085 801 1133 laedere,
832 1088 887 1126 ita
907 1099 950 1125 vt

273 1147 406 1197 fhcere
433 1144 623 1196 instituit3
651 1144 691 1181 in
722 1143 948 1182 contemtio·

285 1216 390 1247 nem,
416 1200 521 1252 quod
543 1200 649 1246 dixit,
683 1198 744 1249 else
764 1199 834 1237 tali
853 1202 950 1253 inge-

284 1262 360 1307 nio,
379 1271 420 1296 vt
440 1257 677 1312 ignorauerit
696 1256 761 1307 qui
772 1256 885 1307 prior
898 1255 950 1293 lo-

283 1318 347 1368 qui
367 1316 408 1353 in
426 1315 569 1352 adlione
588 1309 742 1351 deberet.
782 1310 948 1351 Subiun-

283 1372 343 1424 git
371 1367 521 1409 deinde
549 1368 708 1406 alteram
727 1377 949 1405 controuer-

283 1427 395 1466 fiam:
427 1423 551 1477 ‚Quam
571 1436 666 1462 nunc
686 1424 807 1462 aeluri
816 1421 948 1472 fiamus

281 1481 491 1523 Menandri
508 1478 740 1526 Eunuchum,
758 1477 949 1531 postquam

1600 456 1668 486 20⁷

1003 583 1065 624 bo.
1125 583 1335 637 Subiungit
1354 579 1656 634 responsionem,

1002 641 1128 692 primo
1150 640 1253 692 quali
1274 639 1440 692 quodam
1460 638 1552 677 statu
1577 637 1661 674 fini-

1003 698 1096 745 tiuo‚
1125 709 1226 747 quae
1245 695 1293 735 fic
1314 697 1464 748 iungit:
1494 694 1534 732 Si
1553 694 1595 731 id
1612 691 1660 742 est

996 764 1194 804 peccatum,
1209 764 1395 805 peccatum
1414 750 1480 790 hoc
1499 749 1566 803 est]
1593 753 1658 788 An

999 808 1071 848 hoc
1098 820 1296 860 peccatum
1325 807 1367 846 fit
1386 820 1520 846 verum
1539 807 1661 843 donat

998 867 1128 914 (Haec
1164 865 1346 905 videntur
1381 874 1463 902 orta
1502 858 1578 902 esse
1608 872 1659 898 ex

998 919 1181 973 scriptura
1201 935 1238 961 v.
1262 921 1405 959 Donat.
1427 918 1466 958 h.
1494 931 1527 956 e.
1552 916 1659 957 Vide

996 979 1230 1028 Donatum).
1260 976 1334 1015 hoc
1359 975 1406 1014 ad
1428 974 1658 1026 qualitatem

999 1030 1116 1083 ipsam
1126 1030 1325 1073 descendit
1335 1031 1659 1080 venialem‚quam

998 1087 1049 1125 fic
1077 1089 1283 1140 proponit:
1305 1098 1493 1142 peccatum
1521 1089 1660 1137 impru-

998 1143 1128 1182 dentia
1147 1143 1194 1194 est
1213 1144 1360 1184 Poetae.
1409 1142 1539 1184 Venia
1550 1142 1659 1180 enim

999 1198 1120 1239 tribus
1138 1199 1263 1239 modis
1283 1198 1335 1248 fit,
1357 1199 1403 1244 vi,
1425 1196 1519 1246 casu,
1540 1198 1659 1250 igno-

997 1256 1131 1295 rantia.
1195 1256 1299 1296 Cum
1339 1264 1470 1293 autem
1514 1257 1658 1305 impru-

998 1312 1123 1351 dentia
1139 1311 1202 1350 vel
1225 1325 1301 1350 vna
1320 1311 1370 1349 de
1388 1309 1508 1348 tribus
1528 1308 1656 1358 fuerit,

998 1368 1218 1407 conieffiura
1236 1367 1331 1413 erit,
1358 1379 1433 1405 nec
1451 1364 1597 1416 aliquid
1617 1371 1675 1402 ευ·

997 1424 1126 1463 nimus
1152 1421 1277 1463 faciet.
1340 1421 1533 1463 Adiunxit
1553 1432 1658 1473 ergo

996 1479 1228 1520 Terentius:
1258 1478 1355 1518 Non
1379 1479 1481 1532 quod
1497 1477 1658 1529 furtum

281 1538 418 1578 aediles
436 1535 620 1589 emerunt]
650 1535 967 1576 Hicanarratio:
987 1537 1121 1589 facere
1135 1535 1329 1588 studuerit.
1380 1537 1488 1575 Haec
1505 1543 1658 1573 tantum

283 1609 336 1635 ne
354 1593 511 1645 incipit,
544 1593 636 1643 quia
656 1588 768 1643 supra
797 1590 950 1629 exordi-
998 1591 1115 1631 verba
1163 1590 1497 1644 repromiffionem
1546 1603 1657 1643 argu-

281 1665 349 1690 um
370 1650 613 1689 collocatum.
655 1651 760 1700 Ergo
778 1646 875 1686 haec
893 1657 950 1686 to-

282 1718 320 1747 ta
342 1706 510 1747 narratio
528 1701 644 1755 vsque
664 1705 712 1744 ad
724 1702 946 1755 propositio-

284 1776 379 1802 nem
418 1761 593 1802 criminis
628 1770 668 1799 et
697 1759 944 1811 quaestionis,

283 1832 385 1871 quae
402 1818 540 1866 incipit
560 1828 608 1854 ex
627 1816 699 1854 hoc
718 1813 850 1860 versu;
870 1818 946 1855 Ex-

284 1873 586 1925 clama1t‚ficrem‚
614 1886 689 1911 non
707 1883 868 1924 poetam·
879 1872 944 1922 sa-

283 1931 406 1970 hulam
442 1927 588 1980 dedtffij‚
631 1940 666 1965 et
695 1927 790 1966 nihil
815 1927 945 1979 dedtffi’

281 1985 497 2038 verborum]
536 1983 697 2023 Pulchre
724 1984 850 2034 primo
875 1996 942 2035 ge-

281 2043 470 2084 neraliter
490 2037 686 2092 proposuit
708 2040 812 2077 illam
822 2052 872 2078 ex
882 2038 944 2078 ad-

280 2096 437 2139 uersarii
464 2094 648 2149 persona:
687 2095 737 2133 ita
765 2096 872 2133 enim
906 2108 944 2133 o-

281 2165 433 2208 portet,
463 2164 502 2192 vt
530 2149 672 2202 species
696 2150 743 2190 {ic
773 2148 945 2189 subiicia-

280 2224 351 2259 mr,
374 2222 475 2262 quae
494 2202 686 2260 qualitatis
704 2205 766 2255 est,
793 2217 830 2245 vt
849 2206 945 2246 dixi-

279 2280 366 2307 mus
390 2264 516 2317 supra,
548 2263 598 2302 de
617 2265 753 2303 Latino
785 2263 827 2301 in
847 2264 943 2302 Lati-

280 2337 375 2363 num
385 2319 580 2361 transferri
592 2333 670 2358 non
681 2320 814 2358 licere.
832 2321 942 2358 Haec

279 2378 455 2431 quaestio
481 2377 531 2416 fic
550 2376 802 2428 proponitur:
836 2375 942 2415 Cola-

228 2485 231 2488 y
280 2449 356 2475 cem
385 2435 447 2486 ςΙῘε
464 2433 603 2473 Naeuii
637 2445 672 2470 et
694 2431 820 2472 Plauti
846 2444 936 2470 vete·

279 2506 357 2532 rem
388 2489 584 2542 fibulam:
628 2489 787 2540 parqszti
818 2487 938 2537 persta-

279 2560 366 2586 nam
375 2546 459 2585 inde
469 2544 628 2584 ablatam
640 2558 672 2583 et
683 2543 829 2597 militis]
851 2544 939 2582 Per·

268 2602 404 2655 ι[ὸνιιυη
423 2612 552 2646 autem
573 2600 636 2639 hie
657 2601 835 2652 intelligo
854 2612 936 2638 non

281 2658 461 2704 nomina,
492 2657 595 2709 quod
622 2655 755 2709 postea
774 2655 937 2697 declara-

995 1658 1220 1687 mentorum
1242 1657 1392 1693 tenent,
1420 1659 1502 1684 non
1525 1647 1659 1684 verita-

996 1715 1087 1744 tem.
1144 1707 1250 1758 Ergo
1280 1703 1480 1755 adiungit:
1526 1702 1575 1740 Id
1601 1705 1656 1740 ita

996 1760 1068 1813 effe,
1098 1774 1166 1799 vos
1184 1763 1259 1800 iam
1286 1761 1452 1798 iudicare
1468 1760 1654 1810 poteritis.

995 1818 1196 1868 Quoniam
1215 1816 1379 1855 diximus
1396 1815 1461 1853 illa
1483 1815 1584 1868 lege,
1605 1826 1654 1853 ex

994 1878 1145 1914 Graeco
1171 1873 1214 1911 in
1234 1873 1413 1912 Latinum
1445 1869 1654 1908 transferre

991 1930 1117 1968 liceat.
1161 1926 1531 1976 Hocnamquedico,
1547 1924 1652 1976 quod

995 1983 1116 2024 Colax
1131 1983 1340 2023 Menandri
1358 1981 1413 2031 est,
1466 1984 1510 2020 In
1530 1994 1575 2019 ea
1598 1979 1653 2019 est

991 2039 1121 2079 fabula
1139 2038 1190 2077 de
1201 2037 1359 2090 paralito
1369 2037 1510 2077 Colace
1523 2048 1561 2075 et
1572 2037 1652 2089 glo·

991 2093 1088 2136 rioso
1111 2095 1246 2134 milite.
1304 2091 1493 2142 Parafi'zusr
1523 2104 1652 2132 autem

995 2153 1124 2198 Colax,
1147 2151 1187 2190 id
1208 2149 1272 2199 est,
1291 2150 1483 2189 adulator:
1518 2148 1593 2187 hoc
1613 2161 1652 2187 e-

994 2209 1073 2248 nim
1093 2205 1278 2260 fignificat
1296 2218 1336 2245 et
1347 2205 1446 2244 miles
1456 2204 1648 2259 gloriqfus,

993 2263 1096 2316 apud
1126 2264 1299 2310 Latinos,
1326 2261 1433 2312 quod
1465 2261 1588 2299 Colax
1613 2274 1651 2299 a-

993 2319 1072 2372 pud
1091 2320 1269 2359 Graecos.
1331 2319 1435 2358 Sicut
1452 2317 1569 2368 igitur
1592 2314 1648 2354 su-

989 2390 1059 2428 pra
1069 2375 1244 2422 diximus,
1265 2373 1358 2412 inde
1369 2372 1419 2412 est
1430 2371 1554 2412 ablata
1564 2385 1650 2424 per·

988 2430 1079 2471 sona
1099 2430 1246 2483 parasiti
1275 2441 1313 2469 et
1342 2429 1483 2468 militis.
1540 2431 1648 2481 Ergo

988 2487 1062 2527 hae
1078 2486 1265 2539 personae
1284 2487 1324 2525 in
1344 2483 1555 2524 Menandri
1586 2497 1649 2522 co-

988 2543 1143 2584 moedia
1167 2540 1273 2581 sunt:
1301 2540 1404 2592 quod
1437 2539 1646 2579 concludit.

986 2603 1056 2641 Eas
1077 2597 1114 2638 se
1124 2596 1305 2651 personas
1317 2611 1397 2635 non
1411 2611 1527 2649 negat
1547 2610 1645 2634 tran-

986 2653 1126 2696 stulisse
1154 2656 1195 2695 in
1215 2652 1449 2695 Eunuchum
1468 2651 1572 2692 suam
1597 2663 1645 2691 ex

1530 2709 1646 2747 Grae-
