1815 3168
687 197 978 242 ANDRI-A.

1421 217 1511 264 ¹37

286 328 407 373 Deos
429 324 595 389 quaeso,
617 333 663 371 vt
682 321 731 370 fit
749 322 974 389 superstes,
998 324 1356 389 quandoquidem
1377 328 1513 392 ipse'st

382 403 562 461 ingenio
595 400 713 446 bono
730 418 740 454 3

284 479 487 539 Cumque
520 476 624 522 huic
656 477 820 521 veritus
855 472 914 520 est
944 484 1151 538 optumae
1171 474 1426 523 adolescenti
1456 479 1512 525 fa—

382 568 479 597 cere
500 553 717 597 iniuriam.

281 625 357 675 SI.
392 626 476 674 Vel
496 627 581 673 hoc
603 629 698 688 quis
722 642 813 673 non
839 624 1007 676 credat,
1044 628 1119 689 qui
1144 628 1263 672 norit
1284 637 1342 679 te,
1375 627 1447 674 abs
1471 638 1514 674 te

379 698 461 747 esse
485 696 668 750 ortum?
706 700 754 748 D
771 715 801 745 A
819 714 865 745 v.
905 701 1115 764 quidnam
1138 701 1182 746 id
1205 700 1294 747 est?

191 795 247 827 10
284 774 360 826 SI.
396 781 506 824 Non
530 776 774 840 imperabat.
793 793 955 830 coram,
992 776 1098 840 quid
1122 793 1236 842 opus
1258 774 1374 825 faao
1413 776 1516 826 effet

379 855 622 918 puerperae
637 869 647 896 :

203 1073 277 1113 Per
296 1072 431 1125 ecastor
451 1071 591 1128 stitus]
629 1070 803 1114 Priscian.

148 1128 212 1169 lib.
243 1143 321 1169 xrv.
379 1133 419 1170 L.

203 1185 396 1237 Percastor
409 1184 535 1235 fiitus
548 1197 644 1238 puer
665 1183 712 1238 est
739 1199 803 1224 na-

149 1253 208 1280 tus
235 1242 447 1294 Pamphilo,
483 1241 628 1281 habent
665 1254 804 1281 omnes

147 1295 235 1336 fere
271 1297 381 1336 codd.
410 1299 592 1338 Terentii
618 1307 658 1336 et
684 1298 805 1348 aliqui

147 1354 313 1400 Donati,
349 1365 445 1404 quos
482 1351 670 1391 consuluit
696 1356 813 1392 Faer·‘

148 1421 243 1447 nus:
270 1406 335 1447 sed
353 1409 556 1448 Vaticanus
570 1439 579 1456 ‚
609 1419 647 1447 et
667 1420 805 1447 omnes

148 1474 302 1515 praeter
346 1477 466 1502 vnum
505 1463 619 1502 nostri
657 1463 806 1502 Pereca-

136 1519 235 1572 stor.
293 1523 408 1572 Lege⁷
431 1522 503 1558 Per
520 1519 676 1559 ecastor,
707 1522 805 1560 Nam

145 1587 214 1628 per
231 1576 399 1626 pertinet
417 1573 605 1626 adscitus,
627 1574 664 1613 h.
685 1587 719 1614 e.
732 1575 806 1614 val-

150 1631 201 1670 de
221 1630 345 1670 scitus.
402 1633 441 1670 B.

201 1700 227 1738 7
259 1687 360 1726 Deos
377 1685 507 1738 quaeso
537 1698 580 1724 vt
600 1683 654 1737 fi't
673 1685 806 1737 fitper-
829 1734 833 1735 ⁷

140 1742 227 1795 stes]
252 1741 434 1796 Superstes
448 1753 554 1779 nunc
565 1738 697 1780 saluus.
713 1742 805 1779 alias

141 1798 354 1854 ficperstites
382 1794 467 1836 sunt
496 1794 609 1836 senes
628 1807 669 1835 et
687 1810 805 1835 anus:

149 1856 238 1906 quia
267 1864 389 1894 aetate
414 1853 541 1892 multis
579 1850 806 1905 superstites,

149 1911 224 1950 iam
249 1910 426 1950 delirant.
481 1907 600 1949 Vnde
620 1919 659 1947 et
675 1909 806 1961 [αρη-

138 1965 285 2019 stitiofi',
307 1965 373 2017 qui
394 1964 485 2003 deos
511 1965 647 2003 timent
674 1965 803 2005 nimis.

149 2022 252 2075 quod
278 2021 429 2075 {ignum
459 2020 513 2060 est
545 2020 803 2060 deliramenti.

153 2076 255 2129 Vtsz't
262 2076 456 2132 superstes]
487 2076 683 2129 Superstes,
696 2089 804 2116 nune

149 2132 283 2173 saluus.
379 2133 689 2187 Qandoquidem
732 2132 804 2185 ips&

151 2190 213 2243 esi]
241 2190 404 2246 Quando
430 2200 468 2230 et
488 2190 580 2229 Cum
607 2189 807 2229 interdum

151 2244 236 2286 sunt
256 2245 548 2285 coniunuiones
568 2243 743 2285 causales.
766 2255 807 2283 et

1428 930 1515 978 Sed

912 1076 934 1122 8
984 1075 1092 1127 Lege
1134 1085 1182 1113 ex
1221 1071 1305 1111 cod.
1344 1071 1516 1112 pen-ensi

856 1129 1017 1182 Cumque
1038 1130 1122 1168 huic
1150 1129 1198 1182 est
1216 1132 1377 1178 veritus,
1402 1131 1515 1170 metri

855 1183 971 1225 causa.
1028 1188 1069 1225 Β.

908 1253 934 1295 9
966 1241 1031 1280 Vel
1054 1240 1122 1280 hoc
1139 1242 1219 1294 quis
1238 1254 1314 1280 non
1334 1240 1515 1295 credam]

853 1304 1010 1345 Εἷςωυείοι
1030 1297 1094 1336 est.
1138 1297 1212 1344 Vel,
1236 1295 1353 1336 modo
1375 1296 1427 1335 est
1446 1296 1516 1335 dis-

854 1355 1025 1393 iunffiua
1062 1353 1306 1400 coniunffio,
1351 1350 1415 1392 sed
1446 1365 1515 1403 pro

857 1410 973 1448 etiam
1006 1408 1135 1460 pofita.
1165 1415 1203 1447 'vt
1231 1407 1335 1458 apud
1366 1410 1513 1462 Vir-gil.

847 1467 978 1516 (Aen.
1012 1478 1070 1512 xl,
1100 1466 1238 1516 259.),
1272 1464 1339 1502 Vel
1362 1465 1516 1503 Priamo

855 1521 1062 1571 mzseranda
1083 1533 1224 1559 manus.
1246 1522 1292 1559 Et
1311 1519 1411 1569 (Ecl.
1428 1533 1517 1568 vm,

855 1578 968 1629 69.)‚
1000 1577 1177 1616 Carmina
1195 1575 1254 1616 vel
1261 1575 1356 1614 coelo
1367 1575 1516 1627 poffimt

855 1633 1031 1671 deducere
1052 1633 1186 1670 lunam.
1247 1634 1295 1671 Et
1311 1629 1427 1678 bene,
1442 1628 1519 1670 *vel

856 1687 947 1735 hoc,
991 1685 1209 1733 subaudias,
1246 1687 1415 1736 exceptis
1440 1688 1516 1726 illis

857 1755 956 1794 quae
983 1741 1238 1793 reprehendit
1258 1739 1381 1793 supra.
1440 1743 1517 1781 Abs

854 1811 889 1840 te
920 1797 983 1851 effi’
1011 1798 1159 1851 natum]
1189 1801 1237 1838 Et
1265 1809 1391 1838 ortum
1419 1799 1516 1851 legi-

857 1866 929 1903 tur,
947 1865 986 1893 vt
1003 1853 1054 1902 fit,
1075 1853 1306 1901 instruE’nun,
1323 1867 1515 1894 commen-

856 1921 948 1958 tum,
973 1921 1011 1948 et
1032 1909 1293 1961 compofitum.
1353 1912 1401 1950 D.

908 1965 1036 2006 Nostri
1063 1978 1201 2005 omnes
1232 1975 1270 2005 et
1297 1976 1386 2005 vett.
1415 1966 1515 2006 Edd.

853 2021 932 2076 Qi
957 2033 994 2062 te
1016 2024 1136 2061 norit.
1174 2022 1302 2063 Refle.
1360 2024 1400 2061 B.

915 2091 964 2120 10
999 2078 1089 2116 Non
1123 2076 1326 2130 imperabat
1358 2078 1513 2133 Coram]

857 2135 1010 2183 Coram,
1040 2133 1087 2173 ad
1114 2144 1232 2172 certas
1254 2131 1434 2184 personas
1461 2148 1516 2174 re-

854 2190 998 2230 fertur:
1031 2189 1160 2229 Palam
1180 2189 1227 2228 ad
1240 2201 1387 2229 omnes.
1408 2189 1518 2243 Quid

856 2259 946 2298 opus
962 2246 1072 2298 flzHo
1100 2244 1178 2296 effi²t
1199 2251 1419 2299 puerperae]
1452 2245 1517 2296 ΕΙΣ

150 2303 295 2356 quando
326 2315 394 2354 pro
420 2302 626 2352 quoniam,
669 2312 708 2340 et
734 2314 805 2353 pro
843 2303 917 2354 fit,
938 2299 1233 2352 impersonatiue
1251 2301 1394 2349 dicitur,
1414 2303 1515 2351 Opus

152 2360 241 2411 quia
284 2358 555 2410 intelligimus.

152 2415 300 2467 quidem
318 2413 404 2466 ipse]
429 2411 581 2453 Tranfit
601 2426 749 2463 apuero
760 2412 808 2452 ad

150 2468 273 2522 ipsum
290 2468 545 2520 Pamphilum.
603 2473 652 2510 D.

207 2525 365 2578 Qando
391 2525 533 2578 quidem
561 2523 619 2564 ille
642 2524 687 2576 est
708 2528 809 2581 inge-

152 2583 216 2620 nio
243 2579 350 2626 hono]
400 2583 449 2620 Vt
483 2592 676 2621 mereatur
709 2580 807 2621 filius

155 2635 336 2689 superstes
355 2633 441 2676 ess'e.
464 2682 473 2685 ,
497 2639 540 2678 E.

622 2358 808 2414 Qando-
845 2360 954 2412 fczft‘o
980 2357 1072 2408 esset,
1097 2360 1233 2410 (Lege,
1269 2370 1405 2398 OPVS
1437 2370 1516 2398 ΕΑ-

858 2429 882 2455 c
893 2428 921 2454 T
934 2428 964 2454 o
1009 2426 1036 2452 E
1049 2425 1071 2452 s
1083 2425 1105 2452 s
1116 2425 1142 2451 F.
1155 2426 1196 2452 τ.
1261 2413 1516 2465 Impersonali·

859 2484 915 2509 ter
949 2469 1099 2508 dicitur.
1170 2471 1264 2508 Mox
1302 2468 1370 2507 ᾰπδ
1414 2470 1514 2518 κοινέ,

857 2540 881 2566 p
893 2540 919 2565 v
933 2539 959 2566 E
970 2539 1026 2564 Rp
1037 2538 1063 2564 E
1075 2537 1102 2564 R
1115 2536 1142 2564 A
1152 2537 1194 2564 E.
1224 2525 1392 2564 Datiuus
1411 2525 1516 2577 casus

859 2581 936 2634 est),
959 2582 1174 2632 Puerperae]
1229 2581 1391 2620 Datiuus
1410 2578 1513 2620 casus

859 2637 922 2687 est,
945 2648 983 2677 vt
999 2635 1051 2685 fit,
1074 2635 1138 2688 ipfi
1162 2649 1375 2689 puerperae
1387 2649 1515 2677 coram

970 2696 1042 2746 15

1432 2704 1514 2733 non
