1815 3168
252 88 353 136 704

568 145 584 157 Χ

650 69 805 113 ACT.
844 68 898 111 V.
939 66 1129 110 SCEN.
1171 67 1242 110 [V.

388 203 445 249 Et
469 212 572 244 caue
596 193 787 261 posthac,
811 192 841 240 fi
865 209 937 240 me
959 210 1089 246 amem,
1110 208 1304 255 vuquam
1325 190 1429 238 istuc
1441 191 1624 242 verbum

489 290 540 319 ex
561 284 602 318 te
632 271 818 317 audiam.

390 347 438 399 C
453 364 498 396 Η.
535 353 592 394 At
613 364 718 408 ego,
754 344 782 391 fi
806 362 877 392 me
895 340 1079 396 metuiS‚
1115 359 1260 392 mores
1283 359 1387 390 caue
1408 345 1455 389 in
1478 353 1520 390 te
1541 341 1625 391 effe

490 423 588 471 istos
613 423 804 470 sentiam.

296 522 356 556 10
389 499 496 550 CL.
532 500 692 554 Quos?
731 493 837 544 CH.
871 493 901 541 fi
936 495 1038 542 scire
1062 496 1141 548 vis,
1176 511 1259 556 ego
1280 494 1442 542 dicam:
1479 510 1624 555 gerro,

484 579 622 629 iners,
644 576 774 626 fraus,
800 571 964 625 helluo,

312 788 335 832 8
366 779 407 819 Si
432 792 487 817 me
508 775 627 830 amas]
658 777 768 814 Haec
797 773 916 813 verba

255 836 495 880 blandientis
507 834 634 872 matris
650 829 744 878 sunt,
765 842 805 869 et
816 843 916 881 quae

252 894 366 935 valde
379 893 427 931 de
439 891 516 929 filio
538 889 694 928 sollicita
711 887 763 925 fit.
818 887 862 925 C.

310 984 336 1024 9
369 971 406 1008 Si
430 981 485 1005 me
511 963 661 1017 metuis]
707 963 823 1003 Matri
854 962 917 1001 dat

252 1027 369 1067 verba
391 1022 527 1069 faama,
572 1021 670 1071 patri
694 1033 787 1058 vero
814 1015 903 1070 aspe

251 1098 303 1124 ra.
360 1081 429 1121 Illa
462 1078 611 1128 iuquit,
639 1076 679 1129 fi
707 1090 761 1115 me
787 1089 916 1116 amas:

251 1139 327 1188 hic,
338 1137 375 1192 Ji
390 1151 444 1176 me
461 1137 599 1175 metuis.
655 1134 700 1174 C.

314 1240 367 1269 10
434 1223 556 1278 uos?]
587 1222 755 1274 Supple‚
784 1222 915 1261 Mores

255 1285 347 1325 dicis
365 1284 428 1335 effe
448 1285 487 1321 in
511 1295 565 1319 me
577 1294 593 1323 ;
620 1277 684 1318 seu
701 1292 756 1317 me
774 1290 914 1326 cauere,

251 1355 297 1383 ne
329 1341 386 1380 int
416 1343 455 1379 in
484 1352 550 1376 me.
619 1334 762 1383 Gerra,
801 1336 912 1381 iners,

241 1398 381 1451 fraus]
414 1399 523 1436 Haec
548 1394 727 1432 dicuutur
752 1392 794 1429 in
814 1390 916 1429 abie-

253 1454 454 1494 Ctiffimum
486 1461 683 1502 quemque
704 1458 742 1486 et
770 1447 914 1485 nullius

252 1510 375 1564 precii
388 1509 604 1547 hominem.
664 1503 802 1557 Gerro]
825 1502 914 1542 Ger-

250 1582 307 1621 ro,
340 1577 378 1605 vt
401 1565 550 1604 Seruius
574 1561 676 1610 dicit,
699 1574 720 1599 a
739 1561 913 1615 gerendo.

252 1622 359 1663 vnde
371 1619 614 1676 nugigerulus,
635 1618 703 1669 qui
713 1629 835 1670 nugas
847 1629 915 1670 ge-

250 1681 322 1726 rit;
352 1679 414 1717 vel
442 1688 480 1716 vt
499 1676 652 1717 Nonius
669 1684 709 1713 et
726 1672 864 1723 Festus,
895 1687 916 1711 a

249 1737 385 1793 gerris.
440 1736 539 1773 Nam
563 1743 695 1786 gerrae
732 1727 816 1769 sunt
847 1742 915 1767 nu-

251 1799 326 1848 gae
346 1802 386 1830 et
406 1791 614 1841 ineptiae‚‘
630 1786 677 1826 fic
697 1785 841 1832 dietae,
876 1795 914 1823 vt

249 1848 375 1900 Festus
385 1846 513 1895 refert,
537 1843 644 1896 quod
659 1856 776 1894 quum
788 1839 913 1880 Athe-

249 1902 407 1946 nienses
442 1898 643 1955 Syracusas
678 1897 910 1943 obsiderent,

249 1972 292 2001 et
318 1959 454 2001 crebro
474 1971 605 2013 gerras
623 1953 832 2005 poscerent,
864 1954 914 1992 ir-

249 2017 424 2058 ridentes
458 2014 578 2055 Siculi
599 2025 730 2067 gem-as
747 2010 916 2050 clamita-

248 2075 362 2122 bant,
396 2085 513 2124 quum
538 2082 668 2125 gerrae
685 2068 790 2120 prius
817 2066 915 2105 dice-

249 2142 394 2175 rentur,
424 2139 461 2168 vt
481 2127 587 2166 idem
610 2125 731 2175 Festus
751 2125 812 2170 ait,
838 2136 915 2162 cra-

250 2198 310 2226 tes
347 2186 553 2226 vimineae.
609 2185 768 2233 Propter
807 2180 913 2218 illam

249 2241 463 2284 irrisionem
508 2239 722 2280 Siculorum
769 2234 913 2275 fafitum

251 2299 317 2348 est,
337 2309 377 2338 vt
391 2310 524 2353 gerrae
545 2309 617 2347 pro
638 2294 753 2347 nugis
769 2303 808 2331 et
820 2305 914 2331 con·

252 2366 373 2400 temtu
395 2354 580 2394 dicantur.
635 2352 738 2390 Hine
766 2362 913 2404 conger-

251 2425 308 2452 ro.
352 2411 469 2450 Plaut.
500 2410 542 2447 in
564 2405 673 2447 Persa
700 2408 759 2458 (1,
791 2418 828 2459 3,
856 2406 913 2459 9.)

253 2469 331 2508 Iam
350 2466 417 2519 pol
445 2464 503 2504 ille
534 2464 592 2504 hic
615 2464 758 2511 aderit,
790 2464 911 2509 credo,

253 2537 432 2578 congerro
461 2535 570 2561 meus.
649 2518 772 2572 Iners]
811 2521 841 2558 Ι.
873 2531 910 2558 e.

251 2579 412 2626 otiosus,
441 2579 632 2631 ignauus,
665 2575 746 2615 fine
771 2586 853 2614 arte
872 2584 913 2615 et

251 2635 436 2677 industria
459 2634 642 2686 viuendi,
674 2643 711 2672 vt
733 2631 814 2672 vult
831 2631 915 2674 Ser-

1402 704 1404 708 ?
1456 646 1628 699 Ganeo,

963 774 1054 812 uius.
1112 770 1251 825 Fraus]
1282 766 1532 810 Fraudulosus
1561 765 1625 808 seu

963 828 1229 869 fraudulentus
1248 858 1256 874 ,
1303 823 1365 866 seu
1411 824 1626 877 culpabilis.

967 890 1075 932 Nam,
1099 897 1135 923 rt
1159 884 1284 935 inquit
1306 883 1495 934 leianus,
1507 884 1626 933 fraus

965 941 1012 993 est
1047 940 1124 991 ipsit
1153 954 1273 988 noxa,
1307 940 1333 979 i.
1355 953 1388 978 e.
1416 939 1548 989 culpa,
1585 947 1624 976 et

967 995 1065 1047 quafi
1080 995 1267 1047 quaedam
1280 995 1517 1046 praeparatio
1529 1006 1621 1045 poe·

965 1065 1050 1091 nae.
1108 1051 1308 1090 Interdum
1329 1051 1440 1089 etiam
1464 1063 1530 1100 pro
1538 1062 1624 1102 poe-

964 1123 1011 1147 na
1032 1108 1190 1158 ponitur
1218 1108 1256 1145 in
1279 1108 1382 1154 iure,
1412 1118 1447 1144 rt
1473 1107 1523 1144 ait
1544 1108 1625 1146 Ser.

964 1168 1059 1205 ujus.
1117 1167 1214 1202 Item
1235 1174 1274 1201 et
1288 1164 1411 1215 fraus
1431 1175 1503 1213 pro
1523 1165 1623 1214 peri-

966 1223 1052 1260 culo
1082 1220 1176 1271 poni
1206 1220 1427 1264 inuenitur-3
1457 1229 1512 1264 vt,
1540 1219 1625 1259 Erit

965 1277 1028 1316 illa
1050 1292 1105 1315 νε»-
1116 1276 1269 1327 fraudi,
1293 1274 1333 1314 id
1352 1274 1416 1322 est,
1439 1271 1625 1326 periculo.

965 1337 1053 1374 Hoc
1084 1335 1242 1372 Seruius.
1306 1332 1464 1371 Ponitur
1494 1343 1624 1373 autem

968 1391 1031 1430 hie
1048 1388 1165 1439 frctus
1183 1402 1255 1441 pro
1281 1386 1551 1437 fraudulento,
1585 1398 1625 1427 vt
1672 1394 1676 1397 '

966 1446 1057 1486 alibi
1082 1443 1197 1485 scelus
1217 1458 1287 1497 pro
1316 1442 1482 1484 scelesto.
1536 1444 1628 1483 Hel*

963 1503 1046 1557 luo]
1077 1502 1217 1542 Vorax.
1272 1501 1397 1542 Catul.
1423 1502 1464 1538 in
1490 1499 1625 1542 Caesa-

963 1573 1046 1599 rem
1067 1562 1206 1610 (mvn,
1224 1559 1306 1609 16.)
1336 1561 1397 1596 An
1411 1558 1626 1607 parumhel·

963 1616 1086 1655 luatus
1109 1614 1181 1667 est?
1213 1611 1459 1658 Insatiabilis,
1492 1614 1625 1665 inquit

964 1673 1126 1715 Seruius,
1158 1668 1223 1709 seu
1243 1671 1500 1709 immoderate
1520 1669 1625 1709 bona

965 1727 1028 1768 sua
1059 1724 1310 1775 consumens,
1339 1726 1468 1778 inquit
1486 1726 1622 1780 Festus.

964 1784 1062 1825 Inde
1088 1782 1247 1831 helluor,
1280 1785 1374 1831 aris,
1404 1783 1430 1820 i.
1447 1795 1480 1821 e.
1500 1782 1626 1823 effun-

966 1842 1059 1880 dere
1081 1839 1183 1879 bona
1202 1836 1265 1878 sua
1289 1836 1479 1882 luxuriose
1490 1853 1532 1878 ac
1553 1841 1624 1880 im-

963 1897 1173 1937 moderate.
1226 1896 1272 1937 C.
1609 1901 1611 1903 ¹

1020 1955 1152 1999 Gerro,
1180 1950 1296 2004 iners]
1329 1949 1449 1990 Gerro
1471 1950 1524 1990 est
1543 1949 1623 2003 pis-

964 2010 1017 2048 cis
1042 2008 1184 2047 nullius
1203 2004 1343 2059 saporis
1365 2007 1428 2046 vel
1444 2020 1622 2047 momen-

963 2067 1002 2105 ti.
1034 2076 1099 2104 aut
1121 2078 1235 2118 gerro
1265 2065 1405 2118 (gerra.
1440 2063 1514 2103 vid.
1543 2064 1623 2104 Cu-

964 2135 1044 2174 per.
1067 2119 1228 2160 Obseru.
1249 2133 1278 2167 1,
1313 2127 1373 2169 18.
1402 2122 1460 2168 Z.)
1489 2119 1623 2160 dicun-

963 2180 1024 2218 t'ur
1039 2176 1358 2222 machinamenta,
1380 2189 1479 2227 quae
1488 2175 1624 2216 aduer-

961 2234 1020 2274 sus
1039 2235 1213 2273 ciuitates
1223 2229 1379 2279 fiebant,
1399 2235 1624 2286 magnoim-

961 2302 1055 2344 petu
1075 2304 1162 2329 cum
1192 2290 1212 2309 ’⁶
1241 2287 1458 2328 deiicerent
1476 2295 1622 2338 <utma-

961 2362 1036 2403 gno
1047 2349 1184 2400 impetu
1194 2357 1317 2385 muros
1328 2346 1523 2384 deiicerent
1540 2347 1600 2397 Z.)
1612 2359 1622 2384 :

963 2404 1102 2443 eadem
1157 2415 1290 2457 gerras
1354 2400 1620 2453 appellabant.

961 2460 1114 2514 Heauo]
1144 2457 1205 2499 Est
1223 2455 1386 2505 inuasor,
1409 2458 1524 2510 etqui
1534 2458 1622 2510 plu·

960 2518 1099 2556 rimum
1127 2511 1324 2554 consumit.
1380 2518 1424 2555 E.

1019 2573 1151 2622 Fraus,
1171 2570 1310 2627 helluo]
1338 2568 1408 2615 Ms.
1421 2574 1461 2613 R.
1491 2567 1621 2617 helluo.

964 2630 1103 2688 glane.
1159 2632 1200 2669 L.
