1815 3168
530 147 532 150 ⁵
585 154 996 202 EVNVCHVS.

1373 164 1472 215 481-

245 287 390 338 Quam
417 280 596 333 amabat,
626 297 728 326 eamv
743 281 910 327 confeci
932 278 1020 325 fine
1042 279 1246 334 molestia,

243 361 344 405 Sinc
364 359 520 408 sumtu,
543 355 628 401 fine
652 356 888 420 dispendio.
931 366 1024 401 tum
1049 355 1133 400 hoc
1157 356 1357 411 alterum,

241 433 294 479 Id
317 428 470 479 vcro'st
493 433 611 493 quod
633 449 715 491 ego
739 432 849 476 mihi
869 441 978 493 puto
1004 430 1278 494 palmarium,

247 512 325 553 Me
346 503 560 570 reperisse,
582 523 670 569 qno
692 506 825 552 modo
846 505 1184 551 adolescentulus

152 601 211 632 10
241 584 527 628 Meretricum
549 583 724 642 ingenia
745 592 786 627 et
807 597 951 626 mores
973 577 1114 644 posset
1137 579 1337 642 noscere:

242 661 416 704 Mature
441 668 487 703 vt
509 674 646 719 quum
670 657 884 716 cognorit,
907 668 1123 718 perpetuo
1145 655 1299 701 oderit.

243 738 368 787 Quae
394 733 499 778 dum
520 734 625 778 foris
646 732 754 783 sunt,
777 730 886 776 nihil
909 729 1080 777 videtur
1100 728 1322 784 mundius,
1371 773 1373 776 Α

241 813 341 854 Nec
364 809 497 867 magis
528 805 816 870 compositum
839 807 1086 869 quicquam,
1129 821 1209 854 nec
1230 807 1368 868 magis
1389 806 1472 854 ele-

340 900 445 942 gans
461 902 470 927 ε

243 962 383 1013 Quae,
415 973 517 1007 cum
537 967 727 1004 amatore
749 956 824 1003 sno
846 972 986 1021 quum
1008 965 1206 1009 coenant,
1244 955 1473 1017 liguriunt.

107 1189 219 1217 auara
240 1176 349 1229 (Leg.
371 1176 663 1225 Difficillimum,
678 1179 763 1229 quia

108 1249 131 1274 a
160 1247 284 1272 meret.
317 1246 445 1272 auara.
504 1232 760 1281 Cariffimum,

108 1291 196 1343 quia
208 1290 390 1343 virginem
401 1303 508 1340 quam
519 1288 697 1336 amabat).
717 1291 764 1328 D.

165 1347 281 1383 Hunc
302 1356 339 1383 et
367 1341 440 1394 seq
467 1343 612 1384 velsum
635 1357 766 1383 emen-

109 1395 187 1440 ἃᾶ
178 1398 564 1452 1ta2Cariffimum‚a
583 1403 767 1438 νηειεῑνέεε

110 1470 225 1496 auara
262 1459 443 1502 ὐἱνςξωιεφη
482 1455 569 1506 Quo
604 1454 765 1504 amabat,

112 1526 194 1552 eum
220 1513 360 1563 confici
388 1524 458 1550 etc.
517 1515 615 1551 Nam
637 1512 687 1548 ita
705 1509 767 1548 ha-

109 1568 197 1616 bes,
227 1567 330 1617 quod
358 1570 532 1607 Donatus
563 1567 612 1605 de
637 1566 766 1614 verbo,

113 1637 194 1671 con
194 1625 232 1662 ’ὲ
236 1623 533 1673 i‚1oltnlauit.
604 1622 766 1661 Deinde

109 1652 351 1731 Euggmpl’nm
397 1690 554 1729 qnoque
598 1678 697 1731 legit
738 1693 766 1716 e

109 1748 181 1774 um.
239 1739 277 1773 b.

169 1796 190 1837 8
224 1790 270 1829 ld
286 1803 372 1829 vero
391 1789 455 1843 est]
489 1790 602 1836 Vero,
628 1779 695 1829 nisi
714 1802 768 1828 or-

113 1847 289 1885 natintm
310 1843 424 1894 effer,
460 1844 556 1884 nihil
584 1843 767 1898 fignifica-

110 1913 168 1941 ret
193 1904 280 1953 (cnr
301 1906 409 1941 non?
439 1914 527 1939 nam
540 1900 667 1954 fignif.
679 1901 769 1939 haut

110 1956 227 2006 dubie,
249 1960 438 2004 nimirum,
459 1967 497 1995 et
520 1958 682 1995 omnino
703 1956 768 1995 ha-

112 2014 181 2053 bet
203 2015 279 2052 vim
300 2012 529 2051 affirmandi.
559 2016 626 2064 Z.)
683 2013 768 2052 Pal-

112 2070 288 2118 marium]
319 2070 447 2108 Palma
466 2068 640 2120 dignum.
670 2071 719 2109 D.

169 2126 265 2165 Puto
304 2123 366 2176 effe
400 2124 643 2178 palmarium]
684 2128 778 2164 Hoc-

113 2182 178 2231 est,
198 2181 301 2239 quod
320 2193 395 2234 ego
414 2180 574 2219 awaitrm
583 2178 770 2219 mihieffe

115 2230 351 2291 gloriosum,
354 2235 408 2275 ibi
431 2237 602 2288 palmam
624 2235 770 2275 debele

116 2292 222 2333 sumi
278 2296 322 2332 Ε.

171 2348 270 2386 Puto
313 2347 556 2399 palmarium]
609 2344 768 2387 Gloffa1·.

117 2404 344 2444 Palma-»ium
379 2404 551 2452 ἀξιονικδν.
590 2402 767 2445 Priscian.

118 2460 184 2499 h'b.
205 2472 241 2501 2.
298 2462 337 2499 L.

175 2527 224 2556 10
254 2515 497 2554 Meretricum
523 2515 690 2570 ingenia]
719 2517 770 2555 O-

118 2572 250 2624 ptime,
273 2583 351 2608 non
367 2575 566 2612 meretricis
586 2573 694 2623 dixit,
709 2569 773 2615 sed

120 2628 244 2679 potius
264 2638 358 2667 mer.
361 2628 501 2667 zricum.
556 2630 605 2669 D.

1413 1050 1471 1097 15

872 1188 919 1218 11
960 1177 1134 1220 Mature]
1174 1176 1264 1218 Cito
1307 1185 1348 1215 et
1381 1186 1474 1217 ante

814 1242 980 1283 tempus.
1016 1233 1155 1273 Vtcum
1167 1233 1360 1286 cognorit]
1381 1235 1476 1274 Sua-

816 1290 917 1327 uiter
948 1288 1276 1337 11011‚N0uerit‚
1315 1288 1379 1327 sed
1407 1290 1475 1328 Co

812 1347 956 1398 gnorit
976 1344 1093 1382 dixit:
1129 1344 1231 1396 quod
1260 1343 1313 1383 est
1329 1347 1472 1396 pienae

816 1397 1082 1450 perspicaciae.
1142 1401 1294 1438 Mature
1321 1415 1363 1438 vt
1391 1414 1472 1440 cum
1510 1433 1514 1437 .

816 1458 1001 1518 cognorit]
1020 1459 1128 1494 Bene
1148 1455 1473 1496 addiditMamre.

816 1514 914 1549 Fere
938 1511 1043 1549 enim
1064 1512 1139 1548 cito
1164 1509 1388 1563 cognoniffe
1409 1512 1476 1550 ob-

816 1566 908 1606 tuit:
941 1564 1004 1605 sed
1030 1565 1068 1604 id
1089 1567 1136 1605 ad
1155 1566 1376 1606 illecebram
1401 1566 1475 1607 fuit

819 1622 925 1674 qnod
955 1627 971 1643 ¹⁶
998 1624 1175 1674 cognitus
1196 1622 1249 1660 est
1269 1624 1342 1661 cito
1364 1628 1474 1663 (For-

818 1690 866 1726 te,
886 1678 976 1716 Fere
999 1679 1092 1716 enim
1101 1678 1187 1728 sero
1206 1677 1474 1732 cognstlgfitiu

818 1736 947 1787 quippe
976 1736 1015 1772 id
1033 1734 1082 1772 ad
1101 1736 1148 1772 ill.
1159 1733 1268 1784 filit,
1298 1736 1396 1786 quod
1413 1738 1474 1773 ni-

818 1794 885 1830 mis
896 1792 1086 1843 cognitum
1108 1789 1154 1840 est
1159 1789 1257 1840 firo.
1285 1793 1363 1841 Z).
1393 1793 1444 1830 D,

878 1858 929 1887 12
1003 1859 1070 1883 uae
1080 1846 1162 1883 dum
1172 1846 1399 1897 forissunt]
1426 1851 1477 1887 A·

818 1901 897 1951 pud
935 1913 1107 1940 amantes
1144 1898 1293 1939 scilicet.
1362 1901 1480 1941 Nihil

816 1958 964 1995 videtur
1001 1957 1189 2004 mundius]
1228 1961 1336 1996 Bene
1371 1958 1476 1997 Vide-

815 2027 902 2053 tur:
935 2026 1017 2052 non
1038 2014 1145 2051 enim
1164 2011 1261 2051 sunt.
1316 2015 1364 2051 D.

875 2081 920 2122 13
955 2070 1034 2108 Nec
1077 2071 1195 2123 magis
1236 2066 1473 2119 compositum

818 2128 1031 2178 quicquam]
1056 2128 1162 2165 Bona
1174 2139 1192 2163 x
1196 2125 1344 2162 arietas.
1376 2128 1476 2164 Nam

818 2181 913 2221 haec
940 2181 1072 2220 omnia
1099 2193 1168 2232 per
1196 2179 1278 2233 mag
1272 2182 1313 2218 is
1341 2180 1476 2219 adner-

818 2236 927 2275 binm
947 2236 1112 2288 ploseru
1144 2248 1217 2274 nec
1241 2236 1374 2275 omnia
1405 2250 1476 2286 per

820 2293 1125 2343 comparatinum
1163 2291 1335 2343 gradum.
1395 2293 1476 2332 Nec

819 2351 934 2402 magis
959 2348 1118 2402 elegans]
1159 2351 1274 2388 More
1302 2344 1391 2397 suo,
1412 2360 1476 2388 ne

822 2405 969 2443 diceret
988 2402 1228 2453 compofitius
1241 2413 1307 2441 aut
1317 2404 1477 2457 elegan-

822 2461 914 2500 tium
944 2470 983 2499 vt
1001 2457 1128 2511 supra,
1152 2459 1238 2498 Hoc
1266 2472 1367 2498 nemo
1387 2462 1479 2513 ficit

822 2519 1104 2567 minusineptus,
1115 2515 1397 2569 magisfiuerus.
1425 2520 1478 2557 D.

887 2584 936 2624 14
964 2574 1075 2629 Qae
1112 2584 1193 2610 cum
1218 2585 1383 2610 amatore
1402 2571 1477 2622 fito

823 2641 941 2683 quum
981 2627 1155 2682 coenant]
1204 2630 1335 2671 Vnum
1377 2629 1479 2677 Cum,

935 2685 973 2725 H
986 2682 1013 2725 h
1372 2696 1480 2735 pr-ae
