1815 3168
323 135 416 182 160

697 128 856 174 ACT.
889 128 960 174 111,
1007 126 1197 172 SCEN.
1230 129 1286 174 V.

450 260 554 306 Iure
573 255 681 304 mihi
702 252 912 316 obtigisse,
934 253 1110 318 quando
1132 253 1311 318 quidem
1331 244 1418 301 tam
1439 255 1570 308 iners,
1593 265 1681 301 tam

544 333 661 395 nulli
691 331 856 378 consilii

451 412 575 457 Sum.
598 401 763 454 set-uon’
785 406 979 452 fortunas
1002 419 1118 450 meas
1139 420 1210 450 me
1232 393 1483 452 cornrr-iififfe
1502 404 1650 452 futili?

393 543 396 547 ι
450 488 572 546 Ergo
593 484 786 548 pretium
810 480 864 527 ob
881 479 1100 527 stultitiam
1119 480 1234 529 fero:
1265 480 1336 528 sed
1357 481 1547 537 inultum
1569 497 1684 533 nun·

549 575 682 623 quam
706 559 752 604 id
775 556 956 606 auferet.

313 782 555 836 intelligitur,
585 776 704 817 modo
732 780 795 830 qui
824 774 974 816 subiun-

314 843 383 887 xit,
406 852 488 877 non
507 837 616 890 quod.
674 838 724 876 D.

373 895 444 936 Vbi
463 893 535 933 illic
557 893 602 944 est
616 889 755 943 scelus]
786 891 891 929 Haec
901 886 974 927 sce-

315 966 368 992 na
387 947 686 990 controueriiam
708 956 818 985 tenet
837 945 972 984 talem:

313 1012 443 1050 Dauus
464 1005 661 1045 arbitratus
679 997 787 1041 falsas
806 999 971 1053 nuptias,

315 1064 516 1104 confilium
536 1060 648 1100 dedit
665 1058 826 1097 domino
853 1068 893 1097 vt
910 1071 974 1096 an-

315 1130 458 1164 nueret
483 1117 593 1170 patri.
648 1114 767 1156 Vnde
790 1115 857 1154 ille
884 1126 976 1152 exo-

315 1178 416 1216 rauit
442 1173 626 1222 socerum,
657 1173 723 1224 qui
750 1168 976 1223 sepi-omifit

312 1233 433 1274 filiam
461 1231 650 1270 daturum.
703 1228 761 1267 Fit
782 1237 876 1266 ‘reus
901 1227 978 1265 Da-

313 1291 415 1338 ‘uusj
447 1286 552 1340 quod
581 1281 738 1334 decepit
757 1283 972 1322 dominum.

313 1346 394 1387 Hic
419 1343 532 1382 status
557 1341 612 1380 est
633 1339 822 1390 qualitatis
845 1337 974 1376 venia-

312 1402 380 1449 lis,
419 1400 460 1438 in
493 1411 569 1450 qua
594 1395 661 1434 etfi
687 1393 737 1433 de
765 1393 975 1447 praeterito

313 1468 495 1507 tempore
512 1452 666 1494 videtur
684 1448 762 1490 esse
776 1450 974 1502 deceptus,

313 1514 434 1554 docet
458 1508 712 1550 nihilominus
741 1505 781 1547 se
807 1505 854 1546 ad
876 1505 976 1546 futu-

313 1584 400 1610 rum
419 1564 528 1621 pofi'e
546 1564 769 1618 prouidere,
824 1562 890 1604 Est
906 1561 976 1615 igi7

314 1638 379 1667 tur
417 1620 606 1664 accusatio
632 1620 750 1660 haec:
793 1618 865 1660 Vbi
900 1617 977 1657 illic

314 1683 366 1736 est
395 1682 541 1733 fielus,
588 1681 654 1734 qui
696 1691 753 1716 me
789 1674 976 1729 perdidit]

314 1741 566 1791 Quamquam
583 1732 808 1785 conquestio
820 1735 860 1771 in
872 1732 980 1784 prin-

315 1796 420 1847 cipio
450 1793 639 1831 collocata
670 1799 787 1842 auget
817 1789 976 1835 crimen,

316 1849 425 1904 quod
453 1848 563 1895 dicit,
589 1847 675 1885 iure
700 1845 768 1884 sibi
794 1843 977 1898 istaobti«

315 1903 435 1961 giffe‚
463 1903 567 1956 quod
596 1900 693 1941 serui
717 1899 875 1939 confilio
896 1897 976 1938 vsus

315 1965 359 2004 in
380 1960 552 2015 periculo
571 1957 632 2007 fit,
664 1969 702 1996 et
720 1970 800 1995 non
828 1954 891 1995 sua
909 1954 977 1993 fibi

315 2017 506 2060 sententia
525 2015 771 2067 ingenioque
789 2010 978 2065 subuenef

315 2077 376 2116 rit.
431 2076 474 2114 E.

371 2129 489 2172 Multi
526 2125 638 2166 codd.
669 2123 818 2164 addunt
852 2122 971 2170 hodie,

317 2186 425 2241 quod
452 2182 581 2237 postea
605 2182 770 2229 librarii‚
798 2193 836 2221 vt
853 2190 977 2218 metro

317 2240 579 2289 consulerent,
609 2240 830 2287 eiecerunt,
859 2248 898 2275 et
916 2236 976 2274 in·

317 2299 556 2352 ter-polarunt
591 2294 778 2348 perdidit3
817 2291 924 2345 quod
949 2290 975 2331 fi

318 2355 434 2402 abest,
453 2352 495 2392 fit
517 2350 754 2404 apofiopefi3‚
783 2362 882 2401 quae
903 2349 975 2387 ira-

319 2411 447 2452 cundo
469 2408 677 2448 conuenit:
700 2417 737 2446 vt
754 2405 860 2451 illud2
873 2407 976 2462 Qos

318 2483 398 2524 ego.
472 2465 633 2505 Deinde
666 2466 766 2515 perii
800 2475 882 2500 non
923 2459 977 2498 est

317 2524 433 2572 Daui,
455 2521 519 2562 sed
541 2520 652 2571 ipiius
664 2517 864 2569 Pamphili.
899 2517 976 2555 De-

319 2582 440 2635 nique
471 2577 568 2618 illud
595 2576 679 2616 Iure
701 2586 858 2626 appone
886 2573 975 2614 huic

1412 648 1487 694 Ἴς
1527 632 1682 681 ΒΑν.

1025 775 1093 828 ipfi
1112 771 1234 815 versui
1255 774 1391 827 primo,
1448 775 1683 828 Igiturlege,

1027 833 1098 872 Vbi
1116 830 1191 870 illic
1209 831 1284 882 est?
1299 830 1435 881 fielus,
1469 833 1532 884 qui
1549 846 1602 871 mc
1622 832 1685 870 lm-

1024 890 1093 929 die.
1131 890 1242 940 perii.
1275 900 1383 940 atque
1409 886 1476 926 hoc
1505 885 1684 940 confiteor

1021 948 1114 986 iure.
1179 947 1220 985 B.

1078 1013 1104 1042 2
1132 999 1222 1040 Tam
1245 999 1358 1053 iners]
1392 1000 1486 1038 Sine
1513 1010 1612 1046 arte,
1641 997 1683 1041 id

1023 1057 1090 1107 est,
1110 1056 1193 1097 fine
1208 1058 1326 1103 ἀρετῇ.
1383 1055 1472 1095 Ihm
1491 1055 1582 1094 nulli
1603 1069 1685 1095 con-

1013 1114 1113 1169 silii]
1151 1116 1243 1154 Vna
1279 1124 1365 1164 pars
1402 1113 1584 1150 orationis
1615 1110 1681 1161 est,

1025 1170 1117 1211 nulli
1133 1168 1281 1221 confilii.
1312 1181 1395 1216 nos,
1423 1169 1555 1208 nullius
1567 1178 1604 1206 et
1615 1165 1682 1219 fi>-

1025 1229 1114 1268 lius:
1143 1226 1389 1264 recreantem
1410 1234 1578 1272 veteres,
1608 1225 1686 1263 nul-

1026 1283 1060 1323 lo
1082 1280 1193 1328 nulli,
1212 1279 1299 1328 solo
1317 1278 1397 1329 soli
1416 1280 1528 1331 (lege
1545 1292 1596 1318 ex
1614 1277 1683 1320 Ms.

1023 1336 1142 1379 Hulst.
1173 1333 1312 1375 Nullus
1332 1332 1433 1381 nulli,
1450 1335 1556 1386 solus
1573 1335 1683 1390 soli),

1024 1392 1288 1435 declinabant.
1342 1393 1391 1432 D.

1085 1450 1173 1491 Tam
1189 1448 1284 1488 nulli
1304 1444 1462 1500 confilii]
1491 1445 1685 1488 Charifius

1024 1506 1094 1547 lib.
1120 1519 1178 1547 11-
1211 1519 1250 1558 p.
1281 1514 1371 1556 127.
1409 1500 1584 1544 Priscian.
1616 1502 1684 1559 lib3

1030 1576 1096 1618 13.
1124 1577 1162 1615 p.
1190 1572 1279 1613 151.
1336 1563 1378 1600 L.
1674 1560 1677 1563 “

1083 1631 1107 1673 3
1140 1620 1206 1658 Me
1227 1619 1356 1659 commi
1369 1615 1447 1670 rffi]
1475 1617 1563 1655 Non
1584 1627 1686 1657 com-

1026 1672 1256 1716 mendasse:
1321 1671 1412 1721 sed,
1469 1671 1684 1724 commififfi.

1029 1733 1303 1773 committimus
1333 1730 1440 1770 enim
1471 1741 1572 1779 quae
1598 1742 1687 1769 cum

1024 1801 1171 1842 magno
1199 1786 1372 1839 periculo
1402 1784 1579 1824 volumus
1607 1781 1686 1826 esse

1025 1845 1174 1886 seruata
1198 1842 1291 1893 (vid.
1317 1841 1365 1881 ad
1381 1840 1538 1880 Phor-m.
1561 1853 1612 1888 v,
1647 1852 1681 1889 Ι,

1028 1903 1128 1953 19.).
1184 1897 1320 1951 Futilz']
1351 1896 1456 1936 Leui.
1483 1898 1685 1936 Namara-

1026 1955 1084 2005 se,
1116 1954 1222 2006 quod
1236 1952 1356 2006 futile
1385 1952 1545 2000 dicitur,
1580 1950 1685 2002 quod

1028 2025 1111 2052 non
1143 2011 1349 2062 deponunt
1373 2007 1534 2048 ministri
1563 2004 1684 2046 sacro-

1027 2081 1124 2116 rum,
1159 2065 1263 2119 quod
1283 2064 1336 2106 est
1353 2074 1463 2104 acuto
1479 2062 1616 2110 fundo,
1644 2073 1684 2104 et

1024 2125 1159 2177 patulo
1181 2135 1258 2170 ore,
1278 2133 1406 2173 eoque
1429 2118 1605 2160 instabile
1615 2118 1682 2159 est.

1026 2181 1154 2234 (Virg.
1176 2181 1299 2232 (Aen.
1317 2190 1381 2226 x1‚
1415 2177 1549 2230 339),
1583 2176 1682 2215 Con-

1013 2237 1112 2287 siliis
1146 2234 1298 2275 habitus
1335 2246 1410 2273 non
1436 2233 1573 2284 futilis
1616 2244 1682 2271 au-

1025 2295 1117 2335 etor.
1175 2295 1224 2333 D.

1078 2350 1265 2389 Fortunas
1283 2359 1377 2386 meas
1397 2340 1598 2396 commffiffi
1612 2343 1682 2395 su-

1025 2406 1140 2460 zili3]
1172 2405 1214 2444 ld
1234 2402 1299 2452 est,
1333 2402 1414 2442 leui
1436 2411 1475 2441 et
1495 2413 1592 2440 vano
1609 2398 1684 2439 ser·

1026 2476 1089 2502 uo.
1145 2465 1191 2502 E.

1079 2532 1108 2571 4
1137 2520 1212 2571 Ego
1229 2516 1393 2567 pretium
1412 2511 1456 2551 ob
1478 2511 1681 2564 stultitiam

1013 2574 1130 2630 firo]
1174 2576 1277 2626 Ergo
1310 2569 1478 2625 pretium
1503 2579 1543 2609 et
1573 2581 1682 2622 prae-

1048 2656 1051 2659 *
1560 2638 1682 2665 nuum
