1815 3168
609 210 898 257 ANDRIA.

1359 230 1422 278 45

204 344 303 388 Nec
327 339 419 386 satis
444 337 498 385 ad
521 337 844 399 obiurgandum
865 336 1022 385 causae.
1050 337 1224 392 diceret,

207 412 329 469 Quid
349 414 463 461 feci?
499 413 604 477 quid
625 414 892 465 commerui,
923 423 996 459 aut
1014 404 1205 477 peccaui,
1235 413 1393 479 pater?

207 493 331 544 Quae
351 488 431 535 sese
451 490 497 534 in
517 491 666 548 ignem
690 489 866 533 iniicere
885 487 1037 541 voluit,
1068 488 1292 553 prohibui,

205 566 398 611 Seruaui.
423 563 601 610 honesta
624 564 762 609 oratio
787 560 860 609 est.
905 560 935 608 S
951 575 998 608 ο.
1031 560 1150 609 reete
1171 575 1326 628 putas.

83 655 103 688 1
120 654 138 688 1
152 658 176 706 ς
199 643 320 688 Nam
344 637 375 686 fi
396 639 523 686 illum
547 637 768 700 obiurges,
790 638 900 685 vitae
924 639 1001 702 qui
1022 639 1231 685 auxilium
1252 638 1374 687 tuiit:

71 872 190 913 totam
207 860 446 914 argumentis
465 859 665 900 excitatam
685 857 726 898 si-

70 917 109 957 bi
135 914 214 956 effe
241 927 526 960 commemorat.
576 918 727 956 Verun-

72 985 201 1018 tamen
222 972 326 1022 dicit‚
355 969 393 1011 se
409 971 591 1024 equidem
609 970 727 1012 credi-

73 1027 189 1075 diffe,
223 1027 287 1068 sed
311 1027 432 1068 filium
457 1025 628 1066 accusare
644 1040 727 1066 non

73 1082 246 1138 potuisse.
299 1087 507 1136 Propterea
534 1083 724 1122 deriuatio

73 1139 205 1180 causae
247 1136 324 1179 effe
353 1140 491 1192 potuit.
538 1140 726 1190 Namque

74 1197 175 1236 duae
198 1206 324 1249 partes
353 1194 458 1244 sunt,
489 1207 589 1247 quae
616 1208 727 1234 reum

71 1251 159 1292 funt
186 1251 316 1291 solitae
341 1250 565 1292 defendere.
617 1251 726 1291 Deri-

74 1310 177 1347 uatio
199 1305 347 1356 causae,
379 1321 478 1359 quae
496 1310 646 1348 Graece
672 1323 727 1352 με·

73 1369 202 1407 ‘tasse-14
224 1365 331 1406 ἄιτίας
351 1363 500 1403 dicitur.
518 1376 633 1414 quam
645 1374 727 1401 rem

77 1421 205 1459 trafitat
223 1417 349 1466 senex,
369 1431 454 1457 cum
464 1419 557 1459 dicit
572 1431 622 1467 ex
643 1430 729 1467 per-

77 1474 171 1515 sona
182 1474 262 1521 filii,
290 1475 511 1530 Qidfeci?
529 1474 620 1526 quid
631 1487 730 1511 com-

76 1534 197 1571 merui
222 1543 287 1570 aut
311 1534 460 1583 peccaui
479 1530 614 1583 pater?
640 1541 732 1581 quae

65 1588 145 1640 fist
155 1591 193 1625 in
203 1588 321 1640 ignem
326 1589 501 1637 proiicere
511 1586 733 1637 voluitfflro-

80 1642 194 1690 hibui,
214 1641 381 1694 seruam]
433 1644 478 1681 E.

140 1692 228 1741 111¹
259 1697 341 1737 Nec
364 1695 485 1750 fictis]
540 1696 644 1736 Mire
669 1707 732 1733 ex-

79 1754 206 1806 pressit
231 1752 517 1805 indulgentiam
541 1752 656 1803 patris
675 1763 733 1789 er-

106 1825 126 1848 a
143 1807 275 1848 filiurn.
328 1811 427 1856 Emt,
447 1808 584 1859 inquit,
604 1803 732 1845 causa:

76 1823 145 1904 {ed
171 1878 241 1917 pro
269 1863 527 1904 amaritudine
554 1861 732 1915 obiurga-

77 1922 196 1960 tionis
224 1933 305 1959 non
327 1929 410 1959 erat
428 1911 532 1967 satis,
569 1918 646 1957 hoe
665 1917 731 1966 est,

79 1990 162 2016 non
183 1975 326 2016 idonea
345 1974 549 2016 videbatur.
579 1974 732 2025 Νερβ-

80 2036 130 2074 tis
166 2026 230 2073 ¹ad
265 2027 569 2086 obiurgandum]
613 2028 733 2070 Deest

80 2085 194 2129 habui
213 2119 223 2138 ‚
273 2087 337 2128 vel
381 2101 475 2127 erat.
534 2087 731 2139 Virgilius,

1306 716 1429 771 Quid

774 857 861 910 quis
900 867 941 897 et
980 856 1233 899 homicidium
1275 858 1426 900 dicitur.

776 916 992 962 Commerui,
1019 916 1178 954 minoris
1201 914 1336 967 culpae
1356 915 1431 956 est:
1458 914 1461 915 ⁷

777 971 942 1019 Peccaui,
961 971 1081 1010 multo
1100 972 1270 1016 minoris,
1292 972 1353 1011 vel
1375 972 1432 1010 le-

774 1027 903 1066 uioris.
934 1024 1021 1078 (Ms.
1041 1025 1160 1066 Hulst.
1177 1026 1303 1067 Multo
1322 1030 1432 1066 maio·

774 1085 829 1122 ris
874 1081 938 1121 ‘vel
965 1085 1172 1136 grauioris.
1227 1087 1276 1124 Et
1316 1084 1430 1134 paulo

774 1149 885 1187 ante,
931 1151 953 1176 a
989 1137 1195 1179 minoribus
1234 1138 1284 1179 ad
1318 1142 1433 1179 maio-

773 1198 859 1248 ra.)
915 1197 967 1235 D.

833 1260 909 1302 113
940 1248 1046 1304 Qae
1061 1249 1162 1303 fist]
1209 1251 1311 1299 Illic,
1342 1264 1433 1292 mea

774 1305 1020 1359 Glycerium:
1050 1304 1114 1343 hic
1132 1319 1354 1357 pronomen
1375 1306 1433 1346 di..

774 1363 844 1400 xit.
901 1361 1004 1402 Mira
1042 1361 1302 1410 dissimulatio,
1353 1373 1435 1401 tan·

779 1429 893 1468 quam
919 1416 1024 1455 illam
1051 1427 1202 1468 praeter
1216 1419 1435 1471 periculum

779 1469 931 1512 nesciat.
985 1474 1034 1511 D.

837 1539 915 1580 114
941 1525 1098 1579 Honesta
1125 1530 1248 1567 oratio
1265 1528 1323 1581 est.
1349 1543 1436 1570 nam

770 1582 815 1635 fi
826 1581 925 1621 illum
938 1582 1119 1637 obiurges,
1136 1586 1234 1623 vitae
1253 1588 1316 1638 qui
1330 1587 1438 1625 auxi-

778 1640 868 1678 lium
892 1638 1008 1692 tulit]
1055 1641 1332 1692 Purgationem
1366 1640 1437 1681 filii

777 1691 835 1732 sui
864 1704 905 1737 et
927 1691 1007 1745 ipse
1036 1693 1235 1734 confirmat
1262 1709 1331 1746 per
1356 1695 1438 1738 sen-

779 1750 958 1796 tentiam,
991 1758 1029 1787 vt
1051 1748 1120 1789 iste
1138 1750 1312 1793 videatur
1331 1765 1438 1792 nune

780 1803 908 1851 irasci,
937 1805 1002 1856 qui
1033 1806 1242 1857 aliquando
1262 1807 1352 1846 alias
1372 1808 1438 1848 ad·

781 1858 925 1900 miserit
941 1858 1086 1908 causas;
1114 1873 1154 1901 et
1177 1862 1233 1902 est
1253 1864 1359 1903 locus
1375 1863 1438 1903 ‘ar-

781 1916 978 1970 gumenti,
1008 1918 1076 1969 qui
1095 1917 1232 1961 dicitur
1249 1933 1271 1959 a
1289 1931 1438 1961 contra-

779 1974 857 2012 riis.
913 1976 960 2014 E.

841 2040 917 2080 115
952 2028 1055 2067 Nam
1074 2028 1118 2081 st
1137 2028 1257 2084 illum]
1312 2034 1439 2086 Argu·

780 2095 968 2139 mentum>
996 2098 1067 2136 per
1106 2087 1438 2132 ratiocinationem

79 2137 202 2200 (Aen.
220 2157 269 2192 Π,
291 2145 406 2199 3143)
436 2143 517 2188 Nec
530 2143 601 2194 fiat
619 2145 733 2182 ratio·
781 2154 803 2179 a
831 2141 1029 2184 contrario.
1070 2151 1110 2179 vt
1132 2140 1158 2179 fi
1188 2141 1308 2190 dicas,
1345 2145 1439 2183 Viro

81 2203 140 2241 nis
155 2203 194 2240 in
211 2202 336 2245 armat.
367 2210 406 2239 et
431 2198 514 2247 hic,
542 2212 641 2247 erat,
669 2197 733 2238 vel
770 2194 877 2247 fhrti
897 2197 1101 2248 praemium
1127 2196 1296 2247 debetur,
1324 2198 1363 2248 si
1382 2201 1440 2239 de-

80 2255 211 2304 habui,
247 2255 354 2295 deest
395 2254 444 2295 ad
488 2252 732 2295 sententiam.
770 2252 918 2303 sertori
931 2263 1048 2304 poena
1069 2252 1332 2305 constitutaest.
1370 2256 1440 2297 Tu.

82 2312 252 2366 Diceret]
264 2310 496 2354 Deestenim.
524 2311 632 2367 Qid
631 2310 733 2363 feci]
783 2308 848 2354 lit]
880 2311 950 2348 Pro
973 2308 1106 2348 attulit.
1125 2304 1451 2366 i‘edmultafigni-¹

82 2370 185 2416 Mire
213 2367 393 2407 fiduciam
419 2368 596 2419 praetulit
625 2378 736 2419 argu·
784 2362 888 2403 ficat:
920 2374 961 2403 et
987 2365 1076 2403 alias
1097 2366 1264 2416 pertulit.
1296 2369 1435 2422 Virgil.

83 2425 238 2471 mento,
279 2423 384 2476 quod
409 2422 463 2463 est
487 2424 531 2462 in
559 2421 738 2475 sequenti
785 2421 908 2471 (Aen.
927 2433 973 2468 Π,
991 2423 1111 2474 407.)
1137 2421 1230 2475 Non
1251 2421 1338 2462 tulit
1348 2424 1439 2464 hanc

86 2477 200 2519 versu,
254 2482 302 2521 D,
512 2519 514 2521 ,
678 2505 684 2510 .
772 2475 929 2529 speciem
947 2474 1102 2524 fitrt'ata
1129 2490 1245 2516 mente
1277 2478 1465 2528 Chone--

146 2546 223 2576 112
261 2535 366 2590 Qid
382 2535 484 2587 fici,
524 2533 616 2588 quid
642 2546 735 2574 com·
785 2530 864 2572 bus.
912 2532 1015 2571 Alias
1049 2530 1211 2571 sustulit:
1257 2546 1296 2574 vt
1324 2535 1442 2587 idem,

12 2615 23 2625 r
86 2592 201 2629 merui
226 2604 292 2629 aut
314 2592 488 2646 peccaui]
552 2588 684 2637 zius-accc
714 2603 737 2628 a
787 2588 961 2640 (Ec1.1x‚
990 2590 1078 2642 51.)
1118 2589 1250 2628 Omnia
1267 2590 1356 2642 ftrt
1380 2606 1443 2632 ae·

85 2645 293 2687 maioribus
318 2647 366 2686 ad
381 2648 542 2687 minora.
595 2649 645 2687 Et
652 2645 737 2697 feci
785 2655 865 2691 tas,
897 2646 1056 2685 animum
1088 2657 1239 2701 quoque,
1277 2661 1347 2700 pro
1375 2661 1443 2689 au·
1490 2688 1494 2693 ,

83 2701 185 2753 quadi
195 2701 340 2742 facinus
351 2703 457 2744 dixit.
487 2704 618 2744 Facere
629 2701 738 2743 enim
785 2699 872 2741 fert.
929 2703 966 2742 D
