1815 3168
346 153 445 209 460

728 150 884 196 ACT.
920 150 990 195 lV.
1022 149 1213 196 SCEN.
1249 152 1342 197 VII.

481 271 647 324 Tun.
701 279 823 332 Quid
855 294 973 324 nunc
1004 279 1207 338 agimus?
1257 273 1371 324 GN.
1413 279 1521 340 quin
1560 276 1713 326 redea-⁸

581 371 702 400 mus:
742 356 826 400 iam
849 354 954 399 haec
973 354 1052 400 tibi
1073 354 1210 400 aderit
1237 354 1480 418 supplicans

483 431 626 480 Vltro,
660 424 753 474 Tu
776 448 823 474 n.
861 421 1057 475 credin'?
1093 425 1209 479 GN.
1247 432 1338 476 imo
1365 440 1494 476 certe.
1517 432 1625 476 noui
1646 432 1712 476 in·

580 507 761 566 genium
785 505 1042 551 mulierum:

479 583 672 634 Nolunt,
695 581 769 628 vbi
787 574 915 628 velis:
948 579 1023 628 vbi
1040 579 1167 633 noli5‚
1200 582 1386 646 cupiunt
1408 581 1535 628 vltro.
1569 577 1712 628 THR.

580 658 694 704 bene
718 668 860 721 putas.

482 730 597 783 GN.
648 736 740 779 Iam
793 733 963 779 dimitto
1002 732 1270 778 exercitum?
1315 728 1473 780 THR.
1521 730 1595 780 vbi
1631 733 1712 782 viS.

583 811 628 856 G
643 821 693 855 N.
731 811 886 869 Sanga,
910 819 957 856 vt
979 807 1104 856 fortis
1132 808 1255 855 decet

348 1031 455 1084 quod
482 1028 643 1068 difficile
682 1026 882 1078 reperitur.
935 1029 1006 1068 Er.

348 1100 400 1141 go
421 1099 502 1125 non
522 1083 637 1122 modo
658 1082 844 1135 indignus
865 1093 919 1130 ες,
948 1083 1007 1121 in-

347 1144 444 1195 quit,
470 1141 529 1180 cui
552 1153 628 1193 ego
647 1135 920 1190 respondeam:
941 1136 1007 1179 sed

345 1200 411 1238 vix
428 1197 621 1243 inuenies,
642 1196 709 1246 qui
729 1205 767 1233 te
778 1194 939 1247 dignum
951 1207 1008 1234 re·

345 1251 483 1306 sponso
500 1253 656 1292 iudicet.
677 1275 680 1279 ·
713 1252 857 1306 ‚Quaere
875 1251 942 1302 qui
951 1265 1009 1291 re-

339 1309 546 1367 spondeat]
586 1311 634 1349 Et
659 1306 860 1345 contemfit
890 1307 1008 1345 inter-

346 1376 576 1420 rogantem:
609 1373 647 1402 et
671 1361 814 1401 indixit
840 1362 1008 1401 inimici-

347 1425 419 1463 tias
433 1421 669 1475 profeffione
678 1418 1007 1466 iracundiae,curn

346 1480 447 1520 dixit
467 1477 679 1530 indignum
696 1475 872 1513 militem.
901 1477 952 1514 D.

401 1539 475 1576 Per
495 1532 858 1584 interrogationem,
879 1541 920 1569 et
939 1531 1006 1570 de-

348 1595 427 1633 leto
448 1591 527 1639 hoc,
557 1599 596 1627 vt
612 1586 823 1626 trochaicus
846 1586 1005 1635 constet,

346 1647 563 1702 legendum
580 1655 697 1696 puto,
726 1641 827 1682 Satis
848 1642 921 1682 tihi
936 1642 1007 1696 est?

347 1706 427 1747 Sed
445 1709 612 1747 Faernus
634 1699 770 1752 probat
788 1698 936 1738 Donati
954 1700 1008 1738 le-

348 1763 523 1801 ‘Ctionem
540 1769 579 1798 et
603 1756 807 1796 rationem.
860 1759 903 1796 B.

400 1830 452 1871 41
487 1814 598 1871 Qid
613 1825 705 1852 nunc
718 1811 908 1866 agimus?]
938 1812 1006 1851 Vi-

348 1875 400 1914 de
424 1883 462 1912 vt
493 1869 696 1910 euanuerit
732 1869 829 1907 aecio
860 1867 1005 1907 militis.

346 1932 476 1972 Primo
499 1927 603 1973 dixit,
624 1924 756 1963 Omnia
772 1925 880 1975 priu's
897 1934 1006 1975 expe-

347 1990 434 2033 riri,
454 1997 562 2039 quam
576 1982 701 2029 armis,
721 1979 927 2033 stzpientem
948 1979 1006 2018 de-

347 2056 427 2084 cet:
459 2038 555 2093 post,
579 2037 676 2076 Idem
695 2036 765 2075 hoc
784 2049 823 2074 zu
833 2040 899 2083 ais,
910 2035 1006 2075 Tha-

348 2100 408 2140 is?
441 2108 481 2137 et
497 2093 703 2148 postremo,
724 2091 832 2145 Quid
852 2104 948 2131 nunc
968 2106 1004 2130 a·

348 2152 499 2212 gimus?
527 2154 587 2199 Et,
609 2147 823 2204 'Quidnunc
834 2147 1004 2203 agimus?

348 2206 786 2258 confiliumquaerentis
798 2203 862 2243 est.
899 2204 1007 2260 Qici

346 2281 445 2308 nunc
486 2264 658 2319 agimus?
666 2262 684 2317 ]
727 2260 920 2314 Languidi
954 2270 1007 2300 at-

345 2337 427 2378 que
447 2320 578 2361 defeffi
600 2318 664 2358 est.
718 2318 827 2412 ¹{yid
854 2330 951 2357 nunc
969 2331 1006 2356 a·

347 2379 520 2438 gimu52]
549 2375 626 2416 Vbi
645 2374 727 2415 esti
761 2372 811 2412 ud
824 2373 926 2425 quod
937 2374 1000 2422 ait,

347 2438 521 2478 Primum
551 2432 653 2472 aedes
679 2428 917 2485 expugnabo,
963 2439 1005 2469 et

347 2503 513 2532 caetera.
581 2487 658 2530 Sea
706 2487 795 2526 vani
833 2487 1005 2538 impetus

345 2550 459 2592 hunc
479 2547 625 2587 exitum
645 2542 793 2595 semper
803 2544 1005 2595 accipiunt.

348 2607 460 2662 Qin
485 2600 686 2647 redeamus]
728 2601 852 2657 Quin,
887 2598 1006 2638 modo

338 2665 444 2705 imo.
499 2663 613 2708 Non,
657 2656 838 2699 abeamus
866 2656 1009 2710 inquit,

1641 899 1709 946 45

1055 1026 1121 1068 sed
1147 1028 1354 1068 redeamus:
1382 1038 1422 1067 vt
1446 1028 1572 1067 irritos
1601 1039 1713 1066 cona·

1056 1095 1114 1123 tus
1136 1097 1213 1122 vno
1232 1083 1350 1123 verbo
1371 1083 1601 1123 ostenderet.
1631 1085 1684 1124 D.

1111 1141 1183 1178 Pro
1207 1139 1413 1187 redeamus,
1440 1141 1518 1192 leg.
1539 1140 1712 1179 redimus.

1055 1199 1158 1237 Nam
1182 1194 1232 1233 fic
1260 1195 1404 1247 legitur
1426 1196 1469 1234 in
1491 1196 1576 1234 cod.
1594 1194 1714 1235 Acad.

1056 1266 1078 1290 a
1104 1262 1221 1290 manu
1248 1252 1382 1302 prima.
1438 1254 1504 1300 Et,
1545 1254 1652 1304 quin,
1686 1249 1717 1290 fi

1056 1305 1289 1347 sententiam
1311 1305 1466 1345 inchoat
1479 1320 1490 1353 ;
1519 1303 1666 1357 semper
1676 1320 1717 1345 a·

1056 1362 1138 1415 pud
1165 1362 1355 1410 nostrum,
1388 1363 1605 1402 Iudicatiuo
1633 1363 1718 1410 iun·

1056 1420 1170 1472 gitur,
1193 1429 1244 1466 vt,
1273 1418 1380 1472 Qin
1398 1420 1519 1459 taces?
1539 1417 1641 1474 Qin
1658 1431 1717 1458 ac·

1055 1477 1173 1529 cipis?
1198 1474 1302 1529 Qin
1322 1475 1426 1517 abeo.
1485 1478 1528 1515 Β.

1108 1542 1162 1584 42
1189 1531 1335 1572 Credin'
1349 1531 1392 1584 2]
1421 1534 1480 1571 Ex
1498 1542 1606 1582 parte
1624 1542 1717 1569 con-

1054 1584 1188 1636 sentit,
1218 1590 1281 1639 qui
1299 1587 1349 1626 fic
1368 1588 1593 1641 interrogat.
1626 1588 1716 1626 Cre-

1055 1643 1183 1693 din’?]
1214 1644 1378 1689 Credere,
1404 1642 1614 1683 dubitantis
1636 1641 1716 1697 est:

1057 1701 1209 1740 Certum
1229 1699 1300 1752 effi,
1321 1698 1489 1739 fidentis.
1544 1703 1594 1741 D.

1107 1768 1159 1808 43
1195 1757 1269 1794 Vbi
1290 1755 1394 1803 nolit,
1417 1759 1571 1808 cupiunt
1589 1753 1712 1808 vltro]

1054 1812 1144 1852 Plus
1167 1812 1296 1851 intulit
1313 1810 1404 1864 spei,
1427 1825 1508 1850 non
1527 1824 1713 1850 reuocan-

1056 1868 1108 1907 do
1135 1867 1296 1907 verbum
1331 1867 1435 1919 quod
1470 1866 1714 1917 exspeetaba-

1055 1934 1126 1971 tur,
1146 1923 1220 1962 hoc
1245 1922 1319 1971 est,
1351 1924 1507 1962 volunt:
1535 1920 1599 1961 sed
1618 1923 1713 1975 cupi·

1054 1991 1135 2018 unt.
1193 1983 1298 2031 Ergo
1333 1980 1511 2018 variauit:
1551 1992 1633 2016 non
1671 1991 1711 2017 e·

1054 2036 1136 2074 nim
1155 2035 1296 2082 intuJit,
1318 2033 1458 2073 Volunt
1477 2033 1589 2074 vltra.
1645 2033 1713 2072 Be·

1052 2105 1096 2131 ne
1117 2092 1247 2145 putas]
1277 2093 1363 2131 Hoc
1381 2091 1445 2138 est,
1462 2090 1565 2129 recffe
1586 2099 1710 2141 putas,

1053 2146 1162 2200 sapiS‚
1191 2148 1254 2187 vel
1271 2148 1469 2201 intelligis.
1525 2146 1710 2198 Virgilius

1056 2206 1134 2257 (vr,
1156 2205 1287 2258 332),
1316 2204 1438 2243 Multa
1450 2215 1599 2256 putans,
1621 2202 1710 2254 sbr-

1056 2273 1199 2314 temque
1241 2262 1365 2301 animo
1404 2260 1595 2311 miseratus
1639 2260 1712 2298 ini-

1055 2331 1176 2370 quam.
1232 2317 1307 2356 Vel
1327 2318 1493 2356 coniicis.
1548 2316 1625 2356 Vel
1639 2327 1709 2367 pu·

1055 2387 1123 2421 tas,
1157 2370 1331 2424 disputas.
1383 2374 1458 2415 Vel
1481 2383 1612 2425 putas,
1646 2384 1709 2411 co·

1054 2431 1163 2485 gitas.
1219 2432 1270 2470 D.

1105 2485 1276 2535 Nolunt,
1301 2484 1366 2524 vbi
1392 2482 1496 2531 velis]
1528 2487 1629 2524 Acro
1658 2481 1707 2522 ad

1054 2541 1271 2584 Horatflib.
1292 2555 1339 2582 11.
1360 2541 1435 2582 Od.
1460 2553 1519 2582 12.
1576 2543 1617 2580 L.

1111 2610 1167 2652 44
1195 2599 1273 2638 Iam
1292 2599 1438 2637 dimitto
1458 2593 1708 2647 exerciturm]

1055 2655 1216 2698 Dimim‘
1247 2656 1430 2697 exercitus
1457 2652 1614 2699 dicitur,
1646 2651 1709 2688 vel

1609 2717 1709 2760 pace
