1815 3168
350 163 484 196 vax
589 143 864 193 VICTOR
900 145 987 188 DE
1025 142 1431 189 COMOEDIA.

352 272 507 318 τίςςοφος
530 263 716 306 membris
735 275 775 304 et
792 265 1003 304 carminum
1024 270 1171 316 'genere
1189 261 1362 314 quadrat.
1419 256 1559 302 Rursus
1583 261 1715 311 ἐπίρρη-

354 342 402 371 μα
421 323 687 372 rudet-unque
706 320 771 360 fibi
793 320 1037 359 conueniens
1057 319 1288 369 οὶυτεπίῤῥημοε
1306 316 1566 358 solethabere.
1608 318 1716 364 Quo-

356 383 462 420 niam
480 377 682 428 vtrobique
704 376 789 416 fere
809 375 959 427 semper
983 374 1121 413 chorus
1149 386 1199 412 ex
1220 372 1362 412 lambis
1390 382 1606 413 tetrametra
1635 370 1716 410 sex·

355 437 482 475 decim
502 434 768 481 motularelur,
801 443 923 471 totum
939 431 1014 469 hoc
1040 429 1150 469 fimul
1177 428 1307 476 χορικδν
1328 429 1564 480 appellatur,
1593 440 1717 478 quan-

355 493 407 532 do
426 490 668 532 Comoediae
694 499 841 540 partem
870 488 1045 525 volumus
1063 485 1270 537 assignare;
1305 491 1466 534 quatuor
1490 484 1596 525 enim
1618 481 1716 529 sunt,

356 548 538 588 videlicet
555 543 725 593 πρόλογος,
745 545 810 594 qui
830 542 878 581 ad
899 540 1089 596 egressum
1109 538 1224 591 vsque
1244 536 1348 578 chori
1374 550 1622 594 prorogatur:
1654 538 1717 578 de-

355 605 453 644 inde
476 604 626 649 χοςικόνε
657 612 696 639 et
713 598 818 650 quod
838 598 1100 649 interponitur
1120 595 1256 643 choris,
1287 594 1488 636 ἐπεισόδιονε
1521 595 1716 647 postremo

358 660 488 708 ἔξοδος,
520 671 620 709 quae
639 652 779 695 scilicet
800 670 822 693 a
840 653 955 692 choro
972 654 1013 691 in
1032 653 1138 692 calce
1162 650 1405 692 Comoediae
1432 653 1716 702 pronunciatur,

356 728 396 756 vt
414 715 549 756 Pollux
569 714 607 751 iu
627 723 761 763 quarto
779 708 957 760 scriptum
979 708 1145 760 reliquit.
1198 709 1252 747 Ea
1268 705 1388 759 igitur
1415 712 1622 753 παράβασις,
1654 721 1718 745 au-

357 774 462 814 &ore
490 771 691 810 Demetrio
720 766 936 814 Triennio,
966 777 1067 816 quae
1093 763 1214 802 nullas
1243 761 1376 802 harum
1407 772 1532 814 partes
1560 763 1713 810 omittit,

358 826 529 880 perfecta
556 822 648 864 solet
669 824 878 875 appellari:
908 821 1063 873 qualem
1079 817 1355 871 Aristophanes
1375 819 1413 856 in
1434 817 1634 869 Equitibus
1649 823 1674 859 F
1678 831 1717 857 a·

356 885 449 924 bula
473 881 738 920 concinnauit.
792 881 940 919 Verum
965 876 1182 928 complures
1212 873 1438 926 imperfecte
1462 887 1531 925 pro
1558 873 1717 912 arbitrio

356 942 562 981 Poetarum
591 932 828 975 inseruntur:
859 933 897 974 id
924 932 1027 984 quod
1053 932 1159 971 idem
1188 931 1231 970 in
1257 929 1420 970 Nebulis
1437 928 1581 972 Fabula
1609 927 1720 968 fecit:

355 996 420 1037 vbi
442 992 560 1034 solum
580 990 772 1047 ἐπιῖῤῥιίμοι,
801 988 906 1042 quod
923 985 1016 1028 esset
1035 989 1132 1027 vitiis
1152 986 1355 1037 carpendis
1373 985 1715 1034 accommodatum,

356 1051 532 1097 induxit,
567 1061 610 1088 ac
635 1050 679 1087 in
707 1047 820 1088 Ranis
847 1058 1008 1098 quatuor
1032 1045 1100 1083 illa
1127 1054 1277 1083 tantum
1309 1043 1515 1081 coniunfte
1542 1038 1720 1093 reposuit.

357 1107 435 1151 Sed
457 1105 551 1145 illud
571 1104 626 1144 est
646 1101 978 1144 animaduerlione
1005 1101 1188 1153 dignum,
1220 1097 1324 1151 quod
1356 1098 1521 1152 ἐπίῤῥημα
1551 1108 1589 1136 et
1614 1095 1720 1143 ςςοφιὶ

356 1165 435 1204 fiue
451 1171 566 1211 μέλος,
597 1160 753 1213 quando
772 1159 918 1198 nullam
939 1154 1243 1210 α’ντεπιῤῥιίματος,
1269 1165 1334 1194 aut
1352 1152 1535 1202 α’ντιςςόφε
1566 1153 1718 1192 reditio·

354 1230 449 1261 nem
468 1217 703 1269 exspectant,
734 1217 776 1256 in
793 1214 874 1255 fine
897 1210 1046 1264 semper
1065 1210 1211 1252 habent
1227 1209 1462 1261 παρέγραφον,
1483 1220 1523 1249 vt
1542 1221 1623 1247 non
1643 1204 1722 1250 effe

356 1274 583 1322 κατάσχισιν,
618 1272 657 1312 id
687 1271 761 1320 est,
802 1272 974 1310 obnoxie
1001 1268 1119 1322 polita
1148 1267 1370 1308 videantur:
1400 1263 1722 1317 quandoquidem

357 1330 457 1373 haec
481 1332 589 1369 linea
617 1325 826 1368 transuersa
850 1325 1073 1374 παράγραφος
1100 1320 1262 1370 scilicet,
1296 1323 1367 1361 tria
1393 1322 1478 1368 illa,
1505 1327 1607 1371 quae
1626 1318 1722 1358 dixi-

356 1398 453 1436 mus,
476 1388 578 1426 inter
603 1382 641 1423 se
662 1381 822 1423 discreta
843 1381 1030 1420 continuo
1050 1378 1204 1418 claudit.
1258 1378 1403 1418 Verum
1420 1375 1445 1415 fi
1463 1375 1630 1415 futuram
1657 1382 1723 1413 ex'-

356 1439 530 1496 speclant
553 1440 814 1484 reditionem,
845 1437 952 1484 ςροφῆ
971 1447 1051 1475 tum
1069 1435 1165 1474 haec
1186 1434 1308 1480 linea,
1340 1445 1428 1472 cum
1451 1445 1533 1471 non
1551 1429 1656 1471 secus
1675 1440 1721 1469 ac

359 1499 553 1552 ἐπίρῥημα,
588 1495 737 1535 duabus
766 1488 848 1533 aliis
877 1490 1129 1540 terminatur,
1160 1501 1319 1542 quarum
1346 1488 1569 1528 coeuntium
1597 1499 1723 1539 angu-

356 1557 416 1597 lus
443 1563 575 1607 vergat
594 1549 818 1592 introrsum:
841 1561 973 1590 contra
991 1562 1079 1589 vero
1097 1549 1294 1593 ἄντίςςοφος
1319 1544 1434 1584 lineis
1460 1543 1649 1583 clauditur
1667 1542 1722 1581 bi-

357 1613 440 1661 nis,
471 1620 632 1663 quarum
650 1604 859 1649 extrorsum
882 1606 1035 1656 vtrique
1064 1604 1200 1657 anguli
1223 1613 1405 1655 vergant,
1435 1599 1530 1639 hinc
1555 1598 1652 1639 inde
1679 1597 1722 1638 fi-

356 1669 451 1709 nale
472 1662 701 1712 membrum,
721 1673 878 1702 car-men
898 1660 1037 1700 scilicet
1056 1661 1233 1699 vltimum
1249 1658 1537 1708 ampleecentes.
1570 1658 1723 1696 Verum

357 1738 408 1766 ex
435 1722 482 1762 iis
516 1722 702 1766 duntaxat
726 1732 804 1758 vno
829 1715 922 1758 solet
949 1712 1179 1767 άντεπίρῥημοι
1210 1712 1403 1752 concludi.
1461 1714 1574 1763 Quae
1602 1711 1722 1763 plane

356 1780 465 1834 figna
493 1786 607 1831 prout
635 1775 766 1829 anguli
794 1772 873 1814 sese
891 1773 1057 1820 habent,
1088 1771 1151 1811 vel
1169 1769 1360 1817 futuram,
1392 1768 1453 1807 vel
1476 1768 1722 1818 praeteritam

355 1836 592 1876 reditionem
611 1832 833 1872 ostendunt.
890 1833 977 1870 Hoc
994 1828 1213 1869 Demetrius
1230 1826 1298 1865 ille
1313 1828 1349 1864 T
1351 1824 1526 1863 riclinius
1552 1819 1722 1861 scribens

353 1893 398 1933 in
416 1890 718 1942 Aristophanem
743 1886 986 1940 excogitauit.
1042 1878 1314 1925 Veruntamen
1331 1882 1434 1920 inter
1452 1890 1602 1922 cantus,
1627 1881 1724 1920 Poe-

356 1960 419 1988 tae
439 1957 725 1996 nonnunquam
752 1940 934 1996 personas
963 1940 1130 1980 educere
1150 1937 1294 1987 solent,
1330 1949 1490 1989 quarum
1515 1932 1721 1974 differtatio

355 2003 489 2048 σύςημκ
525 2001 616 2039 κειταὲ
654 2000 831 2046 περικοπιῖν
861 1998 1096 2051 appellatur:
1133 1994 1329 2035 interdum
1363 1991 1530 2032 versibus
1564 1991 1721 2030 alternis

357 2056 642 2100 contendentes
668 2057 816 2108 aliquot
841 2053 1049 2107 proferunt
1073 2051 1298 2098 histriones,
1330 2050 1393 2088 vel
1422 2048 1580 2088 chorum
1602 2047 1721 2088 etiam

359 2114 687 2167 respondentem:
718 2111 821 2163 quod
852 2108 1116 2162 Hephaestion
1144 2108 1296 2147 videtur
1321 2102 1552 2151 dnxoao'zqospov
1586 2102 1720 2154 appel-

358 2174 450 2213 lare.
508 2173 655 2211 Verum
673 2168 740 2207 has
763 2179 801 2207 et
820 2168 910 2206 alias
931 2165 1103 2205 consulto
1128 2161 1491 2216 praetermittendas
1518 2157 1595 2199 effe
1623 2158 1720 2199 arbi·

358 2240 441 2269 tror
460 2226 718 2279 quaestiones,
750 2238 851 2276 quae
867 2225 961 2263 mira
977 2224 1180 2262 Poetarum
1197 2219 1351 2258 licentia
1368 2219 1603 2271 gignuntur:
1631 2228 1721 2254 con·

358 2284 428 2326 stat
446 2284 552 2322 enim
570 2280 645 2321 illis
667 2281 767 2320 nihil
793 2293 962 2332 vnquam
987 2291 1068 2317 non
1096 2274 1334 2316 audendum.
1391 2273 1583 2324 Quocirca
1604 2271 1719 2310 nobis

356 2341 408 2380 de
426 2339 556 2382 Choro
577 2339 737 2377 certiora
755 2333 993 2383 conseStatiS‚
1025 2347 1095 2386 pro
1115 2332 1274 2372 materia
1290 2327 1374 2369 satis
1397 2328 1634 2380 abundeque
1663 2327 1720 2367 di-

357 2398 458 2436 &um
483 2392 560 2434 effe
585 2394 776 2441 videatur,
807 2390 1004 2444 quomodo
1032 2388 1255 2442 praesertim
1293 2389 1334 2425 in
1361 2388 1475 2426 Noua
1502 2383 1721 2427 Comoedia

357 2452 511 2495 Chorus
529 2451 675 2489 nullum
694 2449 856 2497 habeat,
888 2449 948 2486 vel
966 2445 1111 2485 habere
1129 2444 1301 2497 potuerit
1312 2444 1456 2481 locum.
1513 2440 1719 2491 Siquidem

354 2507 542 2556 Athenis,
573 2520 690 2558 quum
709 2506 840 2544 omnia
858 2504 1098 2556 potentiores
1119 2501 1166 2541 ad
1190 2499 1386 2539 arbitrium
1407 2495 1516 2536 suum
1535 2507 1720 2536 reuocare

355 2561 576 2614 coepissent,
596 2563 693 2600 nulli
710 2562 874 2613 amplius
895 2559 1120 2600 creabantur
1137 2556 1319 2598 Aediles:
1337 2553 1599 2606 ,perindeque
1624 2550 1720 2592 l'um·

355 2619 458 2662 tibus
482 2617 531 2661 ad
558 2618 720 2660 alendos
747 2618 937 2658 iuuenum
965 2614 1101 2656 choros
1120 2613 1299 2655 institutis
1319 2609 1483 2665 populus
1506 2609 1736 2705 abutilpgoa'x

1621 2678 1649 2704 u
1679 2677 1718 2707 e·
