1815 3168
348 160 437 208 372

719 139 893 187 ,ΑΕΤο
927 139 996 182 111.
1033 135 1227 180 SCEN.
1265 136 1320 183 Π.

484 269 615 320 PAR.
648 267 806 320 Video,
821 277 863 312 ct
880 281 949 311 me
960 263 1115 310 taedet.
1141 262 1217 310 vbi
1236 263 1314 316 viS‚
1328 261 1444 309 dona
1462 259 1613 307 adsunt
1632 257 1713 309 tibi

486 351 528 392 A
551 344 772 392 Phaedria.
811 339 909 388 Tu
924 354 970 387 R.
1002 337 1108 402 quid
1141 336 1332 384 stamus?
1367 353 1444 383 cur
1474 352 1567 383 non
1597 336 1712 380 imus

585 419 717 465 hinc?

489 497 528 547 P
544 511 571 540 A
590 508 630 539 R.
670 491 839 546 Quaeso
860 490 1006 537 hercle
1027 499 1073 537 vt
1092 488 1229 542 liceat,
1260 503 1366 553 pace
1389 485 1510 551 quod
1529 482 1603 532 fiat
1629 493 1716 537 tua,

491 577 610 619 Dare
633 571 733 615 huic
754 583 864 632 quae
886 566 1103 618 volumus,
1132 565 1369 614 conuenire
1390 574 1434 611 et
1452 561 1660 626 colloqui.

360 793 525 843 miserit,
557 792 712 832 biduum
739 800 886 830 tantum
904 785 1015 829 absu-

363 866 493 894 turum
502 848 738 890 Phaedriam.
777 846 907 902 Qid?
924 846 1017 885 hunc

361 923 437 950 non
464 905 617 957 videm]
657 904 697 943 Si
723 902 866 941 dixerit
889 901 1018 953 (sorte,

364 966 484 1015 dicat)
503 961 672 1007 militem,
704 957 823 997 laedit
842 956 1019 1008 'praesen-

365 1034 465 1061 tem:
498 1017 522 1055 fi
541 1018 708 1062 amicum,
736 1012 856 1051 laedit
874 1015 1020 1052 Parme·

367 1087 528 1117 nouem.
600 1070 705 1110 Mire
736 1069 852 1121 igitur
882 1080 1022 1119 prono-

370 1145 466 1172 men
487 1127 651 1167 inuenit.
709 1126 759 1163 D.

425 1181 670 1235 Beneftctsti]
697 1178 769 1222 ΜΓ.
788 1182 831 1219 R.
862 1179 958 1218 Bene
964 1175 1029 1230 pol

361 1241 504 1297 fl’cisti.
564 1243 605 1280 L.

426 1297 652 1338 Leffionem
671 1291 780 1331 codd.
802 1301 841 1330 et
852 1289 939 1330 edd.
963 1289 1028 1328 Be-

375 1368 419 1394 ne
432 1350 631 1406 polftcisti
650 1346 774 1388 versus
793 1361 874 1385 non
896 1345 1024 1384 admit-

374 1411 443 1458 tit,
476 1408 545 1447 nifi
573 1417 732 1458 quoque
758 1405 866 1457 legas
892 1400 1032 1453 ficsti:

373 1464 481 1518 quod
499 1463 552 1504 est
574 1462 722 1501 durum.
779 1463 822 1500 B.

435 1533 482 1562 11
520 1519 642 1565 Video,
664 1531 699 1556 et
718 1529 773 1555 me
786 1515 924 1569 taedet]
955 1515 1034 1566 Op-

375 1588 546 1631 portune
575 1578 765 1614 Panneuo
789 1570 926 1610 fatetur
954 1570 1034 1608 odi-

375 1648 448 1673 um
472 1631 622 1679 militis,
653 1640 692 1669 vt
711 1627 890 1667 retundat
914 1626 960 1666 ab
983 1639 1032 1665 eo

374 1692 503 1743 (Lege
522 1687 601 1734 vel,
630 1684 780 1737 repellat
802 1682 847 1722 ab
868 1695 933 1725 eo;
960 1682 1033 1731 vel,

377 1744 558 1785 retundat
576 1742 667 1781 adeo
675 1742 736 1793 Ζ.)
757 1752 927 1779 amorem
938 1737 1038 1778 Tha-

379 1801 467 1840 idis.
527 1797 600 1838 Vbi
619 1800 698 1845 vis,
725 1797 823 1835 dona
842 1794 976 1845 afflant
993 1797 1039 1833 ti-

381 1855 421 1896 hi
448 1870 470 1893 a
488 1854 691 1906 Phaedria]
720 1852 784 1892 Nil
810 1852 938 1903 potuit
963 1850 1040 1889 exi-

380 1909 510 1951 tiofius
529 1909 642 1948 militi
661 1908 901 1959 contingere,
924 1919 1040 1957 quam

379 1978 421 2007 vt
438 1966 626 2004 continuo
646 1963 773 2002 riualis
783 1962 953 2001 mitteret
961 1974 1041 1999 mu-

384 2035 470 2068 nus,
489 2032 528 2061 et
539 2019 741 2072 posterior,
758 2029 798 2057 et
810 2030 933 2056 coram
944 2013 1039 2068 ipso.

383 2079 495 2119 Dona
522 2077 655 2126 adsunt
682 2072 753 2114 tibi
780 2088 802 2112 a
833 2072 1040 2126 Phaedria]

385 2136 487 2177 Cum
513 2133 577 2171 illa
598 2129 662 2170 sub
683 2129 920 2183 pronomine
945 2129 1043 2167 cela-

383 2190 487 2230 uerit
519 2201 667 2228 nomen
700 2186 852 2231 militis,
883 2197 932 2223 ex
962 2194 1043 2223 arte

384 2248 578 2286 Parmeno
597 2240 873 2297 pronunciauit
891 2240 1042 2280 aPhae-

386 2303 482 2342 dria.
539 2304 589 2342 D.

446 2370 496 2400 12
566 2353 823 2408 uidstamus?]
851 2350 1043 2409 Qidsta-

385 2428 475 2460 mus,
496 2413 544 2451 ad
563 2425 709 2451 moram
722 2409 894 2450 refertur.
941 2408 1046 2462 Qtt'd

378 2469 572 2522 stamus?]
603 2468 674 2507 His
704 2467 830 2506 verbis
853 2465 966 2504 miles
986 2464 1044 2503 in-

385 2524 500 2564 sulsus
527 2524 661 2563 dolere
685 2520 724 2561 se
751 2522 906 2560 indicat.
965 2520 1044 2561 Cur

385 2596 460 2621 non
481 2584 575 2621 imus
595 2579 734 2633 hinc?]
760 2578 838 2619 Vbi
857 2574 1043 2618 sei-unsri-

383 2638 479 2679 nans
499 2636 555 2679 est
565 2638 774 2677 Parmeno.
829 2635 878 2676 D.

1654 649 1716 698 15

1118 785 1225 844 Quid
1242 782 1438 840 stamus?]
1468 781 1611 831 Miles,
1651 793 1724 832 po·

1066 843 1260 895 steaquam
1281 842 1408 881 riualis
1430 839 1582 880 seruum
1614 835 1723 876 videt

1068 898 1207 939 afferre
1233 899 1356 947 dona,
1387 904 1567 950 properat
1592 902 1631 931 vt
1656 888 1728 930 dis-

1070 955 1181 995 cedat
1196 954 1381 994 meietrix
1392 983 1402 1002 ,
1432 965 1486 992 ne
1505 959 1661 1003 cogatur
1678 959 1726 988 ea

1069 1013 1258 1061 accipere.
1314 1014 1359 1051 E.

1131 1079 1178 1120 13
1210 1067 1304 1105 Pace
1323 1064 1423 1118 quod
1440 1061 1516 1115 fiat
1543 1061 1629 1115 tua]
1657 1060 1729 1100 Pa-

1074 1134 1131 1170 ce,
1162 1133 1226 1160 aut
1253 1123 1391 1174 gratia,
1419 1130 1484 1158 aut
1512 1119 1731 1157 voluntate:

1075 1189 1114 1217 et
1140 1176 1244 1217 deest
1270 1188 1359 1215 cum.
1416 1180 1466 1216 Et
1504 1173 1553 1212 fic
1577 1174 1730 1212 locutus

1078 1232 1143 1280 est,
1171 1232 1274 1284 quasi
1293 1231 1440 1271 bellum
1458 1230 1516 1269 his
1536 1228 1661 1269 verbis
1689 1241 1734 1266 o-

1077 1289 1230 1328 mnibus
1257 1287 1452 1327 indixerit.
1513 1285 1607 1327 Pace
1630 1282 1735 1337 quod

1071 1344 1147 1397 fiat
1174 1358 1260 1392 tua,
1291 1345 1380 1383 dare
1406 1342 1491 1381 huic
1514 1352 1606 1393 quae
1629 1340 1734 1378 volu-

1078 1415 1171 1448 mus,
1192 1402 1382 1441 conumire
1401 1410 1437 1437 et
1449 1395 1622 1449 colloqui]
1644 1397 1736 1434 Pro-

1080 1459 1185 1510 prie:
1218 1457 1310 1509 quia
1321 1468 1412 1508 pax,
1439 1453 1554 1502 datio,
1580 1452 1738 1496 deditio,

1082 1515 1290 1562 conuena‘o,
1317 1511 1542 1564 colloquium,
1571 1507 1738 1546 militiae

1082 1569 1200 1610 verba
1218 1567 1325 1608 sunt:
1359 1561 1656 1606 etinuidiosefic
1666 1563 1736 1610 ait,

1084 1625 1185 1678 quast
1211 1638 1282 1677 pei·
1312 1636 1403 1663 eum
1441 1635 1526 1661 non
1562 1620 1740 1671 accipere

1083 1684 1197 1722 liceat
1228 1679 1432 1722 Thaidem.
1497 1680 1545 1717 Et
1576 1675 1625 1715 fic
1651 1688 1742 1727 pro-

1085 1737 1351 1777 nunciandum
1363 1767 1373 1786 ‚
1391 1752 1394 1767 ι
1416 1743 1454 1773 vt
1496 1731 1743 1772 subaudiatur

1085 1795 1166 1834 vel:
1191 1805 1231 1833 vt
1250 1792 1311 1842 fit,
1345 1792 1407 1830 vel
1426 1790 1538 1837 dare,
1566 1788 1629 1827 vel
1648 1799 1742 1825 con-

1087 1851 1238 1889 uenire.
1273 1845 1529 1898 Pit-colloqui:
1572 1853 1611 1882 vt
1638 1843 1742 1882 inter

1086 1905 1215 1945 hostes
1247 1901 1355 1943 solet.
1403 1899 1596 1942 Sallustius
1621 1901 1744 1950 (vter-

1085 1974 1164 2013 que
1190 1961 1295 2000 locus
1333 1960 1375 1997 in
1404 1957 1592 2009 Fragm.):
1639 1953 1746 2010 Qae

1087 2018 1192 2069 pac'ta
1222 2019 1262 2055 in
1288 2014 1524 2055 conuentione
1550 2023 1624 2049 uon
1634 2022 1745 2064 prae-

1080 2071 1262 2126 stitiffiwt,
1318 2074 1368 2111 Et
1395 2068 1506 2117 alibi,
1546 2067 1661 2106 Cuius
1694 2066 1746 2106 ad

1089 2129 1202 2168 verba
1221 2126 1422 2175 voluntate,
1449 2123 1627 2176 colloquio
1645 2124 1746 2163 mili-

1091 2183 1189 2225 tibus
1203 2183 1390 2236 promssm
1419 2181 1612 2232 corruptio
1630 2179 1745 2231 fizc‘la

1085 2253 1295 2295 paucorum,
1318 2253 1354 2279 et
1362 2239 1543 2277 exercitus
1554 2235 1672 2288 Syllae
1683 2236 1747 2276 da·
1808 2247 1810 2294 ξ

1091 2310 1153 2338 tus
1173 2295 1232 2347 est.
1289 2298 1326 2336 D

1145 2351 1289 2405 qufo
1314 2350 1429 2391 hercle
1456 2363 1500 2389 vt
1520 2349 1646 2404 liceat]
1676 2349 1747 2388 Be.
1808 2348 1810 2398 f

1092 2422 1146 2448 ne
1171 2420 1353 2459 tanquam
1380 2420 1465 2445 cum
1491 2405 1637 2455 milite,
1657 2416 1749 2458 pace
1808 2410 1811 2452 j

1091 2464 1192 2518 quod
1197 2463 1271 2515 ficit
1291 2476 1368 2502 tua.
1423 2465 1466 2503 E.

1151 2532 1201 2574 14
1229 2520 1336 2559 Dare
1347 2519 1435 2557 huic
1452 2530 1542 2570 quae
1555 2515 1746 2570 volumus]
1808 2519 1811 2533 ³

1091 2578 1200 2617 Haec
1217 2575 1366 2628 singula
1382 2587 1469 2614 cum
1487 2573 1635 2613 inuidia
1658 2586 1748 2624 pro·
1808 2574 1810 2609 Q

1092 2632 1313 2678 nuncianda
1334 2629 1430 2671 sunt.

1641 2682 1749 2723 eollo-2

1488 2631 1692 2672 conuenire
1712 2641 1748 2665 er
1809 2636 1810 2677 i
