1815 3168
534 122 1075 170 ‚HEAVTONTIM

1389 127 1487 187 679

251 250 337 300 Sed
360 250 430 298 hic
451 249 622 297 adiutor
647 266 784 303 meus,
808 259 852 296 et
880 239 1089 303 monitor,
1115 258 1157 296 et
1167 250 1484 315 praemonstra-

348 337 418 373 tor
442 326 652 372 Chremes

247 403 352 449 Hoc
382 400 492 447 mihi
523 398 720 465 praestat.
771 403 824 446 In
857 391 928 446 me
950 399 1125 464 quiduis
1147 400 1305 447 harum
1326 419 1477 451 rerum

343 478 565 528 conuenit,

244 554 372 618 Quae
392 550 490 597 sunt:
511 547 625 597 dista
646 552 693 596 in
717 547 906 603 stultum,
936 550 1112 604 caudex,
1143 549 1286 617 stipes,
1319 551 1474 608 asinus,

339 625 576 690 plumbeus
590 645 599 672 ε

176 718 201 765 5
241 704 295 748 In
315 701 440 749 illum
463 700 573 747 nihil
594 698 758 765 potest:
800 699 1022 765 exsuperat
1044 703 1135 748 eius
1169 698 1343 750 stultitia
1364 702 1470 752 haee

339 777 500 823 omnia.

238 846 347 900 CH.
385 851 500 902 Ohe,
532 852 618 899 iam
649 836 793 899 desine
827 848 931 900 deos
965 869 1074 901 vxor
1103 852 1361 915 gratulando
1393 851 1470 901 ob·

334 925 535 977 tundere,

96 1151 247 1183 centur.
302 1145 493 1196 Denique
501 1143 548 1185 fic
561 1143 754 1186 sumfit'ex-

96 1200 251 1241 ordinm
268 1214 289 1239 a
307 1200 467 1251 persona
491 1198 555 1241 sua
578 1213 617 1242 et
632 1201 753 1244 Chre-

92 1257 232 1296 metis:
263 1257 343 1311 Ego
369 1271 424 1296 me
451 1270 523 1297 non
555 1271 634 1298 tam
661 1257 753 1311 astu-

92 1325 194 1352 tum:
221 1311 297 1351 hoe
316 1311 372 1352 est
386 1324 539 1352 acutum
547 1325 586 1354 et
597 1312 752 1367 perspe-

87 1369 234 1408 &orem
251 1381 391 1408 rerum.
444 1372 487 1409 E.

146 1425 210 1464 Ita
234 1423 474 1478 perspicacem
497 1424 576 1478 qssb]
627 1428 676 1469 V.
702 1427 750 1468 C.

88 1480 300 1532 tampersp.
326 1482 369 1520 in
400 1481 623 1533 eodemque
647 1481 748 1522 libro

86 1535 153 1588 effi’
171 1535 415 1576 defideratur.
472 1540 513 1576 L.

141 1596 216 1634 Pro
255 1605 354 1632 certo
389 1592 589 1634 Bentleius
623 1593 752 1634 edidit

84 1648 138 1688 id.
193 1650 235 1689 Z.

146 1716 174 1747 2
202 1704 385 1758 Adiutor]
425 1706 526 1747 Cum
553 1703 624 1744 risu
651 1705 747 1747 haec

83 1760 406 1813 pronuncianda:
432 1772 472 1799 et
490 1761 640 1801 adiutor
660 1776 746 1814 pro-

82 1817 171 1868 prie
187 1818 229 1856 in
249 1830 292 1857 re
310 1816 425 1864 bona,
446 1818 621 1870 impulfhr
647 1820 689 1858 in
702 1832 746 1858 re

83 1873 198 1914 mala„
254 1873 300 1914 C.

118 1940 143 1981 3
155 1927 236 1967 Hoc
247 1926 341 1968 mihi
352 1925 529 1981 praestat}
539 1930 583 1968 In
594 1927 670 1968 hoc
678 1941 744 1969 me
782 1929 785 1932 ’

80 1984 305 2025 antecedit..
345 1987 450 2025 SET
480 1995 569 2025 Hic.
602 1985 622 2006 ¹*
647 1998 738 2025 rrA-

78 2051 184 2081 ΡΑιΤ
216 2049 477 2081 PocAOYeTA
503 2072 512 2080 .
542 2071 552 2081 .
588 2072 597 2081 .
625 2043 741 2094 ponis

78 2110 171 2136 eum
190 2097 319 2136 trastat
336 2096 427 2148 (Sed
440 2095 509 2135 hoc
528 2096 622 2144 πικροὶ
643 2114 739 2145 προσ-

76 2157 189 2192 δοκίαν
217 2152 354 2205 άὶξίιιηι
383 2151 443 2203 est.
511 2151 614 2193 Nam
633 2166 742 2208 prae-

72 2211 179 2263 ponit
186 2207 263 2261 fibi
273 2212 372 2255 eum‚'
388 2207 509 2248 trahit
520 2222 653 2249 autem.
678 2208 741 2252 Cf.

73 2261 169 2304 vers.
183 2260 230 2316 ς.
257 2265 318 2317 Ζ.)
345 2264 387 2304 iu
405 2261 445 2305 se
454 2265 573 2306 multa
583 2266 742 2306 maledi-

75 2320 147 2361 ἃᾶ.
204 2323 248 2360 Ε.

128 2375 296 2431 Qidm‘s
328 2375 461 2417 harum
494 2374 636 2431 rerum]
686 2381 736 2420 V.

73 2434 122 2477 C.
147 2432 251 2487 quod
267 2431 397 2472 harum
414 2445 537 2473 rerum
556 2436 626 2472 vis.
652 2437 695 2478 L,

126 2503 155 2541 4
187 2487 359 2537 Caudex,
387 2488 520 2544 stipes]
551 2489 622 2529 Ista
641 2489 740 2529 iniu-

64 2543 169 2588 siose
216 2543 396 2584 dicuntur
433 2545 476 2583 in
510 2544 664 2586 stultum
698 2555 739 2586 et

70 2600 307 2642 hebetioris·
323 2601 479 2654 ingenii
517 2601 734 2653 hominem,

1314 1008 1467 1055 Tuam

800 1146 1133 1199 quemadmodum
1148 1146 1347 1201 ignauum,
1368 1145 1466 1198 lapi·

802 1205 880 1243 dem
897 1204 1145 1256 appellamus.
1201 1202 1394 1254 Quamuis
1413 1211 1466 1240 ta-

801 1272 895 1299 men
923 1260 1032 1299 idem
1056 1258 1119 1300 fit:
1160 1255 1225 1298 sed
1264 1271 1347 1297 nou
1374 1257 1464 1310 plus

801 1316 868 1356 est.
926 1316 975 1356 C.

857 1372 1022 1418 Caudex,
1042 1369 1156 1422 stipes
1181 1367 1275 1422 iffa]
1308 1367 1463 1409 Caudex

800 1426 853 1467 est
875 1439 1030 1467 truncus
1051 1426 1205 1472 arb0r1s,
1224 1421 1408 1464 conuersa
1423 1427 1463 1465 O

798 1484 841 1522 in
871 1497 966 1528 AV,
995 1482 1036 1522 fit
1066 1494 1136 1533 pro
1167 1481 1282 1519 codex
1299 1480 1462 1533 ‘cauden

797 1538 890 1579 ficut
926 1551 997 1591 pro
1027 1551 1105 1577 cote
1143 1539 1275 1576 cautis.
1339 1535 1462 1587 Stipes

796 1595 966 1634 fimiliter
997 1594 1231 1643 estffitruncus
1254 1591 1461 1631 cuiuslibet

797 1651 907 1704 ligni,
929 1660 969 1690 et
988 1650 1203 1688 declinatur
1221 1647 1334 1700 stipes
1351 1647 1460 1700 stipi-

795 1711 855 1746 tis,
892 1706 1032 1758 ‘Stipes
1049 1719 1140 1744 vero
1151 1705 1260 1757 stipis
1271 1703 1326 1742 est
1347 1715 1460 1755 prae-

794 1762 926 1803 benda
943 1763 1121 1801 militum.
1180 1764 1288 1801 Haec
1305 1758 1458 1812 fingula

795 1817 1091 1871 pronuncianda
1108 1814 1194 1855 sunt
1204 1830 1275 1868 pei·
1286 1820 1454 1864 ιἰςεῑσμον,

793 1885 833 1915 vt
849 1875 950 1913 stulti
967 1875 1021 1912 vis
1041 1873 1206 1924 exprimi
1228 1871 1348 1923 poffit.
1377 1874 1423 1911 E.

848 1934 920 1970 Pro
931 1930 1027 1969 dic'ta
1038 1941 1189 1981 repone
1201 1929 1317 1968 diane
1329 1940 1337 1965 τ
1351 1937 1455 1978 quae

791 1986 907 2028 levain
934 1984 1143 2037 postulatur
1168 1999 1189 2024 a
1214 1982 1452 2035 praeceden-

790 2053 830 2082 te
858 2055 1000 2090 rerum,
1035 2052 1072 2080 et
1093 2038 1338 2079 confirmatur
1356 2038 1453 2078 duo-

791 2097 861 2138 bus
879 2098 990 2138 codd.
1011 2096 1193 2148 antiquis.
1252 2096 1293 2136 Β.

841 2167 866 2208 5
909 2156 957 2194 In
988 2153 1087 2192 illum
1120 2147 1235 2196 nihil]
1272 2152 1359 2190 Hoc
1391 2147 1449 2189 est

791 2209 895 2264 quod
924 2208 1035 2262 supra
1068 2208 1168 2257 dixi,
1206 2217 1338 2246 contra
1371 2207 1455 2258 opi-

791 2268 955 2306 nionem
983 2265 1146 2304 didam:
1178 2277 1268 2302 nam
1293 2263 1448 2312 adiecit,

764 2324 767 2328 “
788 2320 999 2376 Exficperat
1009 2321 1176 2373 stultitia
1215 2321 1292 2358 eius
1310 2318 1395 2358 haec
1416 2331 1454 2357 0-

787 2381 899 2418 mm'a.
956 2381 1003 2419 Ε.

845 2437 871 2477 6
903 2434 998 2473 Ohe!
1058 2431 1278 2472 Interieffio
1297 2429 1364 2475 est,
1398 2427 1453 2469 sa·

785 2490 956 2531 tietatem
974 2504 993 2528 v
1013 2502 1090 2541 que
1108 2488 1153 2528 ad
1173 2485 1366 2527 fastidium
1379 2487 1446 2526 de-

786 2546 953 2600 fignans.
1020 2543 1254 2597 Obtundere]
1306 2541 1448 2582 Obtun-

785 2603 863 2654 dit,
893 2603 961 2654 qui
986 2599 1102 2655 saepe
1129 2597 1347 2654 repetendo
1382 2598 1452 2637 ali-

896 2661 931 2703 V
945 2672 967 2699 v
993 2670 1028 2712 4>
1354 2653 1453 2706 quid
