1815 3168
653 178 948 224 ANDRIA.

1388 194 1476 243 143

253 307 344 361 Qui
376 301 673 352 comesturam
702 306 814 350 hanc
842 321 962 351 nunc
992 304 1119 351 facio.
1163 307 1252 352 iam
1281 309 1480 372 primum

348 381 454 426 haec
477 379 516 425 se
538 396 561 425 e
581 376 811 443 Pamphilo

254 456 496 503 Grauidam
530 455 634 500 dixit
671 451 776 501 effe:
820 449 1104 501 inuentum’st
1138 454 1304 504 falsum.
1345 474 1480 511 nunc,

349 529 578 595 postquam
600 529 718 576 videt

249 607 444 669 Nuptias
467 605 587 651 domi
606 605 819 669 apparari,
850 599 981 650 miffa'
985 603 1019 651 st
1043 606 1195 652 ancilla
1216 606 1332 654 illico

158 698 217 746 35
256 679 542 728 Obstetricem
566 677 806 727 arceffitum
827 679 881 726 ad
912 696 1034 733 eam,
1081 693 1124 727 et
1142 698 1335 746 puerum
1354 693 1401 730 vt
1423 682 1480 730 af»

348 756 482 804 ferret
512 754 650 802 fimul.

251 830 350 879 DA
367 844 416 877 v.
454 833 558 877 Hoc
590 827 668 876 nifi
688 827 761 883 fit,
796 847 989 896 puerum
1022 842 1069 880 vt
1091 841 1139 879 tu
1163 831 1333 882 videae,
1367 833 1481 880 nihil

350 917 588 952 mouentur
617 909 797 970 nuptiae
813 925 822 952 :

253 978 332 1028 Sl.
371 981 494 1035 Quid
515 977 609 1032 ais?
644 997 746 1027 cum
769 982 1055 1036 intellexeras,

253 1055 306 1107 Id
338 1054 501 1103 consilii
535 1072 718 1121 capere,
752 1074 829 1103 cur
860 1074 954 1105 non
984 1058 1092 1105 dixti
1121 1059 1339 1127 extemplo
1362 1063 1483 1107 Pam-

349 1127 509 1197 phsso?

122 1337 174 1377 Et
191 1331 253 1372 hic
269 1331 439 1372 {imiliter
460 1330 562 1384 quast
589 1346 675 1374 reus
693 1331 778 1373 effi-

124 1392 221 1430 citur
256 1389 540 1442 negligentiae.
607 1393 659 1430 At
702 1388 777 1428 hoc

123 1445 433 1485 conieffixraliter
444 1443 641 1492 refutatur,
662 1454 702 1483 et
712 1446 779 1483 vti·

126 1513 185 1541 tur
211 1500 458 1546 testimoniis,
488 1499 571 1551 post
599 1499 641 1538 fit
667 1513 780 1554 asgu-

123 1567 301 1598 mentum
328 1570 350 1595 a
377 1553 562 1609 persona,
592 1555 696 1606 quod
715 1556 783 1597 ille

123 1613 179 1654 est
198 1611 310 1658 filius,
327 1612 395 1650 ille
414 1609 552 1658 seruuS,
573 1622 610 1649 vt
626 1610 678 1650 de
696 1611 781 1650 red-

123 1668 296 1708 hibendo
335 1666 454 1706 fidem
490 1665 570 1704 filio
596 1666 694 1704 nihil
724 1679 780 1705 re-

123 1725 220 1764 stare
238 1732 423 1771 autumet,
448 1721 519 1761 nifi
539 1731 576 1761 vt
594 1720 779 1762 Chreme-

125 1791 205 1820 tem
225 1789 320 1818 oret.
373 1781 416 1819 E.

175 1834 383 1882 Bentleius,
401 1834 590 1881 Dacieria,
621 1833 781 1887 Sandby

122 1902 164 1930 et
186 1891 250 1930 alii
274 1889 399 1939 verba,
419 1889 534 1928 multa
554 1902 781 1929 concurrunt

122 1970 178 1979 ·—
206 1959 400 1986 mouentur
418 1948 579 1998 nuptiae,
609 1946 781 1985 tribuunt

122 2005 246 2044 Dauo.
280 2002 406 2042 Refie.
464 2005 563 2043 Nam
588 2015 688 2054 quae
716 2001 781 2041 hic

123 2058 324 2106 dicuntur,
357 2058 509 2099 Simoni
536 2071 616 2097 non
637 2071 781 2098 conue-

123 2116 257 2164 niunt,
306 2124 346 2152 et
380 2129 402 2153 a
437 2124 619 2153 contextu
647 2114 783 2154 abhor-

125 2181 222 2211 rent.
280 2168 325 2209 Z.

178 2239 233 2280 32
268 2227 350 2266 Iam
377 2227 542 2278 primum
576 2225 663 2266 haec
690 2227 734 2278 fi
764 2242 783 2266 e

126 2281 316 2336 Pamphilo
344 2282 540 2337 grauidam
568 2282 670 2323 dixit
695 2283 784 2335 ‘’ff’‘

125 2342 312 2379 inuentum
342 2337 392 2390 est
418 2337 590 2393 falfizm]
640 2341 783 2380 Secun-

126 2395 218 2433 dum
239 2393 344 2447 quod
363 2393 485 2433 exedit
511 2392 641 2435 senex.
693 2398 783 2436 Eta

128 2447 272 2490 summo
300 2449 376 2489 ad
365 2462 505 2499 mmm,
520 2461 578 2490 et
597 2463 645 2492 ex
665 2451 781 2502 saetis,

128 2516 169 2544 et
188 2519 236 2544 ex
257 2506 376 2554 dietis,
399 2515 437 2544 et
458 2519 508 2544 ex
530 2506 642 2547 rebus
669 2519 786 2559 atque

128 2559 419 2614 pe1s0111ssumit
438 2574 678 2615 argumenta.
707 2567 757 2605 D.

184 2617 261 2656 Iam
276 2620 436 2670 primum
456 2617 559 2676 haec]
591 2618 675 2665 Mss'.
704 2622 786 2663 lam

126 2675 234 2728 prius
260 2673 361 2713 haec.
411 2675 451 2714 L

1330 1213 1485 1262 Dnv.

881 1346 937 1389 34
974 1333 1170 1388 Postquam
1203 1335 1307 1375 videt
1333 1338 1486 1388 nuptias

827 1391 925 1430 domi
946 1394 1128 1444 apparari.
1165 1391 1375 1444 Eleganter
1391 1391 1486 1430 orni·

828 1445 893 1494 fit,
920 1447 963 1486 in
992 1447 1097 1485 cuius
1117 1446 1248 1486 domo.
1305 1447 1418 1499 Mtfflz
1438 1445 1487 1498 est

828 1501 960 1542 ancilla
979 1501 1098 1571 illico]
1130 1501 1248 1552 Quod
1267 1504 1403 1542 Graeci
1430 1503 1488 1541 di·

830 1568 925 1597 cunt
942 1555 1084 1596 αὖα-σθεν
1104 1562 1260 1604 ἐπέμφθη
1312 1560 1411 1598 Nam
1432 1559 1489 1597 lo-

830 1614 866 1653 ci
881 1612 1100 1666 significatio
1122 1612 1196 1662 est,
1225 1614 1343 1654 etiam
1360 1614 1488 1654 breui.

831 1680 950 1709 tatem
967 1668 1150 1719 temporis
1169 1679 1320 1709 notans
1373 1673 1422 1710 D.

883 1725 938 1778 36
968 1724 1083 1764 Nihil
1101 1737 1299 1764 mouentur
1319 1724 1489 1781 nuptiae]

829 1783 922 1821 Non
986 1779 1258 1831 per··tu1bantm
1312 1783 1487 1832 nuptiae.

829 1836 1047 1884 Mouentur,
1066 1834 1307 1876 diffe1··.untm
1361 1838 1411 1877 D.

880 1896 986 1945 Lege
1008 1893 1093 1933 Hoc
1120 1895 1162 1932 ni
1169 1892 1250 1944 'fit,
1279 1906 1320 1932 tu
1334 1903 1488 1947 puerum

829 1962 873 1989 vt
893 1949 1030 1988 videas.
1087 1951 1128 1989 B.

884 2015 938 2059 37
966 2004 1074 2059 Qid
1088 2006 1168 2044 ais?
1200 2017 1276 2043 cum
1302 2003 1488 2044 intellexe-

830 2074 893 2100 ras
912 2061 952 2099 id
968 2060 1112 2111 confilii
1138 2062 1279 2114 capere]
1321 2063 1489 2112 Quaqua

831 2115 870 2157 se
885 2127 1051 2156 v··e1te1et
1067 2120 1222 2163 DauuS‚
1254 2116 1443 2155 obuium
1434 2130 1490 2155 m—

829 2172 1066 2224 festumque
1056 2172 1208 2211 muenit
1216 2169 1369 2211 senem:
1391 2183 1428 2211 et
1439 2184 1491 2212 ι

831 2242 924 2268 men
936 2230 987 2268 ita
998 2226 1166 2268 versute
1157 2227 1366 2278 1tobuiam,
1388 2239 1424 2268 vt
1435 2240 1490 2268 et-

832 2286 909 2325 iam
920 2281 1217 2336 comprehensus
1228 2283 1410 2323 elabatur.
1438 2288 1488 2326 D.

887 2344 942 2381 Vt
968 2339 1011 2379 fit
1026 2341 1207 2382 Dimetex·
1226 2339 1412 2379 iambicus
1440 2344 1492 2381 A·

833 2396 1043 2445 cataleffixs,
1061 2397 1161 2449 lege,
1189 2395 1297 2452 Qid
1313 2398 1401 2438 ais?
1428 2397 1492 2435 vbi

833 2452 1074 2494 intellexeras.
1132 2455 1172 2492 B.

891 2515 941 2562 38
968 2508 1255 2551 CumTerentii
1266 2519 1364 2546 aeuo
1377 2506 1490 2547 etdiu

836 2565 918 2618 post
929 2565 1065 2617 Confili
1098 2563 1295 2603 dicerent:
1317 2564 1411 2617 lego
1429 2563 1493 2602 hic

835 2621 1028 2672 confilium.
1048 2622 1110 2660 Sic
1122 2618 1268 2658 habent
1278 2632 1412 2659 omnes
1426 2633 1495 2658 no-

834 2677 898 2720 stri
917 2676 1026 2717 codd.
1046 2687 1196 2728 praeter
1212 2689 1342 2715 vnum.
1395 2679 1438 2715 B.
