1815 3168
278 109 377 155 ⁶66

674 103 831 149 ACT.
870 101 950 146 IV.
980 98 1176 145 SCEN.
1208 97 1263 144 V.

410 232 442 282 S
460 251 509 279 Y.
547 232 664 278 Fiat:
702 237 932 294 quaeratur
955 225 1086 272 aliud.
1126 224 1197 271 sed
1217 222 1326 271 illud
1350 222 1471 287 quod
1490 222 1570 273 tibi

413 310 517 357 Dixi
539 308 592 354 de
613 317 809 366 argento,
836 302 956 366 quod
977 300 1050 347 ista
1070 299 1198 347 debet
1221 294 1435 352 Bacchidi,

412 384 466 433 ld
491 400 608 430 nunc
629 372 952 428 reddendum'st
974 376 1056 422 illi:
1092 391 1236 438 neque
1256 385 1304 421 tu
1329 374 1484 421 scilicet

307 474 378 522 45
417 463 483 508 Eo
495 475 612 505 nunc
626 456 866 515 confugies,
880 451 1001 506 Quid
1017 451 1146 497 mea?
1168 466 1277 496 num
1290 449 1400 496 mihi
1414 436 1646 499 datum¹st?

411 539 538 583 Num
559 531 651 579 iuffi
664 534 686 577 ?
727 546 837 577 num
857 527 929 574 illa
948 528 1240 592 oppignerare
1261 523 1392 571 filiam

408 613 560 657 Meam
584 624 654 653 me
675 607 816 652 inuito
841 601 1017 669 potuit?
1052 617 1221 653 verum,
1234 598 1341 646 illud
1365 599 1569 654 Chreme,

410 688 592 735 Dicunt,
614 685 679 730 ius
704 681 922 729 summum
944 677 1068 744 saepe
1087 676 1253 724 summa
1275 673 1334 722 est
1353 675 1529 723 malitia.

330 919 384 960 42
418 905 533 946 Fiat:
572 912 779 956 quaeratur
806 897 932 952 aliud]

271 965 414 1008 'Astute
443 972 483 1000 et
502 958 658 1006 callide,
687 959 728 996 in
752 955 935 996 omnibus

274 1019 478 1061 affeutitur
509 1015 624 1054 hero:
654 1014 744 1064 quia
774 1013 849 1050 iam
879 1011 934 1050 le-

274 1075 390 1118 nibus
402 1071 526 1113 verbis
543 1067 789 1122 extorquebit
800 1078 936 1120 algen·

276 1145 372 1174 tum.
426 1129 474 1169 C.

327 1186 442 1240 Qud
477 1181 547 1223 tibi
577 1181 660 1222 dixi
687 1180 731 1220 de
756 1177 932 1236 argento]

272 1242 396 1294 Quod
427 1238 535 1293 supra
563 1252 635 1277 nos
665 1237 853 1285 diximus,
894 1245 936 1275 vt

270 1309 440 1340 euentus
458 1296 638 1347 impleret
648 1293 857 1340 confilium,
870 1290 936 1330 hic

273 1367 384 1396 nunc
403 1350 577 1391 conficit:
605 1349 793 1402 fiquidem
803 1346 934 1401 postea

271 1411 407 1465 puella
431 1408 590 1461 cognita
602 1406 666 1454 est,
689 1418 757 1457 pro
772 1417 846 1456 qua
856 1404 932 1443 iam

269 1467 432 1508 debitor
442 1463 629 1507 Chremes
640 1461 757 1501 fa&us
769 1460 833 1508 est,
845 1473 934 1499 cum

272 1522 423 1563 constet
451 1529 544 1560 earn*
555 1517 752 1558 arrabonis
765 1516 934 1555 nomine

272 1579 377 1633 apud
390 1575 631 1617 meretricem
641 1574 875 1613 collocatam.
890 1574 932 1612 E.

329 1646 384 1689 45
422 1633 477 1672 Eo
516 1644 611 1672 nunc
640 1627 850 1683 conficgies]
889 1627 934 1669 1d

273 1691 341 1739 est,
360 1689 409 1729 ad
427 1687 605 1735 rationes,
626 1698 717 1737 quas
727 1685 848 1724 statim
862 1683 934 1723 cal-

270 1747 354 1788 lide
389 1744 550 1785 subiicit.
613 1744 762 1795 Magna
797 1740 853 1779 vis
880 1754 902 1780 e

269 1799 524 1858 persuasionis
547 1812 556 1837 ε
612 1798 799 1850 quoniam
847 1809 929 1836 nou

267 1861 375 1913 prius
419 1866 644 1895 amonemus
679 1866 725 1892 ea
763 1864 864 1904 quae
896 1852 929 1890 is

267 1912 535 1967 responderet,
555 1924 577 1950 a
595 1922 674 1962 quo
694 1907 842 1961 aliquid
861 1920 928 1960 pe·

268 1972 395 2012 timus.
448 1968 505 2007 C.v

326 2029 431 2065 Num
466 2021 559 2062 mihi
593 2019 792 2074 datum?].
823 2020 928 2060 Sane

267 2083 452 2124 dominus
487 2078 560 2118 hac
597 2075 849 2128 responfione
874 2076 926 2115 vti

1537 753 1641 802 Cn..

1034 899 1108 938 Pro
1140 896 1274 938 Verum
1301 907 1454 949 repone
1476 896 1573 937 Vere.
1599 904 1641 935 vt

981 953 1095 995 Adel.
1115 967 1153 1004 1,
1181 966 1218 1006 3.
1256 953 1430 1006 Profie‘lo
1455 951 1523 992 hoc
1551 964 1640 993 vere

981 1009 1120 1049 dicunt.
1176 1012 1218 1050 B.

1034 1126 1087 1171 48
1127 1119 1314 1160 Summum
1349 1122 1420 1174 ius]
1456 1118 1500 1161 Id
1530 1118 1638 1160 enim

984 1177 1090 1229 quod
1117 1176 1247 1217 datum
1281 1175 1354 1224 est,
1393 1176 1525 1227 vtique
1550 1175 1640 1215 red·

983 1233 1157 1273 deudum
1177 1233 1242 1273 est.
1297 1232 1471 1274 Sediure
1483 1241 1638 1270 cautum

982 1288 1049 1336 est,
1070 1299 1110 1328 vt
1129 1288 1207 1329 filia
1225 1288 1406 1341 quicquid
1426 1287 1634 1339 acceperit,

981 1345 1047 1385 vel
1072 1343 1175 1384 filiae
1205 1345 1368 1385 nomine
1395 1343 1525 1383 datum
1555 1342 1640 1383 fue-

981 1401 1040 1449 rit,
1062 1413 1162 1453 quae
1180 1401 1221 1440 in
1239 1399 1388 1441 familia
1406 1399 1470 1449 est,
1489 1413 1570 1438 non
1580 1411 1639 1438 re·
1668 1396 1671 1398 ’

982 1458 1041 1498 &e
1084 1456 1216 1500 datum
1257 1456 1442 1496 videatur.
1503 1458 1638 1506 ltaque

982 1513 1154 1565 aequitas
1179 1512 1253 1561 est,
1280 1524 1319 1553 vt
1345 1511 1518 1553 debitum
1538 1507 1637 1550 solui

983 1569 1147 1616 debeat3
1184 1571 1243 1609 ius
1280 1569 1335 1608 est
1371 1579 1409 1608 vt
1430 1568 1478 1608 fic
1506 1567 1637 1607 datum

980 1625 1172 1666 reddatur.
1226 1625 1305 1666 Sed
1326 1625 1393 1665 ille
1414 1624 1598 1676 renititur
1614 1636 1638 1662 a

982 1679 1090 1721 eausa
1107 1680 1210 1733 quod
1230 1695 1312 1722 non
1340 1680 1502 1731 debeat,
1533 1689 1573 1719 et
1593 1677 1636 1718 fit

981 1735 1236 1778 controuersia
1257 1751 1304 1777 ex
1322 1738 1494 1790 negotio.
1532 1735 1636 1776 Sum·

978 1807 1079 1835 mum
1109 1793 1186 1842 ius]
1216 1794 1346 1848 Vulgo
1365 1794 1522 1841 dicitur,
1552 1790 1634 1847 Qi

971 1851 1059 1904 plus
1070 1848 1200 1904 potest,
1219 1852 1325 1903 peius
1333 1848 1450 1902 facit.
1506 1851 1551 1890 E.

1007 1961 1094 2002 *Ius
1108 1960 1314 2016 fitmmum]
1354 1959 1559 2004 Columell.

975 2019 1125 2071 prolog.
1151 2017 1218 2057 lib.
1246 2030 1325 2058 vn.
1367 2017 1447 2057 Nec
1466 2016 1560 2066 sitne
1582 2012 1630 2068 est

974 2074 1234 2115 vindicandum
1260 2071 1367 2112 nobis
1389 2073 1569 2126 quicquid
1584 2073 1632 2112 li.

265 2137 403 2194 posset,
422 2147 461 2175 vt
480 2148 564 2174 non
583 2133 765 2173 redderet
787 2144 927 2185 argen-
976 2144 1054 2171 cet:
1081 2144 1167 2169 nam
1185 2129 1373 2178 fitmmum
1400 2132 1459 2169 ius
1474 2130 1629 2182 antiqui

266 2198 362 2237 tum.
418 2192 496 2232 Sed
522 2188 649 2229 seruus
676 2187 833 2227 callidus
861 2199 925 2226 oe-
970 2183 1346 2239 putabantficmmam
1360 2199 1508 2224 crucem.
1535 2185 1632 2224 Hie·

266 2251 404 2292 currit:
433 2260 515 2287 non
537 2256 648 2298 potes
662 2244 803 2293 dicere,
823 2243 924 2283 istud
971 2256 1122 2295 ronym.
1142 2242 1192 2281 ad
1208 2245 1404 2281 Innocent.
1427 2241 1477 2280 de
1495 2241 1632 2281 mulie·

264 2320 351 2348 non
369 2315 407 2344 te
427 2299 633 2354 accepisse,
662 2309 794 2350 neque
813 2295 924 2339 iuffis-
971 2312 1014 2338 re
1042 2297 1182 2349 septies
1207 2297 1297 2337 icta:
1334 2298 1383 2336 Et
1411 2312 1431 2335 0
1458 2311 1542 2335 vere
1571 2300 1629 2338 ius

263 2363 317 2408 se,
340 2373 471 2412 neque
491 2358 616 2397 inuito
635 2356 843 2409 (exciditte
860 2356 921 2406 Z.)
957 2354 1167 2406 fimmmm«,
1184 2353 1330 2405 stamma
1347 2355 1493 2393 malitia
1505 2367 1517 2400 3
1544 2352 1627 2406 post

264 2419 386 2461 filiam
399 2415 658 2467 oppignerare
673 2408 849 2464 potuiffe.
875 2414 920 2452 E.
970 2424 1080 2451 tanta
1096 2409 1276 2449 miracula
1303 2409 1422 2449 adhuc
1449 2410 1627 2460 fiteuiune

318 2485 373 2529 47
391 2473 459 2512 Me
470 2472 605 2521 inuito,
620 2467 794 2522 potuit?]
813 2470 922 2508 Haec
970 2467 1079 2523 leges.
1108 2464 1298 2506 Menand.
1330 2465 1432 2517 apud
1465 2464 1628 2506 stobae-

263 2545 336 2586 pro
364 2527 578 2572 Chremete
606 2521 741 2572 ess'enr,
772 2534 813 2563 et
838 2524 923 2563 iure
970 2537 1058 2572 um,
1089 2523 1270 2563 Ser-mon.
1307 2528 1397 2574 185.
1438 2527 1454 2559 ὁ
1483 2522 1512 2560 δ’
1544 2523 1626 2567 ὁρῶν

264 2600 349 2628 non
379 2593 576 2625 teneretur
605 2578 770 2622 reddere
796 2580 839 2622 id
866 2593 923 2621 ar·
967 2579 1048 2623 τούς
1073 2576 1173 2624 νόμες
1209 2583 1296 2616 Δίαν
1332 2581 1497 2629 aeaeae,
1534 2592 1627 2616 mo·
1678 2596 1683 2606 »

263 2653 442 2702 gentum.
499 2640 546 2681 C.
969 2641 1098 2683 φάντης
1124 2639 1290 2686 φαίνεται.
1348 2636 1391 2676 L.
