1815 3168
687 194 737 245 A
747 195 795 240 N
805 196 845 239 D
857 194 984 241 RIA.

1441 208 1502 258 23

277 323 349 369 Eo,
367 315 498 386 pasto
519 329 562 367 et
584 321 703 381 gnati
722 322 879 374 vitam,
915 330 960 368 et
980 315 1206 366 confilium
1226 336 1379 370 meum

280 394 550 456 Cognosces,
591 406 634 442 et
652 396 759 458 quid
779 396 916 442 facere
938 398 985 442 in
1006 395 1085 442 hac
1108 412 1155 442 re
1182 407 1225 442 te
1247 396 1394 445 velim.
1447 405 1449 408 '

276 473 401 518 Nam
422 472 457 516 is
471 469 702 536 postquam
723 469 889 518 exceffit
908 488 957 517 ex
977 470 1174 535 ephebiS,
1195 470 1322 524 Sofia,

199 693 256 724 22
286 682 341 721 Eo
359 681 492 735 Paeto]
522 681 646 730 Ραὲῑο,
664 679 795 721 modo.

147 737 334 789 quoniam
389 737 583 777 antecedit
634 739 795 790 Ρᾶξωηι,

142 793 282 832 modus
305 791 488 845 sequitur.
545 797 651 846 Ergo
680 794 727 831 ab
749 806 796 832 eo

144 847 253 900 quod
272 848 477 900 praecedit,
497 847 536 887 id
555 848 659 900 quod
677 846 797 899 sequi-

145 915 214 948 tur,
238 901 329 957 (ΜΓ.
348 903 468 945 Hulst.
488 903 547 942 Ab
565 918 615 951 eo,
636 904 798 957 quodsi·—

121 987 125 990 «
143 963 291 1013 quitur,
302 961 341 999 id
349 961 665 1013 quodpraecedit.)
696 960 801 999 dicit.

144 1016 198 1055 Et
231 1019 338 1070 gnati
367 1018 515 1067 vztam,{.
546 1030 581 1056 et
620 1014 800 1066 confilium

143 1083 261 1111 meum
281 1072 488 1126 cognofies:
519 1086 554 1111 et
572 1072 660 1125 quid
667 1074 802 1124 facere

143 1130 186 1167 in
216 1127 283 1167 hac
315 1128 371 1182 re]
417 1131 514 1167 Nam
538 1127 630 1167 istae
647 1126 800 1168 diuifio·

143 1196 216 1223 nes
235 1181 331 1222 sunt.

142 1241 247 1280 niam
265 1239 430 1278 dietarus
447 1239 511 1288 est,
541 1241 641 1279 Nam
661 1244 691 1279 is
704 1240 798 1292 post-

142 1308 253 1348 quam
278 1293 419 1348 exceffit
446 1309 491 1336 ex
516 1294 657 1348 ephebis
684 1297 796 1346 Sosia.

144 1349 342 1402 Consilium
359 1363 472 1390 meum
484 1368 496 1388 .-
523 1351 612 1402 quia
629 1352 798 1390 difflurus

142 1406 212 1454 est,
235 1405 287 1447 Et
307 1418 402 1444 nunc
422 1406 463 1445 id
482 1417 625 1458 operam
646 1408 703 1445 do.
746 1411 796 1447 D.

198 1473 250 1514 23
282 1460 333 1500 Et
353 1461 443 1514 quid
456 1462 588 1512 fiac-ere
616 1465 655 1500 in
673 1461 741 1502 hac
757 1477 796 1501 rc

108 1556 112 1559 .
142 1529 182 1558 te
212 1516 347 1571 velim]
401 1517 492 1568 'quia
530 1517 699 1556 diffisus
731 1517 794 1565 est,

143 1573 257 1613 Num
290 1585 393 1611 tuum
429 1572 476 1623 est
513 1573 682 1625 offi'cium.
747 1572 799 1613 Et

145 1631 253 1684 gnati
269 1630 403 1674 vitam,
431 1641 466 1666 et
486 1627 666 1678 confilium
684 1642 799 1667 meum

145 1683 346 1738 cognofies,
371 1696 408 1722 et
424 1683 655 1736 quidfacere
672 1687 712 1722 in
731 1683 798 1723 hac

119 1752 185 1778 ⁴re
204 1753 240 1780 ze
268 1738 392 1789 velim]
448 1739 656 1790 Tripartita
681 1738 798 1787 distri-

140 1793 261 1834 butio.
318 1793 372 1832 Et
403 1796 512 1849 gnati
544 1793 678 1841 vitam]
733 1796 801 1836 Vi-

141 1859 221 1889 tam
238 1850 306 1889 filii
327 1850 368 1889 in
390 1849 483 1889 duas
502 1861 630 1902 partes
658 1850 799 1890 diuidit

119 1906 184 1945 -in
213 1906 457 1945 narratione:
492 1906 534 1944 in
561 1917 651 1947 ante
677 1908 797 1946 aetam

136 1960 297 2013 bonam,
322 1972 367 2000 et
384 1959 626 2014 praesentem
644 1963 796 2002 malam.

140 2017 335 2069 Etincipit
349 2017 449 2056 mala
467 2016 533 2064 ibi,
555 2018 699 2058 Interea
716 2031 794 2057 mu·

121 2073 209 2112 -lier
240 2074 426 2128 quaedqm.
468 2076 533 2113 -Et
557 2073 662 2113 bene
691 2075 795 2115 astae

139 2129 244 2168 vitae
269 2129 435 2183 narratio
465 2129 514 2168 ad
533 2143 616 2170 eam
634 2144 717 2171 rem
734 2145 793 2169 va-

139 2184 214 2232 let,
251 2196 289 2224 vt
307 2183 500 2233 ostendat,
541 2199 655 2237 quam
675 2185 792 2225 iustus

114 2239 251 2293 >dolor
285 2241 384 2292 patri
425 2239 468 2280 fit
505 2238 572 2292 spe
614 2241 789 2292 decepto.

138 2293 233 2347 (Ms.
262 2295 384 2336 Hulst.
425 2309 534 2349 quam
563 2297 648 2349 iuste
674 2298 790 2336 doleat

134 2354 241 2403 patri
261 2351 316 2403 stc
337 2352 408 2404 spe
436 2352 593 2402 decepto.
650 2357 789 2394 Vtrum

122 2428 131 2436 ν
137 2406 388 2460 praeferatur,
408 2408 554 2448 ciccum
572 2422 654 2448 non
673 2410 789 2453 inter·

138 2461 277 2516 duim.)
332 2466 381 2504 D.

126 2541 133 2547 -
192 2531 248 2570 24
299 2519 402 2559 Nam
420 2519 470 2573 is]
515 2518 734 2569 Necessario
758 2522 792 2562 is

135 2572 297 2625 pofitum
331 2588 404 2628 pro
446 2577 608 2621 nomine
637 2577 789 2623 ἂνκφοςοὲ

391 1184 508 1223 Gnati
534 1187 650 1225 vitam
661 1200 675 1222 .·
708 1184 810 1236 εμο-Δ

1330 561 1392 607 25
1431 547 1504 594 Li-

845 694 927 720 non
954 678 1133 733 posuiffet
1167 679 1243 720 hoc
1270 692 1502 732 pronomen,

848 737 950 777 Sofia
970 749 1050 776 erat
1067 736 1358 791 intelligendus.
1400 737 1504 777 Nam

846 793 894 840 is]
933 792 1164 844 Pamphilus.
1223 792 1418 845 Postquam
1443 806 1506 831 ex-

851 846 946 903 ceffit
968 863 1012 888 ex
1037 847 1205 902 ephebis]
1257 852 1504 901 Argumenta

850 918 922 958 per
946 904 1193 944 conieihlras.
1252 906 1314 944 Ex
1338 902 1505 955 ephebis]

849 960 1012 1014 Ephehia
1031 961 1155 1012 prima
1174 970 1275 999 aetas
1286 956 1506 1001 adolescen-

851 1019 928 1056 tiae
960 1016 1033 1057 est:
1075 1013 1330 1056 adolescentia
1360 1014 1413 1054 est
1439 1028 1505 1055 ex·

850 1084 973 1112 trema
999 1073 1198 1124 pueritiae.
1261 1070 1417 1125 Exccffit
1443 1085 1504 1112 ex.

849 1129 951 1170 Cum
974 1126 1166 1171 sufficeret
1185 1140 1317 1166 vnum.
1373 1130 1422 1168 D.

904 1185 1009 1223 Nam
1038 1187 1069 1224 is
1092 1182 1281 1237 postquam
1297 1181 1441 1235 exceffit
1455 1197 1506 1222 ex

847 1240 1016 1295 ephebis]
1069 1238 1226 1293 Excqffit
1256 1253 1302 1278 ex
1337 1238 1507 1291 ephebis:

847 1309 997 1349 tempus
1015 1297 1171 1348 puerilis
1191 1296 1322 1335 aetatis
1338 1295 1502 1336 exceffit.

847 1354 926 1393 Hie
968 1361 1198 1404 argumenta
1234 1351 1507 1391 comesturam

845 1407 1055 1461 diligenter
1081 1406 1264 1447 debemus
1291 1406 1508 1461 aduertere,

848 1463 951 1515 quod
971 1461 1189 1513 Pamphilus
1207 1461 1359 1501 videtur
1377 1475 1506 1502 amate

847 1519 1104 1558 meretricem.
1171 1521 1506 1569 Argumentorum

848 1575 922 1613 loci
954 1573 1156 1613 traduntur
1179 1573 1245 1612 alii
1283 1570 1360 1612 efle
1391 1571 1506 1613 artifi-

849 1631 975 1676 ciales,
996 1627 1339 1668 aliiinnrtificiales.
1371 1632 1419 1669 Et
1442 1630 1505 1669 in-

849 1684 1062 1723 artificiales
1089 1683 1249 1735 quidem
1278 1697 1326 1723 ex
1346 1685 1504 1724 auctori·

848 1750 929 1779 tate
957 1737 1174 1788 sumuntur,
1205 1740 1267 1778 vel
1293 1741 1511 1790 opinionez

846 1794 1063 1837 artificiales
1081 1809 1171 1835 vero
1191 1805 1254 1833 aut
1279 1809 1301 1834 a
1317 1793 1502 1848 personis,

847 1862 912 1891 aut
949 1866 971 1890 a
1001 1851 1181 1904 negotiis.
1237 1852 1339 1892 Cum
1370 1862 1501 1901 autem

846 1921 967 1948 omne
981 1916 1257 1959 ,argumentum
1276 1908 1334 1946 rei
1355 1907 1503 1948 dubiae

844 1963 961 2003 faciat
986 1962 1128 2008 fidem,
1157 1962 1218 2001 his
1244 1963 1304 2002 vel
1321 1962 1500 2012 nostram,

843 2020 903 2059 vel
925 2017 1224 2059 aduersariorum
1244 2016 1390 2058 causam
1410 2032 1502 2059 con·

840 2074 1044 2122 firmamus,
1056 2076 1118 2114 vel
1127 2073 1372 2115 infirmamus.
1393 2075 1501 2126 Quo-

841 2145 924 2171 rum
961 2132 1039 2169 loci
1066 2126 1264 2170 sumuntur
1294 2141 1387 2170 ante
1413 2144 1499 2173 rem

841 2187 1001 2240 quidem
1030 2186 1132 2226 vnde
1151 2187 1294 2239 agitur,
1327 2201 1349 2226 a
1369 2185 1498 2239 perso-

841 2258 902 2291 na,
929 2258 950 2282 a
969 2241 1085 2288 causa,
1112 2257 1132 2281 a
1152 2253 1340 2294 tempore,
1360 2257 1382 2282 a
1396 2243 1494 2292 loco,

839 2314 860 2338 a
878 2299 1050 2345 materia,
1077 2313 1098 2337 a
1124 2297 1261 2347 mod0,
1290 2313 1311 2336 a
1329 2299 1494 2339 ratione.

837 2358 883 2395 ln
912 2369 955 2394 re
981 2353 1086 2393 vnde
1112 2354 1259 2407 agitur,
1301 2368 1321 2392 a
1345 2365 1445 2404 toto,
1471 2369 1495 2395 a

838 2420 967 2462 parte,
997 2424 1018 2448 a
1044 2407 1188 2461 specie,
1217 2424 1238 2449 a
1257 2407 1492 2456 differentia,

842 2481 862 2505 a
882 2466 1049 2518 proprio,
1072 2480 1094 2504 a
1115 2465 1362 2512 diffinitione,
1382 2481 1404 2504 a
1420 2476 1496 2505 'no-

838 2523 960 2562 mine.
1016 2522 1129 2562 Circa
1162 2535 1243 2560 rem
1275 2521 1378 2560 vnde
1413 2522 1493 2574 agi-

838 2588 909 2627 tur,
931 2592 952 2617 a
972 2576 1094 2624 fimili,
1120 2591 1142 2615 a
1162 2576 1337 2627 diffimili,
1356 2575 1378 2616 a
1394 2578 1490 2630 pari,

132 2628 182 2670 ad
201 2629 313 2682 illud,
348 2630 468 2674 Gmm'
483 2633 625 2683 vitam:
654 2646 745 2677 nam
758 2632 784 2675 fi
833 2648 856 2675 a
868 2633 1075 2683 contrario,
1091 2633 1282 2683 amatore,
1293 2634 1490 2683 amium-e,

941 2692 1026 2743 134

1355 2703 1377 2727 a
1388 2701 1495 2742 prae·
