1815 3168
601 87 1011 134 EVNVCHVS.

1379 96 1474 157 3⁶7.

245 213 362 265 TH.
398 216 444 263 Si
468 214 648 278 quidem
676 230 750 261 me
771 223 956 267 amaret,
999 213 1220 262 tumflistuc
1240 217 1474 282 prodesset,

348 291 542 338 Gnatho.

244 366 361 417 GN.
397 365 588 420 Quando
612 364 734 418 illud,
769 364 890 428 quod
910 374 958 411 tu
981 364 1080 418 das,
1111 364 1326 431 exspessat
1347 379 1476 433 atque

342 452 455 489 amat
473 461 484 487 Σ

109 639 167 672 ριν.
225 624 339 673 Quae
359 621 477 667 verba
498 619 546 660 fic
572 619 770 665 restituen-

110 679 181 718 da:
211 684 315 724 μοῖτοι
339 679 412 716 ἀντὶ
439 683 579 727 μοῖτων,
613 683 769 724 παροιμία

100 739 261 780 Σικελοῖς,
284 734 308 777 ἶῖ
325 733 396 781 ’γοέρ
412 739 512 781 χάρις
529 739 653 780 μυῖα-ος.
694 737 770 773 Μοῖ-

109 808 175 838 τον,
199 788 376 837 ὄινόχαριν.
434 791 562 830 Aliter
579 789 771 829 1138εὸΕῆ-

109 847 209 900 liger
229 846 277 885 ad
294 848 457 886 vari-on.
479 845 543 886 lib.
563 859 621 886 1v.
634 858 771 884 emen-

109 904 202 942 dare
227 913 368 951 tentat,
397 898 462 941 sed
487 915 578 941 meo
607 901 767 949 iudicio,

110 959 216 999 irrito
255 968 408 997 conatu.
472 961 608 1011 Itaque
637 958 769 998 Lucia-

109 1028 183 1055 nus
212 1015 254 1054 in
279 1013 520 1068 Imaginibus
555 1027 642 1067 pag.
672 1017 768 1068 562.

108 1069 223 1112 Μάθαν
260 1069 331 1109 0}er
365 1067 449 1116 μῦθκ
476 1073 636 1117 ἀμεῖψαι,
678 1072 770 1114 αὐτῷ

109 1130 158 1174 τᾷ
192 1133 320 1175 μέτρῳ,
357 1135 478 1173 φασὶν,
510 1125 533 1171 2'1'
566 1135 623 1165 καὶ
661 1124 769 1165 Milo-s.

110 1185 319 1224 Sermonem
340 1181 508 1235 perfizhis
531 1183 608 1236 ipfiz
627 1182 770 1234 mensu-

111 1254 168 1286 ra,
186 1239 288 1291 quod
303 1244 421 1287 aiunt,
441 1252 509 1278 aut
527 1242 770 1278 etiamcumu-

112 1296 251 1334 latius:
279 1293 396 1333 dubio
416 1295 549 1346 procul
567 1300 687 1333 Μοῖτον
717 1295 772 1333 ἂν·

110 1360 144 1389 τὶ
163 1356 261 1395 uois-3
281 1353 439 1399 ἀμεῖψαι,
465 1349 505 1388 id
525 1349 589 1398 est,
615 1350 693 1389 Par
707 1360 771 1402 pa-

112 1410 148 1446 ri
176 1407 333 1458 referre,
359 1417 398 1446 et
422 1418 523 1458 quae
542 1403 767 1457 sequuntur,

110 1460 263 1514 scripsit.
321 1466 363 1503 L.

166 1518 394 1558 Particulam
418 1528 508 1568 pro,
538 1529 622 1556 cum
643 1531 664 1556 a
683 1531 772 1569 qua-

112 1583 198 1612 tuor
225 1573 338 1612 codd.
369 1572 480 1622 absit,
509 1583 549 1612 et
568 1574 673 1613 locus
691 1573 772 1612 line

111 1630 176 1670 illa
195 1644 215 1669 a
233 1630 370 1670 Seruio
399 1628 446 1668 ad
464 1632 567 1682 Aen.
599 1642 635 1677 J,
671 1632 766 1680 265.

112 1696 150 1727 et
160 1686 369 1735 Cicerone,
381 1683 567 1732 laudetur,
579 1684 765 1734 delemus,

109 1752 150 1780 et
167 1740 214 1779 ad
233 1738 380 1780 versum
399 1739 641 1780 fulciendum
668 1741 770 1781 illius

109 1796 199 1836 loco
219 1809 261 1836 tu
281 1798 520 1847 reponimus.
578 1799 618 1836 B.

169 1856 221 1905 56
254 1851 298 1891 Si
331 1853 479 1905 quidem
517 1865 571 1890 me
606 1865 767 1894 amaret:

111 1921 192 1950 tum
226 1907 313 1960 tstuc
341 1907 543 1960 prodeff’t,
592 1908 765 1963 Gnatho]

108 1965 181 2006 His
200 1964 387 2004 vei-ficulis
407 1961 609 2015 personam
633 1966 767 2004 militis

111 2031 153 2060 et
188 2019 418 2060 Gnathonis
462 2021 766 2075 continentibus,

114 2076 276 2122 ὄικονομίκ
301 2076 514 2126 inducitur,
544 2078 648 2128 quod
670 2079 769 2118 veri-

113 2131 233 2172 fimile
258 2132 319 2181 fit,
346 2131 460 2172 facile
484 2133 649 2172 militem
668 2132 771 2174 ferre

114 2185 235 2240 posse,
253 2189 439 2241 anteponi
448 2188 516 2228 fibi
527 2188 769 2239 Phaedriam,

115 2244 183 2295 qui
201 2241 239 2283 se
257 2243 406 2297 semper
421 2246 662 2285 intellexerit
687 2259 770 2286 non

115 2300 244 2339 amari.
302 2303 401 2341 Nam
420 2300 446 2341 fi
467 2300 542 2340 hoe
559 2302 679 2352 tollas,
706 2313 772 2342 aut

117 2355 382 2396 excludendus
402 2356 457 2396 est
475 2356 677 2408 Phaedria,
707 2369 771 2398 aut

117 2423 167 2451 ex
190 2411 326 2451 dolore
345 2413 476 2453 militis
492 2415 536 2452 in
564 2413 635 2460 hac
657 2414 768 2454 fabu-

118 2466 157 2504 la
183 2465 224 2506 fit
248 2468 371 2507 exitus
395 2471 568 2523 tragicus,
624 2474 672 2511 Et
692 2470 770 2515 hoc

116 2523 249 2570 miles,
277 2533 318 2563 vt
334 2521 503 2575 sapiens,
535 2527 683 2566 locutus
702 2527 769 2569 est.

115 2579 227 2633 Ergo
238 2577 457 2621 meminiffe
483 2584 694 2637 conuenit,
723 2585 771 2625 ri·

1383 521 1478 565 Iam

820 617 968 658 diculas
1001 614 1181 671 personas
1203 632 1283 659 non
1313 613 1477 661 omnino

818 673 946 714 stultas
964 685 1002 714 et
1021 676 1206 714 excordes
1225 676 1359 717 induci
1373 681 1477 717 3Ρο-

819 732 888 770 etis
908 732 1076 770 comicis.
1127 733 1226 771 Nam
1245 735 1351 773 nulla
1374 734 1480 775 dele-

818 788 929 826 &atio
948 786 1012 836 est,
1031 786 1096 826 vbi
1116 789 1291 839 omnino,
1323 791 1389 842 qui
1412 791 1478 831 de-

817 843 979 892 luditur,
1023 843 1123 883 nihil
1148 841 1255 896 sapit.
1311 848 1479 887 Stultitia

817 910 946 939 autem
976 898 1031 938 est
1060 901 1102 939 in
1129 898 1188 939 his
1207 912 1372 952 quatuor
1388 917 1478 943 mo-

819 957 875 995 dis
886 971 896 995 :
923 960 1079 995 autnon
1089 958 1223 998 venire
1233 958 1275 997 in
1285 969 1476 1008 mentem,

818 1012 1127 1064 quod-oportet.-
1156 1024 1229 1052 ·aut
1253 1014 1280 1053 si
1314 1018 1475 1066 venerit,

819 1083 902 1108 non
930 1080 1087 1110 tenere:
1120 1081 1186 1108 aut
1210 1070 1357 1111 bonum
1386 1086 1479 1113 con-

818 1124 941 1164 filium
960 1126 1158 1164 amittere:
1187 1139 1251 1165 aut
1259 1128 1402 1168 malum
1415 1129 1479 1168 ad-

816 1181 983 1221 mittere.
1043 1180 1148 1222 Vide
1182 1195 1297 1236 ergo,
1335 1196 1373 1223 vt
1400 1180 1477 1227 hoc

819 1237 925 1289 quod
952 1236 1156 1276 commode
1179 1240 1290 1279 miles
1316 1241 1475 1290 viderat,

818 1306 901 1331 non
927 1294 1105 1338 tenuerit,
1124 1304 1327 1346 totumque
1344 1296 1476 1337 amise-

820 1349 883 1389 rit.
939 1351 1025 1388 Hoc
1042 1360 1171 1388 autem
1190 1350 1334 1390 idcirco
1353 1354 1479 1394 inter·

821 1399 967 1455 posuit
990 1405 1128 1450 Poeta,
1173 1415 1213 1443 vt
1243 1406 1478 1460 ostenderet,

822 1457 915 1510 quid
951 1461 1092 1498 veneni
1123 1459 1283 1502 haberet
1317 1462 1479 1506 affenta-

821 1516 896 1554 tio:
928 1529 997 1566 per
1021 1528 1138 1566 quam
1165 1530 1248 1557 non
1276 1520 1395 1560 modo
1422 1534 1480 1561 er-

820 1580 952 1610 rantes
981 1570 1239 1622 decipiuntur,
1270 1587 1313 1613 ac
1333 1579 1479 1626 praeci-

819 1628 920 1679 pites
939 1638 1054 1666 eunt:
1088 1641 1220 1668 verum
1241 1631 1358 1670 etiam
1383 1630 1479 1686 sapi-

819 1693 930 1723 entes
947 1682 1142 1723 interdum
1153 1715 1164 1735 ,
1191 1683 1350 1739 sanique
1370 1702 1480 1731 euer-

817 1742 961 1778 tuntur.
1019 1742 1067 1780 D.
1329 1746 1330 1751 ’

846 1795 1030 1849 Siquidem
1040 1809 1095 1834 me
1104 1800 1260 1842 amaret]
1271 1799 1379 1839 Bona
1388 1813 1479 1852 que·

817 1850 899 1899 stio,
921 1850 1159 1893 contemfifl'e
1169 1853 1265 1905 (qua
1276 1859 1477 1897 contemni

817 1904 856 1947 se
862 1909 920 1961 Z.)
934 1907 1074 1948 doleat.
1084 1911 1184 1958 Non,
1194 1910 1404 1962 inquit,dili
1408 1916 1477 1967 git.

816 1965 892 2003 Hic
901 1962 1108 2015 respondet
1117 1965 1482 2021 pa1·afitus,probans

819 2020 912 2071 quia
931 2020 1071 2074 diligit,
1091 2034 1141 2061 ex
1159 2021 1219 2061 his
1229 2028 1477 2077 argumentis,

819 2078 963 2129 quando
999 2078 1095 2118 illud
1127 2078 1225 2131 quod
1257 2081 1322 2119 dat
1356 2082 1473 2132 miles,

818 2134 1001 2173 meretrix
1027 2133 1168 2186 fpec‘lat
1205 2145 1318 2188 atque
1354 2151 1469 2181 amat.

818 2189 921 2244 Ergo
958 2189 1050 2229 vtile
1077 2188 1126 2241 est
1156 2192 1353 2243 confilium
1378 2195 1481 2249 quod

817 2245 890 2288 tibi
912 2245 1007 2286 dedi.
1062 2247 1105 2288 E.

873 2312 927 2356 57
963 2301 1126 2354 Quando
1158 2303 1273 2351 illud,
1305 2306 1403 2358 quod
1433 2319 1475 2346 tu

817 2360 907 2406 das,
935 2357 1133 2414 exspec‘tat]
1172 2363 1257 2400 Hac
1285 2356 1476 2404 sententia

819 2415 965 2455 tollitur
980 2416 1096 2458 militi
1113 2415 1311 2466 (Putabam
1344 2418 1389 2469 ἠδ
1405 2421 1475 2460 το]-

818 2471 910 2510 litur
928 2472 1067 2521 valere,
1088 2470 1266 2520 aufertur,
1301 2475 1474 2528 eripitur,

818 2527 895 2569 Sed
927 2525 1101 2567 sollicitat
1133 2528 1343 2570 leffionem
1368 2533 1474 2571 Wie—

816 2584 974 2640 lingius,
1004 2595 1044 2624 et
1061 2581 1249 2631 substituit
1269 2586 1344 2639 vel,
1372 2587 1474 2627 Haec

1387 2643 1458 2696 fin
