1815 3168
518 126 1050 177 HEAVTONTIM.

1363 127 1458 190 683

232 260 294 305 Vt
312 272 369 304 ne
390 254 618 321 paululum
643 254 820 318 quidem
839 252 1031 300 suboleat
1050 248 1132 299 esse
1152 254 1334 301 amicam
1352 253 1466 303 hanc

334 331 511 379 Cliniae.

231 402 340 454 Cu.
392 405 512 460 Quid
543 401 637 454 ais?
683 401 792 451 ME.
839 403 968 451 mitto
1002 405 1091 450 iam
1125 403 1307 452 osculari
1334 415 1464 470 atque

329 481 582 544 amplexari:
622 478 668 525 id
688 479 751 526 nil
772 488 898 543 puto.

230 551 337 603 CH.
379 554 500 610 Quid
524 553 595 607 est,
621 554 739 617 quod
751 554 975 618 amplius]
947 551 1206 602 simuletur?
1229 554 1329 603 ME.
1354 555 1463 604 vah'

329 627 436 677 CH.
466 630 587 684 Quid
610 627 696 674 est³
726 629 837 676 ΜΕ.
873 629 973 675 audi
991 629 1149 676 modo:

228 703 305 752 Est
338 706 448 751 mihi
470 699 522 751 *in
555 704 714 753 vltimis
746 703 952 751 conclaue
972 706 1020 750 in
1042 704 1219 752 aedibus
1241 705 1464 770 quoddam

327 791 446 827 retro
468 797 475 825 ε

135 871 199 920 30
228 859 334 902 Huc
366 855 425 901 est
453 857 570 901 intro
603 854 714 902 latus
736 850 899 912 Ιεξὶιιες
933 853 1196 903 vestimentis
1217 854 1370 904 stratus
1390 855 1464 905 est.

228 927 331 978 CH.
374 929 494 985 Quid
523 929 752 993 postquam
786 931 871 977 hoc
910 929 969 977 est
999 928 1194 979 sagium?
1244 930 1357 980 ME.
1397 932 1464 981 di-

322 1003 447 1052 &um
465 1003 652 1053 faenum:
687 1006 775 1055 huc
801 1005 905 1054 abiit
930 1006 1142 1073 Clitipho.

143 1228 199 1269 26
229 1222 420 1278 Subolem]
446 1223 625 1263 Trafifflm
637 1220 750 1262 asen-

94 1279 134 1321 su
166 1280 367 1321 odorandi.
422 1282 469 1319 Et
493 1277 568 1330 sub
599 1279 656 1319 ibi
682 1279 752 1318 mi-

93 1339 192 1386 nuit,
211 1339 234 1376 i.
256 1351 287 1376 e.
312 1347 350 1383 vt
368 1348 444 1374 nec
471 1336 586 1377 etiam
606 1335 751 1388 pauxil-

90 1394 174 1432 lum
185 1403 376 1445 appareat,
394 1392 455 1431 vel
465 1392 661 1443 paululum
673 1389 754 1431 sen-

92 1450 227 1497 tiatur,
257 1449 297 1488 id
316 1446 392 1487 seil'
421 1457 477 1497 et,
509 1448 614 1499 quod
633 1446 755 1500 sequi-

94 1514 168 1544 tur.
227 1505 274 1546 C.

143 1561 260 1601 ReSie
280 1560 506 1601 veterrimus
523 1558 652 1599 noster
662 1556 751 1598 Sub-

91 1615 183 1665 olm,
207 1618 259 1656 vti
277 1620 446 1658 Faernus
458 1616 584 1655 habet.
641 1616 752 1656 Alter

90 1671 251 1712 subolet.
287 1674 441 1715 Caeteri
460 1671 723 1712 Suboleat.13.

147 1740 202 1782 27
251 1729 360 1784 Qid
406 1728 512 1781 ais?]
558 1731 753 1768 Nonnun-

92 1797 212 1836 quam
250 1784 461 1836 perturbati
497 1780 753 1823 intercefl'oiis

93 1839 149 1879 est
170 1840 321 1889 dicere
349 1840 441 1903 quid
466 1840 557 1883 ais?
586 1836 651 1878 sed
678 1837 755 1877 hoc

89 1896 179 1935 loco
206 1896 411 1935 metuentis
438 1893 502 1943 est,
535 1908 616 1933 non
638 1895 755 1933 inter-

92 1953 281 2005 rogantis.
340 1951 462 1990 Mitto
482 1953 554 1990 iam
575 1950 752 2003 ofiulari]

94 2009 215 2050 Color
260 2008 483 2046 rhetoricus.
561 2005 749 2060 Ofiulari]

86 2066 199 2104 Haec
227 2063 282 2102 est
306 2074 437 2115 quarta
465 2063 604 2101 amoris
630 2063 748 2102 linea.

88 2121 191 2159 Nam
220 2117 304 2158 sunt
322 2120 518 2171 quinque:
551 2119 674 2170 prima
692 2120 750 2156 vi-

75 2175 161 2228 stis,
182 2174 348 2216 secunda
368 2175 548 2227 colloquii,
574 2175 684 2213 tertia
696 2188 751 2214 ta-

90 2232 188 2279 ἑῖῑις,
221 2242 353 2283 quarta
376 2231 496 2282 (sculi,
527 2231 661 2282 quinta
680 2231 751 2268 coi·

90 2300 166 2328 tus.
221 2288 268 2327 Id
293 2287 391 2327 nihil
421 2288 531 2340 puto]
568 2287 631 2326 Sic
660 2285 752 2324 dici-

87 2356 174 2383 mus
203 2343 360 2395 quando
388 2343 574 2382 habemus
604 2341 750 2394 aliquid

86 2399 289 2440 maius.ad
321 2398 636 2440 confirmandum.
694 2400 750 2438 Ita

87 2454 206 2495 dicit:
239 2455 304 2496 Nil
324 2466 415 2507 puto
443 2454 604 2505 ofiulari
622 2465 660 2494 et
675 2467 750 2492 am-

83 2511 234 2564 plexat
220 2525 246 2559 ι,
270 2512 312 2549 in
332 2511 619 2563 comparatione
639 2509 686 2550 ad
705 2510 749 2549 il

88 2566 155 2608 lud
178 2568 282 2618 quod
302 2564 476 2619 sequitur.
535 2568 581 2609 C

144 2636 198 2678 29
239 2623 435 2679 Conclaue]
478 2626 523 2664 In
549 2622 748 2674 Eunucho,

1360 1086 1461 1132 Cu.

801 1223 921 1279 Virgo
958 1223 999 1262 in
1026 1222 1194 1263 conclaui
1223 1222 1343 1275 fidet.
1399 1223 1464 1266 Est

800 1290 932 1319 autem
956 1280 1143 1328 conclaue,
1175 1277 1381 1332 separatior
1407 1282 1465 1319 lo·

803 1349 867 1375 eus
895 1338 937 1374 in
963 1336 1213 1375 interioribus
1240 1337 1370 1375 teffis:
1400 1337 1464 1376 vel

803 1391 911 1444 quod
939 1392 1042 1430 intra
1071 1405 1160 1430 eum
1180 1393 1263 1431 loca
1282 1393 1403 1432 multa
1424 1403 1465 1431 et

803 1448 943 1487 cubilia
971 1445 1094 1486 clausa
1112 1446 1184 1486 fint
1210 1447 1463 1488 adhaerentia

802 1504 980 1543 triclino:
1009 1507 1058 1545 Et
1078 1503 1131 1543 est
1150 1515 1343 1543 neutrum.
1394 1506 1464 1544 Fe-

801 1560 876 1599 stus
908 1571 1039 1599 autem
1065 1561 1135 1609 ait,
1170 1561 1357 1599 conclauia
1383 1560 1462 1599 dici

803 1617 909 1664 loca,
947 1629 1036 1669 quae
1065 1629 1137 1654 vna
1164 1615 1260 1656 clane
1287 1617 1462 1656 claudun-

804 1685 878 1712 tur.
936 1673 1074 1713 Cicero
1089 1682 1218 1711 autem
1237 1672 1280 1712 in
1298 1672 1349 1712 de
1367 1673 1462 1712 Ora-

803 1740 889 1767 tore
915 1730 996 1778 (Π,
1034 1728 1120 1778 86.)
1155 1728 1260 1780 cepit
1289 1729 1462 1768 conclaue

803 1797 872 1836 pro
893 1783 1068 1829 triclinio,
1089 1784 1132 1822 in
1151 1784 1228 1835 quo
1251 1784 1465 1836 epulaban-

805 1851 867 1879 tur
885 1840 1086 1888 conuiuae,
1103 1839 1268 1891 loquens
1279 1840 1330 1880 de
1340 1841 1463 1881 Simo-

803 1895 909 1940 nide,
938 1895 1003 1946 qui
1025 1907 1144 1945 quum
1167 1893 1260 1935 effer
1277 1907 1462 1936 euocatus

804 1966 825 1991 a
856 1950 1004 1990 duobus
1032 1950 1247 1991 iuuenibus
1276 1952 1325 1990 ad
1352 1953 1463 1992 ianu-

803 2020 885 2056 am,
915 2008 1068 2046 interea
1099 2008 1286 2057 conclaue,
1320 2008 1461 2059 inquit,

801 2076 875 2116 quo
919 2061 1134 2116 epulabatur
1164 2064 1315 2114 Scopas,
1341 2064 1462 2117 fiiper

801 2121 974 2159 conuiuas
1003 2121 1158 2159 corruit.
1211 2119 1387 2160 Valerius
1409 2124 1459 2174 (1,

802 2182 837 2225 g,
867 2188 904 2227 7.
923 2176 965 2214 iu
984 2176 1165 2224 Extern.)
1193 2185 1322 2215 autem
1348 2189 1464 2216 vocat

800 2232 912 2270 illum
932 2231 1060 2270 locum
1070 2230 1287 2280 triclinium,
1306 2244 1394 2272 curn
1408 2233 1460 2272 de

801 2286 944 2326 eodem
963 2286 1168 2328 Simonide
1187 2285 1332 2327 faceret
1350 2302 1459 2329 men-

800 2344 972 2393 tionem,
1001 2343 1044 2382 in
1066 2344 1192 2396 capite
1220 2343 1272 2383 de
1289 2344 1458 2385 Miracu-

797 2400 855 2439 lis.
914 2400 960 2440 C.

810 2466 813 2467 ’
851 2452 995 2496 Versus
1024 2452 1129 2494 causa
1156 2453 1309 2506 praefer
1326 2456 1460 2497 leffiu-

799 2524 893 2552 nem
913 2511 976 2563 Est
993 2511 1086 2551 mihi
1105 2511 1257 2552 vltimis.
1313 2514 1354 2552 Β.

855 2579 905 2621 31
938 2567 1090 2607 Dictum
1114 2581 1154 2606 ac
1171 2568 1341 2622 factum]
1370 2571 1397 2609 Ι.
1419 2581 1455 2608 θ.

797 2636 924 2677 aeque
943 2624 1019 2666 cito
1039 2621 1180 2665 saelum
1206 2623 1261 2664 est
1282 2623 1376 2672 hoc,
1411 2638 1457 2663 ae

1297 2679 1454 2724 elidum.
