1815 3168
624 185 907 232 ANDRIA.

208 317 254 364 si
277 325 319 362 te
342 317 387 362 in
413 315 609 375 germani
633 313 775 360 fratris
799 311 926 358 dilexi
948 308 1059 362 loeo,

190 391 307 439 'Siue
331 402 372 436 te
393 391 497 435 haec
521 389 660 435 solum
681 388 849 451 semper
868 386 969 432 fecit
994 383 1183 434 maximi,

137 503 141 508 ,
206 470 293 513 Seu
315 465 393 512 tibi
417 466 635 523 morigera
656 463 740 510 fuit
761 465 804 508 in
830 462 960 507 rebus
981 458 1204 505 omnibus.

114 543 176 591 60
209 546 281 587 Te
304 539 370 586 isti
391 542 535 585 virum
558 539 628 590 do,
652 540 853 589 amicum,
876 546 1082 586 tutorem,
1111 544 1297 597 patrem.

204 620 326 663 Bona
351 613 491 661 nostra
510 614 615 659 haec
638 613 717 660 tibi
740 613 961 676 permitto,
983 619 1024 655 et
1036 620 1132 655 tuac
1144 606 1304 653 mando
1317 602 1432 653 fidei.

203 695 334 738 Hanc
369 690 479 736 mihi
507 691 554 734 in
574 704 755 735 manum
777 687 869 734 dat:
907 701 1027 731 mors
1061 684 1273 730 continue
1300 681 1434 745 ipsam

306 775 503 828 Occupat.

207 842 398 905 Accepi:
438 849 658 904 acceptam
680 836 871 885 scruabo.
907 831 1013 884 MY.
1035 836 1092 880 ita
1104 833 1228 899 spero
1242 830 1434 895 quidem.

733 916 770 959 F
815 930 837 975 3

126 1013 180 1057 57
218 1000 261 1040 Si
291 1014 326 1040 te
350 1002 390 1039 in
412 998 606 1054 germani]
662 998 724 1038 Sic

72 1068 163 1098 tunc
190 1056 366 1102 dicimus,
395 1055 551 1106 quando
571 1053 726 1106 praesti-

63 1110 183 1153 timus
201 1112 365 1164 aliquid,
390 1122 430 1150 et
459 1122 589 1150 tamen
618 1110 723 1148 nolu-

68 1183 152 1210 mus
169 1167 394 1221 exprobare.
416 1177 453 1205 vt
471 1167 581 1220 Virg.
602 1166 723 1216 (Aen.

63 1238 126 1273 Jx,
146 1228 245 1279 406.
297 1224 337 1264 Si
361 1236 433 1276 qua
461 1225 536 1262 tuis
567 1234 727 1274 vnquam

68 1292 139 1334 pro
160 1295 214 1320 me
230 1291 341 1333 pater
360 1280 549 1327 Hyrtacus
559 1281 636 1318 aris
650 1281 728 1317 Do-

70 1351 121 1377 na
143 1337 243 1376 tulit.
264 1358 302 1370 ·-
322 1338 370 1376 Et
389 1334 488 1379 alibi!
517 1335 640 1385 (Aen.
665 1338 746 1380 1V‚'

71 1394 190 1446 317).
245 1390 287 1430 Si
316 1389 400 1428 bene
425 1389 517 1442 quid
543 1390 588 1428 de
605 1401 641 1427 te
658 1401 730 1426 me-

4 1453 9 1460 '
71 1451 144 1489 rui.
163 1470 198 1478 -·
215 1447 259 1486 In
271 1448 443 1500 germani
448 1443 614 1497 fratris]
642 1447 732 1484 Non

18 1527 19 1530 =
72 1502 197 1544 fratris
228 1500 368 1549 solum,
410 1498 477 1540 sed
503 1500 620 1539 etiam
650 1511 732 1551 ger·

6 1594 20 1615 ὅ,
72 1559 200 1600 mani.-
248 1560 295 1598 D.

127 1621 177 1667 58
195 1612 377 1652 Siuehaec
388 1625 425 1651 te
436 1610 582 1665 filum]
613 1611 653 1652 Si
664 1619 730 1648 aut

74 1681 116 1710 te
133 1669 231 1709 mihi
242 1668 433 1721 praetulit,
455 1678 520 1705 aut
531 1666 679 1705 nulium
693 1678 729 1703 a-

71 1727 170 1766 lium
190 1724 346 1763 nouerit
370 1732 582 1762 amatorem
602 1722 644 1759 in
663 1719 729 1759 do-

73 1795 138 1823 mo
157 1780 379 1820 meretricis.
436 1779 498 1817 D..

128 1836 212 1876 Siue
221 1836 304 1876 haec
314 1849 348 1875 te
360 1835 452 1888 lege
460 1847 508 1874 ex
518 1832 728 1872 coddmn-

74 1893 203 1934 nullis.
267 1893 316 1932 Te
340 1892 462 1938 enim,
489 1902 576 1928 cum
594 1890 635 1926 iu
654 1889 728 1928 ieiu

6 1942 17 1991 {j
73 1963 154 1990 non
167 1947 221 1997 fit,
232 1961 313 1987 non
326 1945 447 1998 potest
457 1959 538 1985 non
549 1944 652 1984 elidi.
685 1948 728 1985 Β.

132 2017 185 2059 ς9
215 2002 431 2058 Morigera]
461 2005 546 2041 Hoc
565 1999 666 2052 quasi
694 2014 729 2038 a·

77 2061 196 2102 manti
224 2060 317 2099 vtile
339 2057 422 2099 suit.
469 2058 579 2110 Virg.
607 2060 728 2108 (Aen.

14 2166 21 2169 v
76 2128 132 2166 w,
151 2118 261 2169 317.)
278 2116 368 2168 fuit
385 2112 733 2168 auttibiqm’cquam

77 2171 343 2213 Dulcemeum.
400 2174 451 2212 D.
540 2198 542 2200 v

131 2231 184 2271 60
214 2228 262 2267 'st
292 2226 351 2278 ¹st1‘
368 2229 492 2265 virum
507 2223 572 2279 do]
611 2226 731 2272 Haec,

81 2294 121 2324 vt
137 2283 312 2332 diximus,
339 2292 378 2320 et
395 2281 547 2334 {iugula
566 2278 661 2328 sunt,
693 2289 733 2319 et

84 2351 163 2379 non
180 2339 490 2391 praecipitantur,
509 2349 583 2375 nec
597 2335 732 2375 dicun-

82 2406 144 2434 tur
153 2408 226 2433 vno
236 2392 378 2446 spiritu,
404 2393 452 2432 Te
462 2391 525 2444 isti
531 2395 654 2430 virum
664 2391 730 2446 do]

83 2454 252 2501 Apparet
281 2449 383 2500 quod
422 2449 559 2488 iuuetis
592 2447 734 2487 dextris

87 2504 183 2544 haec
195 2504 354 2545 dicebat.
374 2505 466 2544 ideo
485 2515 533 2552 et,
555 2505 627 2544 Per
643 2504 734 2544 hanc

0 2570 2 2590 ³
35 2592 38 2604 .
85 2561 252 2600 dextram
263 2574 296 2599 te
314 2574 390 2602 oro,
412 2560 594 2614 Amicum]
614 2560 740 2601 Potest

0 2612 3 2651 Ι

35 2615 38 2670 fl
86 2617 195 2657 enim
224 2625 264 2656 et
288 2618 440 2655 maritus
467 2613 563 2662 esse,
597 2626 635 2656 et
656 2630 738 2663 non

35 2685 39 2725 ι
87 2672 241 2713 amicus.
280 2670 509 2726 Sedaffefiiu
536 2673 659 2713 mariti
686 2686 740 2714 re-
787 2673 848 2713 nis
866 2669 954 2713 suae
973 2682 1044 2723 per
1065 2665 1306 2707 elefflonem.
1358 2664 1408 2703 D-

1283 911 1436 955 Pam.

774 997 862 1037 tulit
879 994 1058 1036 amicum.
1117 991 1266 1046 Virum]
1296 993 1358 1033 Ne
1386 989 1437 1029 fe-

776 1066 927 1107 greges.
991 1050 1187 1104 Amicum]
1233 1051 1296 1088 Ne
1335 1045 1436 1087 dese·

776 1122 845 1149 ras,
901 1106 1103 1161 Tutorem]
1155 1103 1272 1156 Quasi
1303 1103 1434 1142 orbae.

777 1165 946 1218 Patrem]
1002 1160 1120 1213 Quasi
1157 1172 1308 1213 paruae.
1367 1158 1439 1197 Pa-

775 1220 889 1274 trem]
920 1218 982 1260 Ad
1000 1216 1098 1258 illud
1117 1215 1222 1269 quod
1241 1217 1303 1263 ait,
1321 1212 1373 1254 Et
1390 1212 1441 1254 ad

772 1272 1004 1331 pifflicitiam.
1061 1275 1114 1315 D.

834 1336 885 1376 61
920 1332 1027 1370 Bona
1046 1328 1169 1381 nostra
1185 1326 1257 1368 tibi
1265 1325 1439 1378 haecper-

779 1391 899 1433 mitto,
914 1399 949 1425 et
961 1398 1045 1425 tuae
1052 1385 1185 1423 mando
1192 1381 1302 1436 fidei]
1333 1385 1439 1422 Con·

782 1442 898 1483 clufio
923 1454 992 1492 per
1017 1439 1241 1479 mandatum
1268 1448 1310 1477 et
1329 1436 1439 1475 obte-

780 1499 982 1539 stationem
1015 1495 1148 1534 efficax
1185 1492 1281 1533 satis.
1337 1494 1440 1532 Bona

780 1553 918 1606 nostra]
972 1554 1083 1593 Haec
1112 1549 1230 1589 verba
1258 1547 1357 1599 quafi
1388 1545 1441 1586 su-

780 1608 1017 1663 pelleffllern
1057 1603 1162 1645 suam
1201 1603 1439 1643 ostendentis

778 1664 875 1705 sunt.
935 1665 1033 1703 Bona
1058 1660 1212 1714 nostra]
1255 1662 1343 1698 Hoc
1369 1658 1440 1706 est,

778 1721 843 1762 Ad
873 1732 957 1759 rem
976 1717 1186 1757 tutandam.
1217 1716 1349 1767 (leg-e:
1374 1712 1438 1754 Ad

778 1777 872 1826 hoc,
907 1773 959 1813 Et
999 1772 1047 1812 ad
1085 1785 1167 1812 rem
1201 1770 1435 1820 tutandam).

777 1837 826 1875 D·
840 1886 929 1928 Tibi
955 1884 1157 1939 permitto]
1200 1881 1246 1922 al.
1276 1882 1437 1920 commic-

779 1959 829 1987 to.
885 1947 927 1985 L.

833 2004 908 2044 62>
933 1998 1047 2038 Hanc
1081 1994 1176 2036 mihi
1212 1995 1254 2033 in
1283 2005 1438 2042 manum

780 2058 882 2111 dat]
907 2053 1169 2096 confirmatae
1199 2049 1284 2088 sunt
1308 2049 1438 2101 legiti-

779 2126 845 2154 me
864 2112 1023 2163 nuptiae
1043 2121 1114 2161 per
1124 2110 1165 2146 in
1175 2118 1333 2145 manum
1343 2117 1439 2142 con-

780 2170 1022 2210 uentionem.
1087 2168 1136 2206 Et
1180 2163 1278 2202 mire
1321 2159 1437 2199 hanc:

782 2239 878 2274 non,
899 2224 1006 2263 huius
1027 2232 1186 2260 manum.
1233 2217 1343 2258 Mors
1355 2229 1439 2254 con·

781 2286 884 2322 tinuo
907 2279 1022 2332 ipsc'zm
1046 2274 1212 2328 occupat]
1248 2275 1341 2324 Quo
1357 2285 1442 2311 ma·

781 2339 840 2391 gis
859 2347 1074 2375 memorem
1100 2329 1178 2371 effe
1204 2338 1355 2381 oportet
1372 2340 1440 2366 eo·

784 2408 886 2440 rum,
917 2390 1001 2444 post
1019 2401 1121 2442 quae
1138 2388 1203 2426 illa
1219 2384 1317 2425 nihil
1333 2384 1438 2422 locu-

783 2462 821 2489 ta
838 2447 903 2487 est.
959 2449 1010 2489 D.
1270 2455 1271 2458 ’

838 2507 895 2556 63*
921 2501 1068 2554 Accept]
1123 2496 1304 2549 Propn'e‚
1336 2490 1439 2546 quast

787 2572 956 2600 vxorem.
1025 2560 1222 2607 Acceptum
1255 2548 1440 2602 strualm]

787 2614 988 2659 Conclufit
1015 2622 1163 2665 partem
1190 2606 1440 2648 deliberatio-
