1815 3168
503 161 974 220 ‘EvNVCHvs

1352 191 1441 237 515

214 297 553 366 Recipiendum!
588 294 638 344 G
655 312 706 344 N.
746 299 888 358 cogita
911 297 1061 345 modo.
1096 308 1148 345 tu
1176 299 1322 347 hercle
1344 319 1447 352 cum

312 376 383 423 illa
393 413 406 430 ,
438 374 658 426 Phaedria,

214 454 272 499 Et
293 451 477 497 libenter
496 451 633 496 viuis:
679 449 840 505 etenim
863 446 974 494 bene
995 447 1182 495 libenter
1207 447 1392 496 vistitas.

113 542 178 591 45
216 525 352 582 Quod
390 524 485 577 des,
536 522 765 588 paululum
785 521 864 568 est:
906 534 949 569 et
978 521 1143 570 necesse
1172 522 1232 571 est
1255 525 1445 572 multum

305 601 422 664 accip
428 616 500 646 ere
511 598 745 650 Thaidem,

209 681 273 724 Vt
294 688 371 722 tuo
392 675 530 721 amori
550 673 822 738 suppeditare
843 655 970 736 poffit
992 669 1080 719 fine
1100 673 1242 721 sumtu
1261 684 1356 722 tuo.

211 751 284 801 Ad
314 752 460 796 omnia
483 749 588 796 haec
609 750 747 809 magis
781 759 1084 814 opportunus,
1119 765 1201 796 nec
1225 752 1364 812 magis
1389 767 1441 798 ex

307 824 384 873 vsu
406 835 485 871 tuo

75 1044 249 1093 filiarius,
271 1058 352 1085 non
373 1043 576 1097 parasitus,
604 1044 738 1086 -videa-

77 1113 140 1142 tur
167 1103 284 1154 loqui.
338 1104 437 1142 Nam
463 1100 566 1153 quod
593 1114 654 1156 ego
674 1100 736 1140 ad-

77 1157 187 1207 didit,
206 1171 254 1197 eo
274 1156 375 1196 didio
397 1155 479 1197 vsus
498 1156 564 1205 est,
588 1170 667 1208 quo
680 1157 737 1195 vti

76 1211 202 1255 solent
226 1214 292 1265 qui
320 1214 402 1264 plus
430 1214 470 1252 in
496 1213 659 1266 negotio
685 1213 731 1251 vi·

77 1270 187 1310 dent.
239 1271 338 1308 Nam
362 1268 411 1307 fic
433 1270 473 1308 in
498 1268 735 1308 Phormione

76 1321 352 1373 Iurisconsulti,
408 1324 488 1378 Ego
503 1356 512 1371 ,
559 1337 653 1376 quae
694 1326 736 1363 in

77 1395 157 1423 rem
178 1393 280 1420 tuam
297 1378 465 1433 fuerint,
482 1390 535 1418 ‘ea
553 1380 662 1418 velim
668 1380 737 1430 fa-

79 1439 170 1479 cias.
225 1435 309 1490 Ego
327 1434 460 1489 fidulo
483 1434 578 1474 hunc
607 1433 737 1486 dixzffi·

80 1492 200 1533 eredo.
261 1492 341 1546 Ego
366 1491 523 1543 amplius
541 1489 738 1530 deliberan-

79 1551 171 1590 dum
217 1561 275 1586 cen
297 1561 347 1587 eo.
432 1546 584 1600 Cenfio]
633 1545 744 1586 Vide·

78 1606 262 1645 virtutem
279 1608 430 1643 Poetae.
460 1616 543 1642 non
561 1602 669 1654 enim
687 1601 740 1639 di-

80 1662 140 1699 xit
157 1661 259 1706 Peto,
286 1657 350 1698 sed
371 1657 529 1708 censiva
556 1668 740 1708 tauquam

79 1717 157 1756 illis
182 1715 300 1754 modo
319 1710 505 1764 consulat,
523 1725 656 1766 neque
666 1725 737 1762 pro

80 1772 206 1813 milite
229 1781 326 1823 agat.
384 1772 431 1810 D.

135 1826 242 1881 Qid
259 1828 302 1866 id
317 1825 375 1876 est,
395 1826 498 1864 reRe
509 1823 616 1864 codd.
629 1824 739 1876 quin-

80 1896 162 1936 que
181 1895 267 1921 cum
284 1881 370 1922 edd.
390 1891 481 1920 vett.
535 1882 576 1919 R.

135 1951 187 1992 43
220 1938 354 1993 Cogita
374 1936 504 1989 modo]
525 1935 739 1983 M0d0,aut

81 1993 351 2034 tantummodo
396 1990 612 2045 fignificat:
673 2000 740 2029 aut

81 2050 268 2102 temporis
307 2049 362 2089 est
394 2046 634 2088 aduerbium.
689 2049 739 2086 Et

83 2106 190 2147 fimul
207 2108 350 2144 incerta
373 2103 563 2143 distinffio
585 2101 649 2142 est.
687 2104 737 2143 D.

135 2163 269 2217 Cogita
290 2162 412 2209 modo,
430 2173 471 2199 tu
489 2158 623 2212 hercle]
653 2157 740 2197 Post

83 2215 299 2257 sententiae
325 2216 627 2270 propositionem
660 2211 741 2252 sub-

85 2273 205 2312 neffit
223 2286 269 2311 ea
289 2286 388 2324 quae
410 2271 514 2312 vtilia
525 2268 611 2308 sunt
620 2267 740 2308 Phae-

22 2376 26 2385 1
87 2327 204 2376 driae,
233 2338 271 2368 vt
291 2328 466 2379 (excidit,
497 2339 573 2365 cum
600 2326 666 2376 Z.)
696 2325 740 2362 li-

86 2384 229 2423 benter
257 2385 376 2434 capiat
410 2384 551 2424 vieium
569 2410 578 2428 ,
616 2379 741 2432 ipsum

87 2439 249 2491 quidem
293 2453 375 2478 non
421 2439 586 2492 plurima
635 2436 738 2485 dare,

85 2494 283 2535 Thaidem
300 2505 430 2535 contra
450 2494 611 2548 plurima
637 2492 740 2532 velle

87 2552 275 2602 accipere.
329 2554 375 2591 E.

143 2607 261 2647 Recte
281 2608 446 2645 Faernus
466 2607 529 2655 ait,
548 2606 738 2657 Recipiun-

91 2662 178 2702 dum
205 2662 323 2701 tribui
350 2661 495 2701 debere
520 2661 739 2702 Chaereae:

90 2721 165 2771 Et,
203 2718 320 2769 Hem,
358 2715 479 2766 solum
506 2717 718 2767 Phaedriae
727 2730 739 2768 ς

1289 904 1442 949 Nemo

787 1045 853 1097 qui
889 1057 982 1096 prae
1025 1044 1304 1097 indignatione
1344 1043 1446 1083 nihil

785 1099 1035 1154 respondeat,
1063 1098 1130 1140 sed
1158 1101 1267 1140 vultu
1298 1100 1447 1140 confili-

784 1170 851 1196 um
875 1155 1042 1209 spernat.
1095 1159 1137 1196 Β.

840 1226 895 1266 44
926 1212 975 1251 Et
993 1210 1145 1250 libenter
1163 1211 1282 1265 viuis]
1312 1212 1356 1252 Id
1378 1210 1444 1261 est,

782 1267 974 1307 bonorum
985 1266 1158 1306 ciborum
1170 1267 1269 1306 edax
1281 1280 1334 1308 es.
1362 1271 1411 1309 D.

841 1328 934 1376 Leg.
960 1334 998 1364 et
1018 1323 1098 1362 dist.
1128 1324 1180 1363 Vt
1210 1322 1365 1363 libenter
1389 1324 1447 1361 vi-

787 1382 844 1418 uis
878 1382 936 1430 (et
963 1382 1056 1417 enim
1085 1378 1173 1418 bene
1203 1375 1359 1419 libenter
1390 1380 1449 1416 vi-

787 1436 925 1486 c‘titas).
979 1436 1089 1481 Nam,
1118 1447 1180 1482 vt,
1214 1434 1320 1485 quod
1337 1447 1448 1486 repe-

789 1491 882 1529 ritur
906 1491 947 1528 in
967 1489 1050 1528 cod.
1065 1492 1156 1542 Reg.
1177 1487 1300 1542 signif.
1312 1501 1446 1542 prout.

787 1549 886 1586 Vttu
897 1546 1009 1592 laute,
1024 1542 1224 1593 sumtuose,
1238 1558 1322 1584 cum
1334 1559 1379 1585 ea
1391 1545 1446 1582 vi-

788 1602 845 1640 nis
866 1600 1047 1652 quotidie,
1073 1598 1228 1639 neeesse
1248 1600 1301 1639 est
1318 1612 1357 1639 vt
1377 1601 1446 1639 illa

788 1658 951 1696 multum
970 1656 1131 1707 accipiat
1142 1669 1152 1700 ;
1173 1655 1243 1694 tibi
1255 1669 1343 1695 vero
1357 1669 1449 1707 pau-

789 1713 873 1752 lum
902 1712 957 1751 est
987 1711 1094 1763 quod
1119 1711 1199 1750 des.
1232 1710 1279 1750 cf.
1304 1714 1448 1752 Heaut.

793 1780 827 1817 1,
847 1782 876 1818 1,
904 1770 995 1810 116.
1050 1770 1092 1807 B.

838 1835 893 1877 45
925 1826 1022 1862 Tres
1041 1822 1153 1862 codd.
1173 1822 1448 1875 reftepaulum,

788 1893 857 1932 pro
878 1878 1078 1932 paululum.
1135 1881 1177 1918 Β.

841 1937 895 1987 46
939 1933 1179 1986 Suppeditare
1221 1931 1328 1986 poffit
1365 1933 1448 1986 fine

777 1989 910 2041 sumtu
945 2004 1021 2029 zuo.
1079 1994 1160 2029 Aut
1189 1989 1445 2042 suppeditare,

788 2059 857 2098 pro
877 2044 1118 2098 suppeditari
1127 2060 1136 2083 ε
1175 2055 1240 2083 aut
1268 2044 1374 2086 deest
1385 2045 1445 2096 fi.

788 2105 841 2142 Vt
858 2103 976 2154 (Aen.
1000 2115 1047 2148 Π,
1065 2101 1200 2153 235.),
1234 2102 1446 2153 Accingunt

789 2171 914 2198 omnes
935 2159 1050 2210 operi.
1105 2158 1154 2196 D.

840 2225 897 2266 47
924 2213 990 2252 Ad
1011 2214 1132 2251 omnia
1161 2210 1251 2253 haec
1270 2213 1387 2266 magis
1405 2226 1449 2251 ο.

783 2281 979 2322 portunus,
1010 2281 1076 2309 nec
1094 2271 1208 2322 magis
1228 2281 1275 2306 ex
1293 2268 1359 2319 vsu
1378 2281 1447 2311 tuo

787 2339 889 2364 nemo
912 2323 978 2379 est]
1005 2324 1167 2365 Locutio
1186 2322 1240 2362 est
1259 2336 1308 2363 ex
1326 2337 1450 2377 nega·

789 2382 877 2419 tiuis
905 2381 1036 2419 tertia:
1069 2391 1127 2426 vt,
1155 2381 1300 2434 Agrum
1318 2382 1358 2419 in
1388 2381 1449 2420 hie

789 2434 1000 2491 regionibus
1019 2435 1199 2475 meliorem
1208 2449 1309 2475 nemo
1323 2434 1448 2474 haber.

788 2496 922 2548 Magis
947 2506 993 2531 ex
1019 2491 1099 2543 vsu]
1131 2493 1203 2531 Pro
1237 2491 1376 2533 vtilior.
1407 2502 1448 2529 et

788 2549 923 2603 Magis
945 2559 1165 2599 oportunus,
1192 2560 1262 2599 pro
1291 2557 1447 2598 oportu-

788 2606 886 2643 nior.
949 2603 1071 2644 Nemo
1100 2601 1163 2656 est]
1203 2605 1290 2643 Hoc·
1324 2601 1378 2642 est
1406 2614 1449 2639 o-

789 2670 988 2715 portunuz.
1037 2661 1095 2699 u

898 2716 972 2774 §k
1001 2726 1026 2763 ε
1315 2688 1319 2693 ’
1367 2713 1446 2755 Nec
