1815 3168
324 152 417 212 306
719 149 876 199 AC'r.
916 149 966 197 11,
1011 149 1204 193 SCEN.
1241 149 1272 195 1.

458 275 593 332 Quod
616 278 794 340 poteris,
824 275 877 322 ab
904 292 950 321 ea
971 275 1136 339 pellito.

365 371 422 403 10
456 351 603 401 PAR.
640 353 842 404 Memini,
864 348 1025 397 tametsi
1055 349 1200 396 nullus
1233 365 1426 399 moneas,
1463 348 1560 398 ΡΗ.
1601 370 1687 413 ego

553 444 627 474 rus
648 427 738 491 jbo,
764 436 890 489 atque
912 425 971 471 ibi
995 423 1194 472 manebo.

457 501 585 551 PAR.
624 502 800 549 Censeo.
843 499 929 547 PH.
968 500 1038 546 sed
1061 501 1169 546 heus
1193 512 1254 547 tu.
1295 498 1419 549 PAR.
1462 500 1569 566 quid
1591 503 1688 549 vis?

554 575 651 624 PH.
690 571 855 623 censen’
875 571 995 640 poffe
1016 592 1088 621 me
1111 574 1341 623 obfirmare

458 658 515 700 Et
533 655 718 717 perpeti,
743 669 797 697 ne
818 652 993 697 redeam
1013 651 1207 698 interea?
1238 649 1369 698 PAR.
1404 661 1448 700 te
1469 653 1560 700 ne?
1594 671 1687 701 non

558 728 702 774 hercle
727 727 932 777 arbitror,

457 808 578 852 Nam
606 815 680 849 aut
701 805 786 848 iam
808 813 1042 858 reuertere,
1065 813 1138 852 aut
1157 820 1261 851 mox
1284 800 1422 851 noan
1442 814 1486 852 te
1510 804 1689 866 adigent

557 878 734 926 horsum
760 877 983 926 insomnia.

328 1080 450 1136 fflum]
482 1078 525 1120 Id
553 1077 623 1125 est,
651 1077 853 1119 molestum
881 1087 921 1117 et
949 1091 987 1117 o-

328 1135 498 1179 diosum:
524 1149 618 1175 nam
647 1134 724 1174 hoc
746 1133 932 1189 fignificat
959 1138 987 1173 i-

318 1193 700 1299 fluffiungmstmm
710 1246 866 1301 ornato]
887 1246 987 1289 Cha-

329 1304 388 1346 ris.
406 1305 472 1348 lib.
492 1317 529 1346 2.
585 1308 627 1344 L.

385 1431 411 1470 9
440 1415 499 1457 Ab
524 1429 564 1455 ea
582 1411 732 1470 pellito]
761 1414 819 1456 Ab
847 1429 909 1463 ea,
937 1413 985 1453 ab

328 1476 410 1515 eius
432 1474 575 1513 animo.
606 1482 758 1520 ernon,
782 1470 867 1525 pelli
882 1471 989 1523 flaci-

328 1545 394 1573 to:
422 1528 497 1576 sed,
516 1530 654 1581 pellito.
710 1530 761 1568 D.

370 1585 485 1628 'Illud
508 1586 587 1634 Au,
615 1583 718 1636 quod
745 1585 788 1623 in
816 1582 926 1623 codd.
950 1594 992 1623 et

330 1642 420 1689 edd.
444 1652 536 1681 vett.
565 1639 716 1680 versum
741 1653 801 1682 10.
825 1640 988 1691 orditur,

328 1710 518 1740 mutatum
550 1698 590 1737 in
617 1697 663 1738 a'h
682 1707 899 1749 apponatur
920 1710 988 1735 no·

329 1755 416 1798 stro.
471 1758 513 1795 B.

390 1880 442 1910 10
477 1864 637 1918 Tametsi
670 1863 788 1904 nullus
815 1864 985 1919 moneas]

327 1926 518 1976 Properat
541 1919 667 1961 seruus
689 1933 849 1973 carpere
882 1922 987 1959 vani-

330 1981 506 2031 loquium
543 1977 701 2015 domini.
773 1980 822 2016 Et
857 1974 987 2022 nullus,

330 2049 403 2090 pro
425 2048 521 2073 non.
548 2033 597 2071 fic
618 2033 656 2071 in
670 2035 833 2085 Hecyra,
853 2031 989 2071 Nullus

329 2094 483 2133 dixeris.
517 2089 666 2129 Plautus
699 2090 739 2127 in
756 2088 990 2128 Trinummo

329 2153 415 2202 (111,
443 2159 473 2192 1,
495 2148 561 2198 5.),
580 2144 714 2183 Nullus
731 2145 870 2184 credas.
908 2143 989 2197 Ego

335 2219 396 2244 rus
416 2202 496 2256 ibo]
522 2203 572 2241 Et
590 2200 748 2238 bociam
761 2199 902 2245 dicium
916 2199 990 2238 est:

333 2260 399 2302 sed
421 2257 606 2304 ostendit,
639 2269 752 2306 quam
774 2253 932 2294 moleste
951 2254 991 2293 id

333 2316 495 2368 incipiat
514 2311 715 2353 Phaedria.
772 2314 833 2360 D.,

392 2369 526 2410 Nullus
543 2368 703 2422 moneas]
735 2370 822 2407 Hoc
844 2366 910 2412 est,
925 2364 991 2405 etsi

335 2442 417 2467 non
439 2438 619 2472 moneas3
650 2423 754 2475 quod
780 2424 854 2461 alio
875 2423 917 2460 in
937 2423 992 2460 1ο-

332 2497 380 2523 co
400 2485 473 2522 ait:
503 2480 620 2520 nunus
638 2482 801 2524 dixeri53
830 2479 925 2517 alias
936 2480 995 2518 vti

330 2537 455 2593 poffim
477 2538 582 2588 coufiz
603 2535 669 2574 hac
687 2538 849 2590 integra.
896 2538 936 2574 E.

385 2597 565 2640 Memini,
595 2591 764 2646 tametsi]
803 2587 875 2633 Ms.
905 2591 999 2631 Au!'

329 2653 488 2692 memini.
545 2652 584 2690 L

1592 959 1623 1004 Ρ
1640 973 1688 1002 a.

1094 1090 1140 1121 11
1189 1081 1333 1132 Cenfin’
1356 1080 1450 1134 poffi
1491 1096 1546 1120 me
1576 1078 1693 1131 οἶν-,ᾔν-
1737 1082 1743 1085 ’

1034 1149 1145 1181 mare,
1171 1150 1206 1176 et
1212 1139 1373 1191 perpeti]
1404 1137 1630 1178 Arbitraris:
1653 1147 1692 1176 vt

1038 1192 1230 1243 Censores,
1268 1194 1334 1243 qui
1359 1207 1512 1232 morum
1541 1194 1695 1232 alieno-

1035 1261 1119 1286 rum
1156 1246 1305 1286 habent
1334 1245 1519 1287 summum
1549 1248 1695 1287 arbitri-

1035 1317 1114 1343 um.
1171 1307 1217 1344 Et
1236 1303 1326 1342 ideo
1344 1302 1448 1342 hunc
1465 1314 1695 1356 putantnon

1038 1356 1204 1406 censere,
1227 1360 1316 1410 quia
1335 1357 1416 1410 ipse
1428 1358 1613 1398 defiderat
1627 1360 1695 1398 fie-

1036 1417 1078 1454 ri.
1137 1415 1239 1466 Posse
1267 1413 1476 1466 obfirmare,
1512 1429 1548 1454 et
1569 1427 1694 1467 perpe-

1037 1471 1089 1526 ti]
1134 1470 1266 1511 Verba
1309 1470 1395 1511 sunt
1436 1468 1694 1522 desperantis:

1038 1541 1119 1566 non
1145 1526 1298 1567 firmare
1320 1557 1328 1575 ‚
1375 1525 1441 1566 sed
1469 1527 1695 1567 obfirmare:

1036 1597 1118 1623 11011
1137 1585 1227 1635 pati,
1245 1581 1310 1622 sed.
1337 1583 1504 1635 perpeti.
1560 1586 1608 1623 D.

1094 1640 1224 1690 Cenfieo
1252 1639 1306 1678 est
1330 1640 1481 1678 ironice
1509 1639 1695 1693 negantis

1036 1693 1077 1735 se
1107 1694 1288 1745 censere,
1321 1707 1358 1735 vt
1386 1695 1514 1745 audio,
1541 1707 1583 1736 et
1599 1695 1697 1734 fimi-

1037 1753 1098 1792 lia.
1155 1754 1194 1792 Β.

1097 1821 1147 1850 12
1183 1808 1235 1847 Te
1260 1807 1353 1861 πεῖ]
1412 1808 1463 1848 Te
1491 1805 1597 1859 quod
1629 1807 1694 1855 ait,

1036 1863 1139 1903 hanc
1171 1865 1247 1902 vim
1280 1863 1415 1911 habet,
1452 1861 1696 1915 vtfignificet

1036 1919 1234 1970 perditum
1287 1931 1418 1957 amore
1471 1917 1697 1958 Phaedriam

1037 1973 1124 2014 essfi'e.
1183 1978 1235 2016 D„

1094 2029 1147 2069 Et
1166 2043 1324 2081 appone
1344 2029 1475 2081 priori.
1532 2031 1574 2068 Β.

1096 2098 1145 2138 13
1176 2087 1277 2126 Nam
1304 2098 1373 2124 aut
1398 2088 1472 2124 iam
1493 2084 1696 2139 reuertere]

1040 2142 1161 2183 Modo
1181 2144 1266 2189 iam,
1286 2155 1356 2192 pro
1374 2141 1507 2180 statim.
1552 2143 1602 2180 Te
1621 2141 1699 2179 adi·

1037 2212 1130 2249 gent
1152 2197 1322 2251 horsum]
1352 2199 1438 2236 Hoc
1458 2196 1532 2245 est,
1562 2195 1610 2234 ad
1637 2210 1698 2235 vr·

1042 2254 1135 2293 bem
1163 2265 1293 2308 agent.
1350 2253 1554 2306 Insomnia]
1585 2248 1719 2304 Vigi-'

1039 2310 1126 2349 liae.
1183 2311 1338 2362 Legitur
1358 2320 1396 2347 et
1415 2310 1556 2364 adiget,
1592 2319 1630 2347 vt
1651 2307 1696 2347 fit

1038 2366 1215 2417 insomnia
1233 2365 1385 2403 numeri
1405 2364 1614 2417 fingularis.
1644 2368 1696 2405 D.

1098 2426 1207 2462 Vnus
1225 2420 1311 2459 cod.
1333 2422 1480 2468 Faerni,
1510 2431 1548 2459 et
1565 2422 1697 2460 Dona-

1042 2487 1100 2516 tus
1138 2480 1241 2517 refie
1274 2477 1406 2530 adiget.
1461 2479 1559 2516 Nam
1599 2476 1697 2525 inst>-

1040 2535 1139 2572 mnia
1160 2534 1201 2571 in
1223 2546 1310 2585 gen.
1332 2533 1420 2571 fem.
1434 2531 1488 2572 vfi
1519 2530 1602 2571 sunt
1620 2536 1697 2572 En-

1039 2590 1137 2637 nius,
1164 2590 1361 2637 Pacxmius,
1389 2588 1590 2633 Caecilius,
1619 2589 1695 2627 Sal·

1035 2644 1177 2695 lustius,
1199 2645 1418 2694 Suetonius,
1432 2644 1592 2685 Gellius.
1621 2645 1662 2683 B.
1687 2660 1690 2662 ’
