1815 3168
334 151 430 200 340

712 131 872 180 ACT.
911 133 960 180 11.
996 131 1194 178 SCEN.
1227 133 1297 178 111.

463 261 500 312 P
515 273 547 307 A
562 274 608 306 R.
647 259 936 308 Incommode
970 258 1134 308 hercle.
1153 292 1163 304 2
1184 255 1232 307 C
1246 272 1298 307 Η.
1337 261 1428 306 imo
1473 261 1705 309 enimuero

559 335 811 384 infeliciter:

465 417 587 462 Nam
610 410 891 458 incommoda
914 410 993 455 alia
1013 409 1112 456 sunt
1139 407 1334 463 dicenda,
1356 414 1590 460 Parmeno.

462 491 611 541 lllum,
636 489 774 550 liquet
795 486 907 531 mihi
932 485 1137 538 deierare,
1165 485 1235 531 his
1254 485 1474 534 mensibus

369 580 439 629 40
475 569 572 623 Sex,
591 564 769 630 septem,
790 560 994 628 prorsum
1011 578 1103 608 non
1135 558 1283 608 vidisse
1308 564 1536 628 proximiS,

396 801 450 845 37
480 790 560 829 1mo
575 788 759 827 enimuero
780 781 999 839 infeliciter]

343 852 453 890 Bene
471 847 545 886 hoc
567 843 794 898 interponit,
816 841 921 892 quod
944 842 1003 879 in-

345 903 534 945 credibile
564 899 638 948 est,
670 897 876 937 tardiorem
906 896 1004 936 futu-

346 975 431 1003 rum
453 967 666 998 amatorem
686 950 832 992 incefl'u
845 953 1005 1006 virginis

347 1016 465 1072 (Edd.
494 1024 584 1055 vett.
603 1010 706 1063 quod
723 1007 935 1049 incredibile
961 1006 1008 1058 est

348 1076 532 1119 παράδοξον
551 1098 562 1116 ,
609 1066 814 1105 tardiorem
847 1077 1008 1103 amorem

339 1127 454 1183 fuiffe
474 1129 515 1166 in
539 1121 669 1173 incessu
687 1121 882 1176 virginis).
913 1123 961 1161 D.

407 1186 487 1224 Imo
527 1182 621 1220 enim
647 1178 757 1232 vero]
789 1177 904 1217 Re&e
922 1175 1010 1215 ado·

349 1239 497 1284 lescens
517 1233 775 1289 reprehendit
792 1231 941 1272 seruum
954 1232 1009 1271 di-

352 1309 529 1342 centem,
570 1291 804 1331 incommode.
861 1292 1012 1329 Incom-

351 1353 513 1397 modum
532 1350 586 1388 est
604 1349 723 1396 enim,
743 1359 832 1384 cum
851 1358 924 1384 nos
947 1358 1012 1383 no-

351 1412 414 1452 bis
434 1404 540 1447 causa
561 1402 697 1452 sumus,
728 1413 766 1442 vt
782 1401 929 1454 aliquid
949 1400 1012 1440 da-

352 1468 436 1510 mni
468 1461 686 1503 sentiamus.
741 1463 792 1499 At
822 1470 916 1498 vero
947 1456 1012 1496 hic

355 1534 488 1578 parum
522 1517 689 1558 feliciter
716 1513 824 1568 gesta
859 1527 920 1554 res
946 1512 1011 1562 est,

355 1582 417 1623 vel
444 1575 654 1619 infeliciter
675 1571 824 1625 potius,
859 1584 945 1610 cum
964 1582 1013 1609 ex

355 1645 503 1680 euentu
533 1644 572 1671 et
600 1645 648 1670 ex
678 1627 836 1668 fortuna
854 1626 1012 1680 quidam

355 1699 574 1736 occurreret
598 1685 741 1735 senex,
784 1694 825 1724 vt
850 1682 1015 1734 impedi-

354 1760 489 1792 mento
510 1742 624 1785 effen
669 1745 716 1783 Et
733 1751 839 1780 certe
857 1740 953 1781 mihi
964 1739 1017 1778 vi·

355 1809 467 1847 detur
486 1802 630 1841 idcirco
649 1795 810 1837 mutafi'e
820 1809 946 1850 genus
959 1808 1016 1834 ca-

355 1860 545 1905 lamitatis,
558 1867 595 1895 vt
606 1853 874 1894 infelicitatem
886 1853 1015 1905 potius

357 1931 472 1974 quam
516 1910 810 1952 incommodum
856 1908 1014 1948 diceret.

356 1974 460 2030 qnod
477 1966 768 2009 incommodum
782 1966 859 2003 iam
870 1965 1015 2003 malum

356 2032 412 2074 est
440 2025 544 2081 quod
577 2022 777 2064 euenerit:
808 2019 1014 2060 infelicitas

356 2100 447 2129 vero
466 2083 508 2123 id
527 2080 672 2120 malum
692 2077 767 2125 est,
796 2076 902 2129 quod
933 2086 1016 2128 per-

354 2141 462 2187 uersa
485 2138 641 2179 fortuna
667 2134 881 2186 contingit:
912 2131 1019 2185 quod

356 2211 489 2243 tamen
516 2191 673 2233 eonfilio
700 2201 738 2229 et
769 2191 909 2229 virtute
937 2201 1018 2230 cor.

355 2259 430 2313 sigi
451 2264 491 2294 et
508 2247 680 2289 sustineri
700 2245 835 2298 potest.
890 2249 935 2286 E.

410 2319 462 2365 33
510 2308 612 2346 Nam
662 2302 898 2343 incommoda
943 2300 1018 2342 alia

341 2371 438 2425 fimt
485 2360 653 2414 dicenda]
701 2360 818 2409 Quae
865 2357 1019 2399 minora

352 2428 438 2470 sunt
455 2421 605 2466 scilicet,
632 2425 696 2454 aut
712 2414 857 2454 similia.
910 2416 960 2455 D.

408 2493 461 2536 39
492 2476 597 2517 Illum
622 2472 738 2524 liquet
769 2471 860 2510 mihi
878 2471 1016 2512 deiera-

353 2540 409 2594 re]
438 2531 645 2585 Liquidum
665 2527 718 2566 est
746 2526 932 2578 constans,
975 2538 1016 2568 et

353 2590 610 2636 manifestum,
629 2595 668 2623 et
686 2595 853 2624 cenum.-
900 2587 948 2625 Et
964 2583 1014 2624 fic

355 2653 492 2708 liquet,
539 2656 608 2699 pro
643 2639 836 2694 liquidum
867 2640 942 2683 est:
972 2651 1013 2682 vt

1608 637 1707 689 Nisi

1050 781 1210 831 claudit,
1241 795 1309 834 pro
1337 782 1514 824 claudum
1535 781 1599 823 est.
1655 785 1711 823 Vt

1052 839 1155 892 apud
1182 839 1398 880 Sallustium
1432 841 1492 891 (in
1525 842 1711 895 Fragm.),

1051 895 1168 937 Nihil
1192 895 1368 948 socordia
1398 894 1603 936 claudebat.
1661 894 1710 937 Et

1056 952 1110 991 est
1147 953 1260 1005 liquet
1288 951 1448 992 verbum
1488 953 1595 1001 iuris,
1630 965 1711 1004 quo

1056 1007 1264 1047 vtebantur
1283 1007 1441 1055 iudices,
1469 1021 1589 1059 quum
1617 1016 1713 1049 AM·

1056 1075 1223 1105 PL1vs
1270 1064 1606 1116 pronunciabant,
1647 1063 1715 1103 oba

1055 1118 1230 1158 seui-itate
1267 1121 1448 1160 commoti
1476 1119 1608 1161 causae
1635 1134 1715 1161 ma·

1057 1176 1137 1229 gis,
1168 1188 1282 1228 quam
1307 1177 1458 1229 negotii
1475 1177 1717 1229 simplicitate

1059 1231 1193 1283 (forte,
1212 1233 1440 1284 implicitam,
1469 1232 1507 1271 11.
1528 1245 1563 1272 e.
1584 1233 1716 1285 impli-

1059 1289 1241 1340 catione).
1297 1288 1497 1336 Deierare,
1528 1288 1640 1328 valde
1658 1290 1718 1329 iu·

1058 1357 1159 1383 rare:
1172 1343 1440 1394 vt‚demir‹1r,'et
1450 1344 1578 1383 deamo
1589 1358 1636 1392 te,
1648 1345 1717 1395 Sys

1058 1413 1118 1448 re,
1147 1398 1175 1438 fi
1202 1400 1246 1439 de
1272 1400 1456 1450 produete
1487 1401 1653 1453 legerim
1681 1399 1718 1452 {fi

1060 1466 1255 1507 correpte,
1281 1456 1376 1496 deos
1396 1457 1523 1496 iurare
1532 1457 1720 1512 intelligi-

1063 1522 1135 1553 tur.
1189 1515 1240 1555 D.
1458 1559 1461 1561 ,

1118 1568 1254 1622 Liquet
1281 1569 1372 1609 mihi
1411 1568 1594 1624 deierare]
1634 1573 1719 1612 Ma·

1062 1623 1217 1673 nifeste,
1251 1627 1398 1679 inquit,
1440 1623 1588 1678 poffum
1622 1627 1721 1668 int-ae·

1062 1696 1119 1722 re.
1147 1726 1148 1729 Ἴ
1176 1683 1306 1736 Liquet
1326 1683 1446 1732 enim,
1470 1682 1544 1721 hoc
1563 1680 1629 1731 est,
1648 1685 1721 1725 cla·

1064 1753 1149 1779 rum
1172 1749 1212 1778 et
1229 1738 1470 1779 manifestum
1488 1738 1552 1780 est.
1593 1740 1644 1780 Vt
1654 1741 1722 1782 Ci-

1065 1808 1153 1835 cero
1164 1796 1352 1837 Cluentio
1373 1802 1440 1845 (28
1454 1805 1493 1835 et
1505 1796 1597 1848 38.)
1625 1795 1720 1851 Qi-

1064 1849 1234 1903 damst‘bi
1250 1853 1382 1891 iudices
1400 1865 1473 1890 non
1502 1853 1637 1904 liquere
1662 1853 1719 1891 'di-

1062 1921 1216 1948 xerunt.
1282 1908 1464 1947 Deierare
1497 1906 1554 1947 est
1590 1906 1720 1949 sancio

1062 1965 1201 2004 iurare.
1259 1965 1302 2004 E.

1118 2031 1174 2073 40
1203 2018 1378 2071 Prorfitm
1398 2032 1473 2059 non
1492 2019 1619 2070 vidisse
1633 2031 1722 2073 pro-

1064 2076 1195 2130 ximis]
1225 2077 1329 2127 Quia
1357 2089 1440 2115 non
1469 2074 1604 2116 vidisse
1623 2077 1723 2116 dixit

1059 2135 1265 2187 proximis,
1298 2133 1511 2185 praeteritis
1536 2133 1724 2187 intelligi-

1066 2202 1165 2228 mus.
1233 2190 1412 2230 Proxima
1454 2189 1561 2228 enim
1604 2189 1721 2229 nobis

1067 2256 1131 2285 aut
1149 2246 1363 2298 praeterita,
1382 2255 1446 2283 aut
1464 2244 1593 2284 futura
1613 2243 1719 2287 sunt:

1067 2316 1160 2341 nam
1179 2299 1393 2354 praesentia
1411 2315 1456 2341 ea
1473 2299 1630 2354 suntkin
1642 2303 1722 2354 qui·

1067 2358 1140 2397 bus
1163 2370 1267 2397 nunc
1284 2356 1420 2397 sumus.
1476 2360 1526 2399 D.
1707 2398 1709 2401 ,

1121 2417 1231 2468 Lege
1240 2413 1408 2468 prorsus,
1432 2413 1534 2466 quod
1547 2426 1628 2453 non
1638 2426 1723 2454 moe

1065 2470 1115 2510 do
1129 2473 1303 2522 quinque
1314 2470 1423 2510 codd.
1436 2484 1521 2509 cum
1531 2469 1617 2508 edd.
1630 2483 1720 2511 vett.

1063 2539 1102 2567 et
1119 2525 1225 2567 Prisc.
1246 2540 1282 2577 p.
1309 2538 1423 2569 1200.
1453 2525 1617 2576 habent,
1655 2524 1721 2567 sed

1063 2595 1103 2623 et
1130 2584 1358 2623 concinnius
1388 2583 1463 2631 est,
1491 2585 1581 2634 quin
1610 2597 1718 2634 prae-

1063 2639 1147 2682 ced.
1170 2652 1246 2682 vox
1266 2655 1300 2681 m
1321 2641 1559 2680 terminatur.
1615 2641 1656 2678 B.
