1815 3168
278 140 370 199 156
649 140 803 186 ACT.
841 142 909 186 111.
951 142 1140 187 sce-N.
1178 144 1254 188 lv.

405 264 544 314 DAv'.
581 270 726 316 Hem!
758 286 969 315 numnam
991 268 1234 334 peniimus⁷
1270 266 1347 316 SI.
1375 271 1639 327 narrohuic,

506 359 614 406 quae
638 355 684 388 tu
707 344 874 389 dudum
898 343 1075 390 naxrasti
1101 345 1222 391 mihi.

404 414 499 464 DA
517 431 566 463 v.
610 419 834 472 Quidnam
855 419 1017 465 audio?
1055 417 1133 466 SI.
1168 430 1341 480 gnatam
1370 433 1417 468 vt
1446 421 1519 468 det
1543 439 1639 482 oro,

502 495 659 555 vixque
681 493 724 540 id
747 511 895 541 exoro.
932 492 979 540 D
997 508 1025 539 Α
1045 507 1092 543 v.
1129 496 1281 542 occidi.

406 564 484 615 Sl.
530 569 677 618 Hem!
726 570 832 633 quid
865 569 968 616 dixti
984 574 1005 615 ’Β
1042 569 1201 617 DAV.
1241 581 1423 635 optume
1460 574 1641 635 inquam

502 641 686 691 fastum!
725 644 801 691 SI.
841 663 960 692 nunc
981 662 1061 710 per
1083 646 1201 715 hupc
1229 640 1398 692 nulla’st
1425 665 1561 694 mora.

311 734 371 779 ις
404 715 502 765 CH.
548 724 747 766 Domum
770 721 904 768 modo
928 721 1031 768 ibo:
1071 731 1118 770 vt
1150 733 1439 787 apparentur,
1476 724 1638 770 dicam:

503 805 631 858 atque
653 796 739 842 huc
760 799 991 844 renuncio

404 868 478 918 SI.
511 874 649 916 Nunc
674 883 715 917 te
741 889 834 924 oro,
866 877 1005 927 Daue,
1039 875 1249 937 quoniam
1269 873 1382 920 solus
1403 874 1513 920 mihi
1538 871 1641 920 effe-

500 944 592 991 cisti
609 947 687 992 has
709 948 902 1011 nuptias.

324 1193 374 1223 12
398 1181 586 1220 Numnam
599 1178 782 1234 perinms]
815 1183 929 1220 Tune

267 1240 437 1292 primum
486 1235 670 1288 intelligit
716 1238 851 1276 Dauus
890 1235 930 1277 se

265 1309 303 1333 m
309 1295 411 1333 ilum
437 1289 586 1332 dedifle
606 1292 804 1331 confilium
825 1297 930 1333 Pam-

265 1350 394 1404 philo
431 1361 469 1387 vt
499 1349 596 1399 pani
615 1347 866 1398 polliceretur
893 1347 932 1388 se

267 1420 427 1448 vxmem
449 1401 525 1444 esse
545 1404 756 1444 dueturwm
813 1409 856 1445 E.

320 1459 459 1504 Veisus
491 1461 613 1514 gratia
633 1460 727 1498 illud
745 1461 840 1501 Hem
861 1462 933 1513 pri-

266 1519 323 1559 ori
351 1515 470 1557 teriui
493 1529 662 1569 appone.
717 1520 758 1557 Β

327 1587 376 1627 13
409 1574 602 1630 Qidnam
619 1572 791 1628 aud102]
821 1574 935 1628 Legi-

267 1643 328 1671 tur
357 1642 394 1671 et
426 1630 584 1668 audiam.
645 1629 868 1670 Menander
896 1643 935 1669 e-

267 1688 351 1728 nim
369 1687 416 1726 fic
436 1688 498 1734 ait,
524 1685 562 1722 τί
582 1682 698 1727 δήποτ’
722 1686 849 1726 ἁκέσω
880 1686 932 1725 D,

323 1748 431 1796 Lege
467 1741 618 1780 audiam
647 1741 688 1779 in
721 1739 850 1781 futuro
882 1741 932 1781 ob

265 1798 431 1842 sensum.
488 1801 587 1838 Nam
624 1796 729 1835 Simo
772 1799 930 1848 dixerat,

264 1869 383 1897 narro
423 1864 494 1892 etc.
532 1852 671 1892 metuit
712 1854 830 1905 igitur
856 1857 935 1897 Da‘

266 1925 350 1960 uus,
375 1909 472 1963 quid
491 1909 687 1948 auditurus
702 1908 760 1955 (it,
783 1923 931 1962 nempe

266 1979 466 2010 exoratum
502 1962 578 2005 esse
613 1964 841 2006 Chr.emem
881 1964 930 2006 cf.

264 2029 454 2070 Donatus,
474 2020 521 2059 ad
541 2021 581 2060 h.
604 2020 628 2058 l.
689 2023 731 2059 Β.

330 2093 380 2132 14
402 2079 539 2118 Occidi.
557 2076 709 2130 optime]
733 2079 840 2117 Bene
850 2073 933 2116 vsus

266 2136 323 2177 est
347 2140 531 2182 meost-wiza,
569 2133 686 2171 occide
722 2143 760 2171 et
787 2135 932 2185 oplime,

268 2205 307 2232 vt
330 2190 577 2232 fimilitudine
607 2187 757 2227 falleret
773 2188 934 2228 audien-

267 2260 358 2288 tem.
413 2247 489 2287 Per
515 2244 634 2299 hunc]
679 2243 934 2285 Chremetem

264 2303 421 2345 scilicet.
480 2304 529 2342 D.

323 2363 469 2412 Optime
535 2359 688 2411 inquam
751 2355 931 2411 fizc'lum]

271 2418 472 2467 Quoniam
486 2415 573 2453 audi
578 2425 615 2453 to
643 2411 799 2452 confilio
817 2410 930 2463 senis,

269 2471 395 2511 seruus
421 2471 570 2510 dixerat
600 2470 737 2515 occidi,
768 2469 934 2508 interro-

299 2541 378 2570 atus
403 2543 425 2567 a
454 2524 543 2566 sene
565 2523 690 2565 rursus
710 2523 801 2576 quid
823 2523 935 2564 dixis-

267 2588 337 2636 ἀι,
351 2587 496 2640 optime,
509 2583 645 2636 inquit,
653 2582 814 2635 fufium.
833 2584 934 2624 Nam

1487 1026 1641 1089 DAV-

980 1180 1029 1220 ab
1058 1193 1134 1220 vna
1159 1180 1289 1221 littera
1314 1191 1522 1234 Vtrumque
1549 1183 1644 1221 inci-

980 1238 1038 1290 pit
1066 1237 1238 1278 verbum.
1296 1239 1497 1278 Nunciatis
1524 1239 1643 1292 igitur

981 1294 1079 1332 veris
1107 1295 1265 1346 nuptiis,
1302 1291 1543 1347 subiungitur
1579 1295 1644 1334 ad·

980 1349 1236 1399 1101tatio‚vt
1271 1349 1493 1402 per-seueiet
1519 1350 1645 1392 filium
1677 1373 1680 1375 ·

980 1409 1113 1448 Dauus
1132 1407 1337 1459 corrigere,
1357 1420 1409 1445 ne
1429 1407 1554 1446 adhuc
1565 1409 1646 1448 ani·

982 1476 1065 1501 mus
1094 1475 1227 1501 amore
1249 1464 1463 1502 meretricis
1481 1464 1645 1515 impedi·

983 1530 1042 1558 tus
1070 1517 1185 1558 facile
1213 1519 1367 1570 nuptias
1388 1531 1425 1558 et
1444 1521 1557 1572 patris
1575 1521 1645 1560 im-

983 1576 1134 1627 perium
1156 1585 1394 1614 contemnat.
1451 1576 1494 1615 Ε.

1036 1632 1141 1679 Hem,
1160 1632 1260 1684 quod
1278 1631 1398 1686 dixti]
1426 1649 1466 1670 το
1489 1632 1611 1681 hem,
1601 1646 1644 1677 m

982 1685 1054 1729 Ms.
1077 1691 1117 1728 R
1141 1687 1258 1726 deest.
1314 1690 1355 1727 L.

1036 1747 1145 1797 Lege
1166 1744 1278 1807 Qid
1296 1744 1443 1797 dixisti,
1473 1745 1525 1783 vti
1545 1758 1643 1785 vnus

983 1799 1068 1840 cod.
1113 1813 1169 1850 pr
1173 1800 1316 1839 mariae
1350 1812 1466 1840 notae
1500 1800 1644 1847 habet3

981 1867 1100 1907 atque
1128 1857 1231 1896 Hem
1261 1856 1382 1908 piiori
1421 1853 1541 1895 tersui
1578 1871 1643 1908 ap·

981 1924 1098 1962 pone.
1157 1914 1197 1951 B.

1042 1979 1089 2018 15
1108 1965 1201 2006 Ibo:
1227 1979 1336 2020 atque
1353 1965 1424 2005 huc
1442 1969 1643 2024 renum-io]

981 2023 1111 2070 Varie,
1130 2021 1189 2062 ibo
1209 2033 1249 2061 et
1266 2026 1453 2063 renuncio.
1512 2027 1559 2063 D.

1035 2078 1135 2118 Illud
1165 2090 1391 2131 apparentur
1417 2078 1463 2119 sc.
1488 2083 1643 2132 nuptiae

983 2134 1065 2173 est
1056 2146 1244 2185 lneptum,
1279 2136 1369 2186 quia
1388 2136 1429 2173 in
1453 2134 1568 2175 domo
1588 2137 1647 2176 Si-

983 2192 1122 2238 monis,
1152 2204 1233 2230 non
1252 2191 1430 2232 Clu-emis
1450 2202 1561 2231 erant
1581 2206 1646 2244 pa-

984 2247 1129 2285 randae
1160 2247 1330 2298 nuptiae.
1389 2250 1552 2299 Repone
1575 2250 1644 2302 igi-

984 2314 1044 2342 tur
1062 2313 1267 2356 apparetur
1281 2333 1290 2350 ‚
1321 2303 1642 2355 impersonaliter,

984 2369 1024 2398 vt
1041 2363 1139 2400 Eun.
1159 2372 1229 2408 111,
1259 2373 1295 2412 5,
1323 2372 1387 2413 35,
1411 2371 1448 2400 et
1465 2360 1579 2401 Adel.
1600 2375 1642 2410 v,

983 2427 1086 2468 7,2
1091 2446 1098 2454 .
1157 2417 1198 2455 B.

1041 2475 1093 2514 16
1122 2471 1235 2510 Nunc
1259 2484 1295 2511 te
1315 2486 1396 2521 ονο,
1415 2472 1540 2527 Daue]
1577 2473 1643 2522 Te,

983 2528 1023 2568 id
1043 2527 1107 2577 est,
1130 2541 1200 2579 per
1218 2528 1410 2579 quemstat
1420 2527 1563 2569 summa
1574 2542 1644 2569 :·1e

984 2585 1090 2641 gorii-
1127 2586 1175 2626 Et
1195 2584 1314 2625 modo
1332 2586 1454 2640 magis
1477 2598 1568 2626 vere
1583 2599 1644 2623 ro-

1577 2652 1640 2696 gat
