1815 3168
373 120 469 180 560

787 112 945 160 ACT.
978 112 1012 157 Ι.
1050 110 1248 157 SCEN.
1277 111 1327 156 Π.

505 242 682 291 Adduxi
702 240 756 287 ad
776 257 979 288 coenam:
1016 256 1119 286 nam
1141 237 1252 284 mihi
1273 254 1430 300 magna
1447 255 1548 287 cum
1570 253 1623 286 eo
1647 240 1734 286 iam

604 316 707 364 inde
728 316 857 380 vsque
881 333 904 361 a
921 316 1108 379 pueritia

412 413 470 445 10
505 395 609 442 Fuit
641 393 810 456 semper
851 390 1128 438 familiaritas.
1176 384 1279 437 CH.
1328 384 1613 455 Voluptatem
1647 405 1734 436 ma-

605 485 736 530 gnam
762 469 957 513 nuncias.

508 549 655 601 Quam
677 543 832 589 vellem
852 539 1170 588 Menedemum
1181 541 1428 593 inuitatum,
1451 550 1498 588 vt
1510 539 1735 587 nobiscum

604 615 706 666 ess‘et
729 618 860 664 hodie
884 616 1096 681 amplius;

505 701 569 745 Vt
601 695 712 740 hanc
747 693 950 740 laetitiam
980 708 1061 738 nec
1096 692 1296 758 opinanti
1315 692 1488 757 primus
1513 692 1553 737 ei
1577 689 1733 738 obiice-r

606 787 702 818 rem
732 768 874 816 domi!

504 849 652 910 Atque
687 847 817 891 etiam
847 860 966 890 nunc
996 853 1171 909 tempus
1207 840 1281 890 est.
1322 837 1428 890 CL.
1465 857 1570 890 caue
1602 840 1735 896 faxis·‚

601 937 696 968 non
717 918 776 967 est
805 936 935 985 opus,
965 930 1105 984 pater.

368 1142 444 1184 cile
461 1139 634 1182 credens.
690 1140 780 1179 Non
802 1136 856 1178 est
866 1138 1029 1178 interro-

368 1200 510 1256 gantis,
536 1193 603 1236 sed
620 1195 858 1235 admirantis.
920 1196 968 1236 C.

423 1256 536 1311 Quid
550 1252 656 1307 ais?]
691 1256 741 1293 V.
754 1253 799 1298 C.
817 1250 929 1302 Quid
943 1250 1026 1289 vis?

365 1313 636 1360 Aduenientem
664 1321 682 1346 e
710 1307 817 1362 naui]
847 1305 1025 1349 Priscian.

366 1368 432 1409 lib.
452 1381 530 1409 vn.
586 1369 627 1406 L.

421 1437 448 1477 9
476 1426 573 1475 Leg.
601 1418 759 1460 Abdum·
768 1447 778 1467 ,
808 1418 912 1470 quod
941 1431 1029 1471 pto-

366 1481 477 1520 batui·
488 1478 573 1518 cod.
586 1476 719 1517 Bemb.
735 1486 772 1516 et
783 1476 875 1515 aliis.
907 1477 1026 1524 Tum,

366 1547 405 1577 vt
435 1533 556 1575 versui
574 1530 809 1579 consulatur,
837 1530 926 1570 dele
949 1544 1028 1570 ver-

365 1593 473 1640 bum,
485 1603 632 1645 magna,
645 1588 748 1640 quod
758 1587 864 1638 abest
882 1601 904 1625 a
915 1586 1025 1627 codd.

363 1648 501 1690 nostris
522 1657 612 1688 vett,
632 1657 704 1684 nec
722 1658 745 1683 a
761 1641 949 1684 sententia
961 1656 1026 1697 po-

365 1705 537 1746 stulatur.
595 1705 637 1742 B.

421 1774 473 1804 10
503 1759 738 1811 Voluptatem
757 1768 928 1811 magnam
936 1768 1027 1805 nun->

365 1818 459 1871 cius]
489 1819 541 1856 Vt
557 1817 695 1856 Cicero
713 1814 755 1851 in
772 1812 949 1864 Epistolis
959 1811 1027 1864 (ad

364 1875 457 1914 Diu.
488 1883 543 1920 11,
570 1872 652 1924 9.):
688 1870 926 1922 Voluptatem
960 1869 1027 1908 ha·

365 1928 430 1971 bui
447 1930 611 1968 nimiam.
668 1925 712 1966 C.
862 1931 866 1934 ”

421 1985 651 2036 Voluptatem
668 1977 858 2034 magnam]
891 1978 968 2019 Scit
986 1990 1023 2017 e-

363 2043 447 2082 nim
466 2040 656 2082 Chremes
679 2037 933 2076 vehementer
958 2049 1024 2086 pa-

363 2110 463 2139 trem
503 2092 581 2135 effe
616 2091 829 2132 sollicitum.
901 2088 1022 2140 Quod

362 2155 470 2195 audit
507 2163 603 2205 ergo
648 2147 844 2188 reuersum
883 2143 1024 2185 adoles-

363 2222 538 2258 centem,
576 2206 669 2245 dicit
696 2202 763 2244 fibi
790 2213 921 2242 natam
947 2216 1024 2242 ma-

362 2281 483 2321 gnam
523 2264 773 2314 voluptatem.
836 2259 1026 2310 Denique

362 2325 477 2363 huius
511 2318 714 2371 voluptatis
744 2312 891 2354 causam
923 2315 967 2353 in
988 2329 1024 2353 a·

362 2380 472 2419 nimo
490 2376 639 2416 habens
659 2371 870 2412 subiunxit:
899 2369 1023 2426 Qum

362 2435 492 2475 vellem
522 2430 779 2473 Menedemum
821 2429 1023 2467 inuitatum

362 2491 539 2544 amplius,
570 2501 614 2526 vt
643 2485 733 2525 hanc
762 2483 942 2524 laetitiam
960 2497 1022 2522 nec

363 2548 532 2600 opinanti
559 2546 665 2595 prius
694 2539 883 2580 obiicerem
913 2539 1022 2580 domi.

347 2605 430 2647 ·Vti
450 2616 533 2644 non
551 2596 767 2651 suspicanti,
791 2597 956 2653 amplius
970 2606 1024 2641 et·

1637 995 1736 1040 Cn.

1078 1139 1154 1178 iam
1176 1150 1291 1190 quam
1310 1134 1455 1191 speret,
1478 1138 1580 1178 hanc
1597 1137 1735 1178 laetiti-

1078 1209 1141 1235 am
1159 1194 1267 1234 domi
1291 1194 1491 1233 obiiceret.
1546 1197 1589 1235 E.

1136 1263 1183 1293 11
1225 1252 1349 1290 Hodie
1383 1260 1422 1290 et
1454 1264 1476 1289 a
1507 1249 1733 1289 melioribus

1078 1306 1190 1346 codd.
1226 1306 1352 1355 abest,
1398 1315 1438 1346 et
1477 1303 1627 1346 versum
1660 1316 1735 1350 tur-⁴

1076 1361 1151 1402 bat.
1210 1365 1250 1402 B.
1671 1408 1675 1411 ¹
1705 1410 1708 1416 Δ

1134 1430 1183 1460 12
1219 1419 1300 1458 Nec
1334 1417 1521 1472 opinantt]
1567 1414 1736 1469 Inspera-

1078 1485 1161 1514 tum
1181 1476 1289 1514 enim
1307 1473 1492 1527 gaudium
1514 1473 1634 1513 maius
1655 1470 1734 1512 effe

1076 1529 1194 1571 solet:
1238 1529 1572 1582 quemadmodum
1597 1541 1637 1569 et
1667 1528 1733 1568 do-

1077 1588 1137 1626 lor
1165 1588 1356 1632 acerbior,
1396 1586 1424 1625 fi
1451 1599 1536 1626 non
1562 1584 1736 1643 opinanti

1077 1643 1270 1683 obiicitur.
1329 1644 1377 1684 C.
1620 1683 1623 1685 ,

1129 1698 1258 1749 Ordo,
1291 1700 1438 1751 primus
1474 1695 1670 1736 obiicerem
1700 1697 1734 1744 ei

1075 1755 1193 1805 domi,
1222 1751 1405 1795 consensu
1427 1753 1539 1794 codd.
1561 1765 1733 1805 compro-

1075 1811 1195 1852 batur.
1248 1813 1289 1851 B.

1132 1881 1179 1920 13
1211 1865 1352 1920 Atque]
1382 1868 1468 1906 Hoc
1498 1863 1569 1914 est,
1600 1874 1639 1904 vt
1667 1864 1726 1903 ali·

1075 1921 1231 1975 quando
1266 1923 1369 1973 prius
1397 1921 1586 1967 diximus,
1626 1931 1733 1960 extra.

1073 1979 1217 2020 Donati
1245 1976 1485 2016 sententiam.
1551 1978 1647 2016 Caue
1663 1978 1732 2029 fit-

1072 2035 1153 2088 xis]
1181 2033 1348 2075 Volebat
1366 2032 1555 2072 Chremes
1576 2034 1733 2072 nuncia-

1073 2104 1117 2131 re
1136 2089 1380 2129 Menedemo
1401 2086 1554 2128 rediiffe
1584 2088 1729 2128 filium:

1072 2144 1139 2186 sed
1166 2145 1339 2198 Clitipho
1368 2144 1586 2197 prohibuit,
1623 2143 1730 2197 quod

1074 2203 1228 2243 Cliniae
1251 2200 1425 2241 nondum
1452 2202 1569 2253 patris
1598 2202 1730 2240 volun·

1071 2269 1126 2298 tas
1146 2255 1240 2297 effet
1255 2255 1464 2311 perspeila.
1486 2258 1489 2260 ’
1520 2259 1564 2298 C.

1129 2314 1225 2354 Caue
1257 2314 1392 2367 saxis]
1432 2315 1542 2354 Caue
1582 2311 1726 2361 facias;

1073 2383 1148 2410 nec
1171 2370 1279 2410 enim
1305 2366 1458 2409 neceffe
1476 2368 1540 2409 est.
1598 2367 1728 2409 Nescit

1073 2439 1240 2479 namque
1272 2441 1294 2465 a
1318 2437 1426 2478 patre
1443 2424 1564 2464 filium
1582 2423 1727 2464 defide-

1072 2482 1155 2530 rari,
1186 2483 1276 2521 ideo
1294 2481 1476 2533 prohibet
1494 2492 1646 2534 patrem
1672 2478 1729 2519 su-

1072 2552 1139 2578 um
1157 2538 1302 2590 aliquid
1323 2537 1472 2586 facere,
1500 2551 1578 2590 quo
1599 2536 1730 2576 vindi-

1072 2606 1177 2638 cetur
1199 2592 1423 2637 adolescens
1440 2591 1623 2636 reuetsus.
1650 2595 1693 2632 E.

1635 2653 1729 2702 Leg.
