1815 3168
336 170 433 220 '3²2

733 154 893 201 ACT.
928 156 981 199 ΙΙ.
1025 155 1217 200 SCEN.
1252 155 1309 200 11.

475 283 637 332 Riualis
667 281 856 330 seruum.
888 282 998 329 salua
1034 299 1103 329 res
1137 280 1210 327 est.
1262 282 1473 329 nimirum
1495 283 1709 347 ‘homines

577 359 755 420 frigent.

478 435 767 485 Nebulonem
814 434 934 481 hunc
971 430 1189 479 certum’st
1233 431 1399 480 ludere.
1437 430 1582 480 PAR.
1619 434 1718 485 hioe

577 511 662 557 hoc
684 526 867 556 munere
900 509 1166 555 arbitrantur

481 591 612 635 Suam
633 585 856 633 Thaidem
890 581 986 631 esse.
1024 580 1132 630 GN.
1169 582 1360 649 plurima
1385 583 1515 632 salute
1546 588 1716 632 Parme·

578 678 744 708 nonen]

382 758 448 806 40
486 743 719 787 Summum
757 737 885 783 suum
932 737 1128 800 impertit
1166 735 1361 789 Gnatho,
1401 735 1509 800 quid
1545 735 1719 798 agitur?

580 813 725 862 PAR.
762 812 907 859 statur.
945 808 1059 859 GN.
1099 810 1241 860 video.

405 1046 460 1087 37
491 1034 603 1074 salua
633 1045 692 1071 res
727 1030 792 1085 est]
839 1030 943 1082 Quia
977 1041 1017 1070 et

350 1103 443 1131 ante
472 1089 608 1129 ostium
644 1097 684 1127 et
710 1088 854 1126 tristem
886 1087 1015 1135 video,

343 1148 451 1200 fizlua
470 1160 525 1186 res
540 1145 598 1196 est.
656 1146 742 1183 Nec
760 1142 835 1181 hoc
846 1143 952 1183 valet
966 1142 1016 1182 ad

348 1204 553 1250 laetitiam,
590 1200 694 1252 quod
719 1203 909 1239 Parmeno
946 1199 1012 1246 est,

348 1260 414 1300 sed
438 1258 546 1311 quod
569 1257 699 1296 riualis
734 1254 874 1295 seruus,
921 1255 1016 1297 ,Sal-

347 1330 397 1357 ua
418 1331 474 1355 res
494 1314 556 1365 est]
585 1311 894 1353 Prouerbialiter.
925 1314 974 1352 D.

391 1371 548 1412 'Riualis
569 1368 740 1420 fi’ruum]
782 1367 931 1407 Riuales
959 1366 1015 1405 di-

351 1439 491 1469 cuntur
518 1426 586 1478 qui
615 1438 731 1464 vnam
758 1433 911 1472 amant,
953 1423 1015 1462 vel

347 1484 609 1527 meretricem,
630 1481 693 1520 vel
703 1481 863 1521 amicam
876 1511 885 1520 .
910 1479 1016 1531 quod

349 1540 453 1594 quafi
495 1552 570 1578 vno
610 1538 694 1576 rino
731 1537 872 1576 amoris
909 1547 1016 1575 vran-

350 1610 422 1638 tur.
478 1595 588 1634 Salua
618 1608 672 1633 res
691 1592 753 1644 est]
783 1593 860 1633 Hic
890 1589 1018 1631 sensus

350 1654 425 1696 est:
453 1656 610 1704 Integra
629 1649 742 1689 nobis
762 1646 848 1688 sunt
870 1650 1016 1695 omnia,

349 1709 538 1762 fiquidem
567 1704 772 1745 aduersarii
809 1716 904 1745 ante
930 1706 1016 1744 osti-

351 1781 419 1806 um
445 1765 607 1813 stantes,
640 1773 848 1815 propterea
873 1761 1019 1815 frigide

354 1832 490 1877 agunt,
546 1822 589 1859 E.

407 1876 494 1919 Post
523 1878 698 1914 nimirum
727 1872 855 1914 versus
877 1874 1013 1928 gratia

353 1934 505 1987 repono
526 1931 616 1970 hice.
671 1934 713 1970 Β.

405 1998 457 2042 38
490 1985 728 2033 Nebulonem]
770 1985 848 2027 Vel
876 1984 1011 2033 furem,

353 2048 444 2098 qnia
464 2043 628 2083 nebulas
647 2042 824 2081 obiiciat:
845 2042 906 2081 vel
916 2043 1012 2080 mol·

353 2104 445 2150 lem,
464 2111 503 2140 vt
522 2099 731 2139 nebulam:
759 2099 822 2137 vel
850 2099 1013 2137 inanem

353 2159 393 2199 et
411 2169 571 2205 vanum,
592 2165 631 2194 vt
651 2153 795 2193 nebula
824 2153 889 2192 est.
944 2155 1013 2193 Hi-

352 2217 407 2269 ce]
439 2219 510 2255 Pro
530 2212 580 2261 hi,
598 2210 756 2250 vetuste.
787 2211 896 2262 Virg.
917 2210 1013 2262 (Ecl.

353 2285 422 2321 111,
447 2271 555 2320 102.)
583 2268 656 2307 His
678 2279 773 2306 certe
789 2280 899 2320 neque
910 2281 1017 2306 amor

355 2327 462 2377 causti
493 2325 561 2376 est;
590 2330 657 2363 vix
683 2320 811 2376 offibus
838 2322 1016 2362 haerent:

355 2385 447 2436 quia
467 2382 561 2433 hisce
581 2379 747 2420 debebat
760 2379 903 2422 dicere,
939 2379 1013 2418 Hi-

344 2455 389 2488 ,σε
400 2439 468 2478 hoc
481 2450 627 2477 munere
637 2435 891 2482 arbitrantur]
921 2439 957 2477 N
960 2448 1012 2474 on

353 2497 545 2535 immerito
570 2493 823 2533 Gnathonem
860 2491 1014 2531 deridet

352 2554 563 2598 Parmeno,
592 2550 658 2601 qui
686 2550 841 2600 penitus
861 2548 1015 2588 nouerit

353 2605 563 2647 meretricis
587 2605 794 2644 confilium.
851 2608 901 2645 D.

402 2663 642 2707 Nebulonem]
675 2662 936 2712 Vel'vanum,
969 2670 1010 2702 vt

1572 892 1721 936 Num-.-

1065 1029 1213 1075 nebula
1230 1028 1317 1070 ⁸&st:
1357 1043 1490 1083 neque
1520 1032 1629 1070 enim
1657 1031 1723 1071 ali-

1066 1087 1174 1137 quod
1196 1099 1332 1138 corpus
1352 1088 1415 1127 vel
1435 1088 1508 1127 vlla
1530 1087 1720 1128 soliditas':

1066 1143 1128 1181 vel
1146 1142 1356 1181 nebulonem
1376 1141 1512 1183 furem.
1535 1145 1724 1196 quoniam

1065 1197 1210 1237 nebula
1236 1195 1386 1249 semper
1420 1211 1583 1239 Vtuntur.
1642 1202 1722 1239 Ho-

1064 1267 1192 1300 merus
1213 1254 1273 1305 (11.
1299 1254 1354 1300 γ’,
1387 1257 1494 1307 IL),
1526 1263 1658 1304 κλέπτῃ
1685 1261 1722 1293 δέ

1063 1329 1101 1349 τε
1121 1310 1236 1353 vum-Bt,-
1255 1315 1386 1355 ἀμείνω.
1430 1312 1541 1350 Hicce
1561 1310 1627 1350 hoc
1644 1325 1723 1351 mu·

1059 1373 1165 1413 nere]
1204 1368 1316 1407 Hicce
1346 1367 1612 1406 nominatiuus
1639 1369 1725 1420 plu-

1064 1424 1172 1470 ralis3
1212 1436 1290 1474 quo
1319 1421 1356 1462 hi
1390 1423 1556 1463 credunt
1581 1423 1723 1464 exinde

1064 1479 1169 1520 suam
1188 1478 1384 1519 Thaidem
1397 1477 1494 1527 effe,
1522 1480 1628 1533 quod
1648 1481 1726 1519 tale

1064 1548 1207 1576 munus
1233 1535 1398 1575 adducit.
1454 1539 1497 1576 E.

1121 1593 1215 1631 Hice
1251 1592 1319 1631 hoc
1353 1590 1519 1639 munere]
1547 1590 1725 1633 Priscian.

1065 1646 1130 1687 lib.
1155 1661 1228 1688 ΧΗ.
1285 1653 1328 1690 L.

1120 1703 1196 1745 Etfi
1227 1705 1293 1743 alii
1318 1705 1471 1744 malunt
1505 1705 1587 1758 legi
1621 1705 1727 1760 hister,-

1067 1760 1168 1800 adeo
1198 1771 1238 1800 vt
1258 1775 1275 1801 s
1296 1792 1305 1810 ‚
1341 1762 1498 1802 auom-e
1519 1759 1725 1811 Prificia'no,

1068 1816 1290 1870 euphoniae
1320 1815 1426 1856 causa
1444 1817 1488 1857 fit
1517 1816 1726 1863 insertum3

1068 1887 1144 1927 ego
1177 1884 1309 1913 tamen
1334 1873 1438 1912 malo
1469 1871 1575 1923 sequi
1596 1874 1726 1912 analo-

1062 1931 1168 1983 giam
1189 1939 1228 1967 et
1251 1942 1339 1967 curn
1357 1928 1476 1967 tribus
1494 1928 1605 1968 codd.
1618 1930 1726 1984 lege·

1062 1998 1104 2024 re
1137 1984 1226 2024 hice.
1285 1986 1326 2024 Β.

1114 2053 1172 2094 40
1203 2041 1387 2080 Summum
1399 2039 1528 2094 fitum]
1558 2035 1726 2086 ἔλλειψις,

1062 2096 1361 2148 Summumfimm
1372 2099 1541 2149 impartit
1555 2097 1723 2152 Gnatho]

1063 2155 1171 2193 Haec
1209 2163 1291 2193 tota
1328 2153 1470 2191 locutio
1508 2153 1727 2205 parafiticae

1064 2207 1308 2264 elegantiae,
1345 2220 1385 2248 et
1417 2208 1525 2248 fimul
1563 2215 1724 2255 εἰρωνείας

1065 2267 1182 2318 plena
1211 2265 1273 2306 est.
1329 2267 1430 2306 Nam
1456 2277 1495 2304 et
1517 2267 1726 2318 plurimam

1065 2323 1160 2362 dicit
1179 2323 1216 2361 ei
1234 2319 1409 2375 salutem,
1439 2335 1555 2373 quem
1576 2335 1630 2360 ne
1648 2322 1726 2362 exi-

1061 2378 1182 2434 guam
1210 2377 1369 2429 quidem
1401 2378 1494 2417 velit
1519 2378 1724 2420 continere

1063 2436 1159 2488 (leg.
1171 2438 1338 2484 retinere,
1358 2432 1562 2487 [confiqui
1581 2434 1720 2486 re.Z.)':

1062 2503 1101 2531 et
1120 2490 1308 2530 summum
1327 2491 1418 2529 dicit
1435 2504 1536 2538 eum,
1557 2491 1621 2542 qui
1646 2502 1722 2529 nee

1061 2549 1161 2586 leuis
1180 2549 1320 2586 amicus
1338 2545 1381 2585 sit
1398 2546 1487 2586 fibi:
1519 2558 1558 2586 et
1574 2545 1724 2586 Parme·

1062 2617 1191 2644 nonem
1230 2602 1403 2652 Gnatho,
1453 2616 1535 2642 non
1573 2616 1636 2657 ego
1672 2616 1720 2642 te.

1060 2659 1251 2704 Summum
1259 2659 1389 2713 fhum]
1409 2660 1536 2711 Quam
1548 2658 1721 2754 venuste}

1614 2727 1692 2767 quo
