1815 3168
319 156 465 187 xxvnt
574 141 664 187 DE
701 140 912 187 TRAG.
944 140 1041 187 ET
1074 142 1402 197 COMOED.

318 262 578 314 Terentiique
604 260 670 300 est.
704 261 757 300 de
783 275 858 314 qua
882 274 969 301 cum
999 265 1118 304 multa
1141 264 1310 305 dicenda
1337 265 1429 312 sint,
1460 262 1514 306 sat
1533 263 1606 307 erit
1625 277 1680 308 ta·

318 331 412 358 men
432 318 535 357 velut
556 317 794 357 admonendi
812 319 963 357 lectoris
984 319 1110 368 causa,
1141 321 1244 372 quod
1271 321 1320 361 de
1342 333 1423 362 arte
1439 324 1598 363 comica
1617 336 1680 364 ve·

318 385 447 414 terum
475 373 613 413 chartis
633 375 866 419 continetur,
896 387 1110 425 exponere.
1171 377 1385 417 Comoedia
1423 389 1527 419 vetus
1565 391 1601 418 vt
1628 379 1676 420 ab

317 431 432 470 initio
460 429 596 469 chorus
622 428 714 474 fuit,
744 430 1005 481 paulatimque
1032 428 1280 483 personarum
1307 446 1471 473 numero
1496 436 1538 473 in
1566 437 1681 487 quin·

318 499 400 537 que
419 488 520 524 actus
543 485 738 537 procellit:
767 486 819 524 ita
839 487 1022 536 paulatim
1051 488 1158 525 velut
1183 489 1311 540 attrito
1336 501 1451 540 atque
1469 502 1679 531 extenuato

317 541 436 581 choro
459 541 505 580 ad
526 555 667 580 nouam
686 541 939 580 Comoediam
958 541 1005 581 fic
1030 544 1230 594 peruenit,
1262 553 1301 581 vt
1327 546 1368 583 in
1389 558 1433 584 ea
1456 559 1538 585 non
1558 547 1677 589 modo

316 611 402 638 non
432 598 634 637 inducatur
668 596 828 644 choruS,
860 594 924 636 scd
953 611 1005 637 ne
1030 599 1135 636 locus
1163 599 1325 650 quidem
1353 601 1447 641 vllus
1466 602 1539 641 iam
1560 604 1677 642 relin-

316 665 454 706 quatur
475 653 602 691 choro,
655 655 755 692 Nam
774 651 971 704 postquam
992 652 1113 692 otioso
1143 665 1319 706 tempore
1346 655 1566 697 fastidiosior
1590 656 1677 711 spe-

316 711 437 749 ftator
454 707 634 756 effectus,
660 719 748 747 tunc
770 721 858 746 cum
878 709 925 747 ad
945 720 1119 749 cantores
1136 710 1183 749 ab
1203 711 1390 750 actoribus
1408 711 1539 753 fabula
1549 714 1678 754 tranfi-

315 765 394 814 bat,
420 762 652 817 consurgere
670 775 706 804 et
724 763 830 804 abire
851 763 1054 817 coepisset:
1084 765 1285 805 admonuit
1305 770 1439 806 Poetas
1459 770 1584 818 primo
1595 771 1678 822 qui·

318 821 409 861 dem
437 821 573 859 choros
597 821 923 872 praetermittere,
961 822 1088 861 locum
1116 822 1173 861 eis
1202 823 1490 874 relinquentes:
1528 836 1565 864 vt
1591 829 1678 866 Me-

315 877 468 916 nander
487 876 598 924 fecit,
630 876 703 914 hae
722 875 772 915 de
791 874 917 927 causa,
947 891 1029 917 non
1051 888 1090 917 vt
1111 880 1174 917 alii
1194 878 1421 928 existimant,
1441 880 1524 920 alia.
1578 882 1677 921 Post-

313 946 424 974 remo
447 946 496 971 ne
518 933 643 970 locum
662 933 820 983 quidem
837 934 1100 984 reliquerunt:
1128 935 1231 986 quod
1250 936 1374 974 Latini
1405 936 1584 975 secet-unt
1601 938 1678 977 Co-

312 990 426 1037 mici,
456 989 557 1027 vnde
582 988 685 1039 apud
712 988 798 1028 illos
825 987 1008 1028 dirimere
1031 991 1134 1029 acius
1153 993 1488 1043 quinquepartitos
1517 992 1676 1034 difficile

314 1044 381 1084 est.
439 1049 541 1085 Tum
559 1046 676 1082 etiam
693 1045 830 1084 Graeci
851 1046 1034 1099 prologos
1053 1060 1135 1085 non
1157 1047 1301 1086 habent
1319 1061 1428 1086 more
1446 1048 1673 1098 nostrorum,

308 1113 411 1153 quos
421 1100 548 1141 Latini
568 1100 727 1140 habent.
780 1102 945 1146 Deinde¹
959 1102 1044 1144 &2⁸⁸3
1060 1102 1130 1141 ἔιπδ
1146 1106 1312 1151 μηχανῆς,
1345 1104 1385 1142 id
1405 1103 1469 1152 est,
1491 1107 1597 1143 Deos
1617 1120 1676 1144 ar-

315 1158 513 1210 gumentis
536 1156 738 1195 narrandis
757 1157 1019 1209 machinatos,
1049 1160 1189 1198 caeteri
1223 1161 1349 1199 Latini
1375 1159 1490 1200 instar
1511 1163 1678 1201 Graeco-

315 1226 449 1252 corum
471 1211 638 1252 habent:
668 1215 876 1252 Terentius
897 1228 978 1254 non
1006 1214 1132 1255 habet.
1187 1215 1250 1254 Ad
1279 1215 1353 1254 hoc
1377 1217 1565 1264 προτατικιὲ
1593 1216 1676 1264 πρί-

313 1284 430 1317 σωπκ,
461 1269 499 1307 id
519 1268 582 1316 est,
604 1267 783 1318 personas
802 1281 908 1310 extra
931 1282 1204 1324 argumentum
1223 1271 1427 1320 arceffitas,
1457 1286 1537 1311 non
1557 1272 1674 1313 facile

312 1325 456 1364 caeteri
486 1323 651 1364 habent:
683 1325 821 1376 quibus
849 1328 1059 1366 Terentius
1086 1325 1200 1378 saepe
1230 1329 1365 1374 vtitur,
1393 1338 1431 1366 vt
1451 1341 1519 1378 per
1537 1327 1674 1368 harum

312 1380 565 1421 inductiones
588 1379 703 1420 facile
720 1391 851 1432 pateat
867 1393 1151 1435 argumentum.
1212 1385 1383 1431 Veteres,
1405 1384 1469 1423 etii
1490 1383 1558 1435 ipsi
1578 1398 1674 1436 quo·
1710 1387 1714 1389 “

312 1449 392 1489 que
419 1437 461 1474 in
489 1436 619 1475 metris
652 1437 916 1489 negligentius
943 1449 1110 1490 egerunt
1129 1438 1282 1477 iambici
1311 1436 1456 1485 versus,
1489 1440 1674 1480 duntaxat

310 1494 355 1532 in
377 1489 547 1530 secundo
568 1502 607 1530 et
625 1503 760 1543 quarto
788 1493 896 1532 loco:
928 1504 1058 1533 tamen
1085 1496 1313 1535 aTerentio
1340 1497 1546 1534 vincuntur
1573 1496 1675 1536 reso·

310 1549 463 1588 lutione
481 1547 593 1586 huius
610 1549 744 1597 metri,
774 1561 963 1599 quantum
981 1549 1117 1602 potest,
1141 1553 1367 1590 comminuti
1385 1551 1432 1590 ad
1457 1553 1673 1605 imaginem

310 1602 447 1657 prosae
469 1604 664 1643 orationis,
724 1607 828 1644 Tum
846 1604 1096 1657 personarum
1117 1607 1226 1659 leges
1248 1608 1346 1646 circa
1366 1607 1550 1657 habitum,
1572 1621 1673 1649 aeta-

310 1671 413 1707 tem,
450 1659 637 1704 officium,
668 1671 794 1711 partes
814 1662 981 1714 agendi,
1009 1674 1127 1701 nemo
1148 1662 1372 1715 diligentius
1391 1665 1582 1702 Terentio
1611 1678 1674 1704 cu-

311 1715 476 1755 stodiuit.
533 1716 761 1766 Quinetiam
790 1713 889 1755 solus
918 1715 1026 1757 ausus
1055 1717 1110 1757 est
1140 1731 1224 1757 cum
1243 1720 1285 1757 in
1313 1717 1408 1757 ficiis
1433 1725 1673 1772 argumentis

310 1771 430 1811 fidem
450 1772 615 1810 veritatis
643 1769 923 1824 ass'equeretur,
957 1775 1073 1813 etiam
1102 1784 1236 1813 contra
1261 1772 1491 1826 praescripta
1510 1778 1673 1818 Comica

311 1828 534 1867 meretrices
568 1828 766 1867 interdum
795 1842 876 1868 non
902 1830 1019 1869 malas
1048 1829 1316 1870 introducere:
1355 1831 1496 1882 quibus
1523 1843 1683 1886 tamen„

313 1895 383 1922 cur
400 1884 529 1922 bonae
544 1882 625 1930 sint,
646 1895 685 1923 et
706 1885 877 1935 voluptas
899 1899 969 1937 per
983 1882 1105 1937 ipsum
1126 1897 1166 1925 et
1185 1884 1290 1925 causa
1307 1900 1391 1925 non
1402 1886 1507 1927 defit.
1560 1892 1672 1930 Haec

308 1952 399 1978 cum
426 1937 720 1979 artificiosissima
745 1943 952 1981 Terentius
981 1940 1136 1982 fecerit:
1166 1953 1248 1982 tum
1278 1943 1373 1982 illud
1401 1943 1455 1983 est
1481 1944 1671 1985 admiran-

307 1994 422 2043 dum,
453 1994 558 2045 quod
584 2005 623 2034 et
651 2009 800 2036 morem
828 1998 1006 2046 retinuit,
1041 2008 1081 2037 vt
1110 1999 1365 2040 Comoediam
1390 1996 1591 2041 scriberet:
1630 2012 1669 2042 et

308 2052 539 2102 temper-anit
557 2050 756 2101 affeftum,
787 2066 840 2092 ne
858 2054 900 2092 in
922 2054 1187 2106 Tragoediam
1205 2055 1416 2094 transiliret.
1447 2057 1553 2107 quod
1579 2070 1668 2096 cum

306 2107 392 2146 aliis
422 2106 535 2147 rebus
562 2109 727 2148 minime
755 2108 958 2149 obtentum
988 2121 1027 2148 et
1058 2111 1248 2160 aPlauto‚
1279 2122 1318 2150 et
1343 2110 1390 2150 ab
1408 2110 1593 2161 Afranio,
1629 2123 1669 2153 et

305 2164 445 2210 Accio,
476 2174 513 2201 et
540 2164 668 2203 multis
695 2163 780 2213 fere
804 2168 956 2219 magnis
974 2167 1143 2208 Cornicis
1170 2168 1404 2206 inuenimus.
1457 2168 1558 2208 Illud
1577 2182 1669 2220 quo-

308 2232 388 2270 que
415 2219 518 2273 inter
536 2221 793 2260 Terentianas
811 2223 965 2261 virtutes
983 2222 1179 2269 mirabile,
1210 2223 1314 2274 quod
1346 2223 1429 2262 eius
1447 2222 1598 2263 fabulae
1617 2238 1668 2264 eo

306 2272 737 2326 sunttemperamenm,
767 2288 807 2316 vt
824 2291 955 2329 neque
977 2276 1239 2318 extumescant
1269 2278 1317 2317 ad
1351 2280 1532 2332 tragicam
1563 2280 1666 2320 celsi-

304 2327 503 2379 tudinem,
545 2344 678 2383 neque
708 2333 1020 2388 abiicianturssad
1056 2335 1251 2374 mimicam
1287 2334 1485 2374 vilitatem.
1546 2336 1665 2376 Adde

305 2386 414 2438 quod
435 2385 529 2425 nihil
549 2386 756 2428 abstrusum
774 2389 821 2428 ab
844 2403 891 2428 eo
912 2392 1090 2442 ponitur:
1117 2401 1181 2430 aut
1200 2390 1305 2442 quod
1325 2388 1372 2428 ab
1398 2389 1583 2431 historicis
1607 2405 1666 2432 re-

304 2442 539 2494 quirendum
557 2442 617 2492 fit‘,
646 2445 752 2496 quod
769 2443 916 2498 saepius
936 2446 1090 2487 Plautus
1108 2445 1218 2495 facit„
1249 2458 1286 2485 et
1313 2459 1362 2485 eo
1388 2446 1443 2485 est
1470 2446 1665 2488 obscurior

302 2500 345 2539 in
366 2498 534 2548 pluribus
550 2499 656 2540 locis.
710 2501 828 2542 Adde
846 2502 954 2553 quod
971 2503 1195 2555 argumenti
1212 2514 1253 2541 ac
1272 2502 1345 2541 stili
1364 2503 1415 2541 ita
1427 2513 1573 2544 attente
1583 2518 1666 2544 me-

300 2567 388 2594 mor
415 2554 479 2604 est,
498 2566 535 2594 vt
554 2552 741 2608 nusquam
759 2561 804 2612 9)
824 2572 907 2598 non
926 2559 1080 2608 canei-it,
1101 2569 1163 2599 aut
1180 2559 1372 2597 curauerit
1391 2571 1446 2607 ea,
1477 2573 1575 2612 quae
1598 2560 1667 2599 ob-

1583 2614 1664 2656 effe

349 2682 392 2729 9)
418 2681 502 2719 Non
525 2682 772 2775 caufrie,Laut
795 2685 991 2738 errauerit]
1018 2687 1086 2728 Ms-
1104 2686 1204 2727 Dan,
1227 2682 1295 2724 n'on
1321 2695 1387 2725 aut
1409 2687 1568 2734 canerit,
1599 2698 1665 2726 aut

437 2744 633 2772 “ul'auerlt·
719 2761 730 2774 ο
