1815 3168
503 143 1026 189 HEAVTONTIM.

1343 160 1436 205 595

87 284 180 334 125
213 272 318 317 Eius
345 266 522 317 nossem
543 278 762 315 orantem:
796 267 901 313 haec
933 280 1021 313 arte
1047 266 1253 318 traffiabat
1276 274 1432 326 virum,

213 351 273 392 Vt
293 346 404 391 illius
430 345 623 390 animum
647 342 856 407 cupidum
878 344 1025 406 inopia
1045 344 1319 392 incenderet:

212 421 462 482 Eademque
483 428 529 465 vt
549 416 650 464 efl'et
670 419 785 482 apud
805 428 847 463 te
866 416 951 465 hoc
973 433 1103 479 quam
1127 419 1371 477 gratiffima.

213 496 298 542 Sed
320 495 427 540 heus
450 506 513 545 tu,
535 493 633 541 vide
655 492 800 546 {issue
814 492 929 555 ’quid
944 491 1199 555 imprudens
1222 512 1348 541 ruas:

211 573 382 615 Patrem
402 567 574 621 nouisti,
608 568 661 613 ad
687 567 761 613 has
787 583 855 612 res
880 583 1010 629 quarn
1032 564 1080 613 fit
1102 568 1346 633 perspicax:

86 662 107 694 1
121 661 180 709 30
213 647 308 704 Ego
330 654 373 690 te
393 655 538 690 autem
557 645 677 696 noui,
701 658 832 705 quam
855 638 936 686 effe
961 641 1090 687 soleas
1114 644 1361 709 impotens:

45 717 48 721 ’
212 718 385 767 Inuersa
404 717 548 772 verba,
570 717 732 766 euersas
759 718 949 764 ceruices
971 726 1079 770 tuas,

76 948 159 979 tem.
212 940 312 977 Nam
332 949 466 976 omnes
478 936 594 976 nostri
614 937 662 977 fic
679 937 731 975 le·

14 1000 18 1004 “
79 1003 189 1046 gunt,
216 991 279 1033 sed
297 993 378 1032 line
398 993 465 1042 Ibi,
486 993 588 1045 quod
600 1005 730 1032 tamen

79 1050 272 1100 reperitur
296 1049 338 1087 in
366 1050 467 1097 aliis,
510 1049 575 1088 vbi
606 1048 732 1099 misere

79 1105 144 1145 est.
171 1147 173 1150 f
201 1107 321 1147 Certe
341 1105 531 1156 Mfirum,
554 1105 591 1144 h.
605 1118 636 1143 e.
651 1119 732 1156 par-

78 1174 176 1207 cum,
203 1171 389 1210 tenacem,
417 1169 455 1199 vt
469 1159 569 1200 infra
588 1174 662 1208 111,
692 1173 731 1207 2,

82 1228 147 1270 15.
185 1213 313 1256 sensus
347 1216 521 1267 postulat.
587 1215 666 1256 Nifi
698 1229 735 1256 e-

81 1274 164 1312 nim
181 1285 316 1323 parcus
334 1269 444 1323 effer,
474 1285 540 1310 cur
559 1285 639 1312 arte
663 1281 734 1310 tra-

81 1328 225 1367 &aret3
252 1329 292 1367 Si
319 1328 522 1381 prodigus,
551 1328 733 1367 meretrix

80 1381 206 1423 statim
227 1383 379 1421 nostem
399 1381 573 1422 dedisset.
634 1386 675 1423 B.

139 1441 219 1481 126
267 1439 418 1489 Inopia]
462 1439 618 1479 Scilicet
662 1435 732 1476 sui.

79 1493 244 1533 Ouidius
256 1495 405 1545 (Amor.
417 1507 481 1541 111,
503 1495 638 1547 4‚›17.)
669 1495 738 1535 Ni-

82 1552 202 1590 timur
221 1554 258 1587 in
269 1551 427 1589 vetitum
442 1549 609 1603 fimper,
642 1551 738 1601 cupi-

81 1606 225 1658 musque
248 1619 391 1659 negata.
447 1606 493 1646 C.

140 1673 218 1712 127
255 1660 372 1701 Rthe
399 1663 570 1700 Faernus
602 1660 739 1713 probat

83 1716 265 1758 Bembini
292 1714 536 1771 gratiffimum
563 1730 630 1768 pro
659 1717 738 1756 vul-

84 1774 166 1825 gari
182 1772 402 1826 grattffima.
456 1774 530 1814 Cui
542 1774 661 1812 eadem
674 1773 738 1812 ad-

21 1868 23 1870 .
82 1827 307 1867 uei-bialiter
326 1827 552 1867 sumendum
572 1828 732 1876 videtur,

83 1885 137 1923 vti
159 1897 317 1934 quoque
339 1898 358 1921 a
382 1883 589 1923 Scholiaste
605 1884 737 1932 Bemb.

84 1941 312 1991 explicetur,
334 1940 557 1992 Eademque,
585 1941 738 1991 antique

77 1995 205 2048 pofiu't
228 2007 301 2046 pro
337 2009 420 2034 vna.
477 1996 538 2034 Sic
576 1998 736 2036 Scaurus

84 2051 187 2102 apud
207 2050 423 2090 Charifium
451 2049 582 2098 tradit,
617 2052 737 2090 eadem

21 2109 24 2116 “
83 2106 189 2157 apud
228 2117 376 2145 veteres
411 2105 490 2145 fine
520 2106 739 2146 adieetione

84 2166 129 2201 τέ
147 2165 207 2201 via
227 2159 303 2200 esse
323 2162 548 2201 adhibitum.
605 2165 646 2201 B.

146 2223 220 2265 128
260 2219 413 2272 Heusl]
447 2218 524 2257 Hic
562 2216 651 2258 heus
677 2217 735 2256 ad-

86 2274 294 2315 monentis.
352 2276 397 2316 C.

149 2340 228 2381 130
252 2330 456 2383 Impotens]
486 2329 669 2382 Impetens
688 2327 743 2367 est

86 2380 238 2423 suorum
248 2387 486 2437 appetituum
495 2386 654 2424 minime
665 2398 744 2423 ino-

89 2439 252 2478 derator.
306 2444 404 2484 Nam
432 2443 462 2481 is
489 2444 663 2494 impotens
689 2439 744 2480 di-

90 2496 198 2539 citur,
218 2495 283 2546 qui
305 2494 376 2535 suis
397 2495 646 2539 affeffibusvc
666 2497 744 2536 ani-

91 2550 145 2589 mi
167 2551 396 2601 passionibus
416 2565 498 2592 non
523 2552 646 2605 potest
665 2565 744 2591 mo-

43 2621 46 2624 ·
87 2605 186 2649 dum
205 2605 408 2658 adhibere,
436 2621 480 2650 ac
510 2621 572 2649 eas
591 2607 760 2653 cohibe-1

1287 796 1438 846 Gemi-
1488 799 1494 800 ’

779 949 839 984 re,
867 933 933 976 secl
958 934 1005 976 ab
1034 936 1107 976 illis
1133 937 1252 977 vistus
1276 938 1436 980 trahitur

780 1005 1019 1043 quocunque
1051 992 1178 1033 ferant
1214 1006 1254 1036 et
1287 997 1438 1048 rapiant

782 1062 883 1088 eum.
942 1049 987 1088 C.

840 1115 912 1154 131
949 1103 1096 1153 Inuersa
1126 1103 1255 1154 verba]
1296 1107 1438 1148 Omnia
1480 1115 1481 1123 ¹

782 1161 894 1212 ponit
918 1172 1018 1209 quae
1033 1158 1081 1198 ab
1101 1172 1254 1201 amante
1271 1163 1438 1204 vecorde
1459 1200 1462 1201 γ

781 1216 866 1254 fieri
879 1212 1013 1253 solent.
1068 1214 1221 1266 Ihuezssz
1243 1218 1372 1265 verba]
1392 1219 1438 1260 Id

783 1271 837 1310 est
851 1269 968 1309 verba
984 1271 1229 1322 praepostere
1244 1275 1334 1312 etin
1347 1287 1442 1314 con-

783 1327 937 1366 trarium
955 1328 1218 1377 pronunciata.
1259 1329 1319 1369 Est
1331 1332 1442 1371 enim

784 1378 986 1427 inuertere,
1023 1381 1124 1433 quafi
1144 1384 1183 1422 in
1206 1387 1440 1425 conum-ium

785 1447 937 1477 vertere
972 1446 1012 1474 et
1044 1439 1289 1495 praepostere
1325 1441 1442 1480 verba

785 1493 1065 1545 pronunciare:
1098 1504 1135 1532 vt
1165 1509 1234 1546 pro
1259 1497 1346 1534 lauo
1374 1512 1443 1536 vo-

785 1551 835 1588 la.
908 1547 1064 1598 Euerfizs
1096 1551 1265 1599 ceruices]
1303 1554 1443 1592 ceruix

787 1603 854 1644 seu
873 1607 1027 1643 ceruices
1054 1604 1238 1655 posterior
1263 1621 1348 1657 pars
1369 1609 1446 1647 col-

786 1661 834 1708 li,
868 1660 933 1698 vbi
953 1661 1062 1712 origo
1085 1660 1136 1700 est
1158 1662 1335 1702 omnibus
1355 1677 1447 1703 ner-

789 1716 858 1755 uis.
887 1715 991 1755 vnde
1020 1715 1136 1754 homo
1161 1719 1274 1756 durae
1292 1723 1444 1758 ceruicis

787 1772 936 1819 dicitur,
964 1770 1066 1821 quafi
1094 1772 1362 1820 indomabilis,
1402 1787 1443 1814 et

789 1826 892 1879 quafi
905 1827 989 1865 duri
1002 1827 1144 1877 capitis,
1159 1839 1197 1867 et
1207 1828 1325 1870 durae
1335 1843 1444 1870 rnen-

788 1885 865 1924 tis„
908 1881 1063 1931 Euerfizs
1088 1886 1256 1937 ceruices]
1283 1886 1445 1926 Contra-

788 1939 885 1977 rium
915 1937 987 1985 est,
1016 1938 1148 1978 eret-‘tas
1178 1943 1339 1981 ceruices.
1394 1946 1444 1983 Et

787 1992 972 2047 fignificat
996 1993 1104 2032 iilum
1125 1995 1226 2034 flesti
1244 2009 1283 2036 et
1293 1997 1445 2037 domari

788 2050 835 2089 ab
872 2051 1004 2088 amica.
1077 2050 1245 2091 ceruices
1278 2067 1442 2093 numero

787 2104 1044 2144 multitudinis
1065 2105 1171 2145 dlxit.
1215 2109 1445 2158 Quinetilia-

789 2173 861 2201 nus
881 2159 1016 2212 (Instit.
1038 2163 1104 2200 Or.
1122 2174 1225 2211 vlu,
1247 2165 1327 2216 3.):
1359 2166 1446 2205 Cer-

789 2220 903 2255 uicem
944 2216 1094 2255 videtur
1128 2218 1337 2269 Hortensius
1369 2224 1448 2272 pri-

791 2286 872 2311 mus
891 2270 1028 2321 dixzffi’.
1089 2273 1189 2311 Nam
1206 2287 1343 2314 veteres
1363 2276 1448 2328 plu-

789 2326 1125 2379 raliterappellant.
1156 2329 1330 2384 Euersc'zs]
1353 2333 1446 2372 Cer-

791 2384 857 2422 uix
877 2383 984 2421 enim
1001 2382 1054 2421 est
1074 2383 1257 2434 posterior
1276 2400 1358 2439 pars
1371 2389 1448 2426 col-

791 2439 830 2477 li.
884 2438 1043 2477 Ponitur
1075 2453 1145 2491 pro
1176 2438 1351 2493 superbia
1383 2442 1446 2483 seu

792 2494 1034 2533 contumacia
1058 2496 1222 2546 quadam
1250 2512 1292 2537 ac
1319 2500 1449 2551 rigore

793 2550 953 2597 mentis,
984 2559 1043 2597 vt,
1072 2553 1127 2589 vir
1145 2553 1259 2594 durae
1284 2558 1450 2605 ceruicis,

793 2608 819 2649 i.
845 2618 878 2646 e.
897 2603 1158 2662 indomabilis,
1185 2617 1224 2650 et
1243 2611 1383 2653 mentis
1404 2613 1445 2649 ri-

906 2663 969 2713 Pp
1002 2674 1026 2706 2
1288 2671 1290 2673 '
1316 2679 1450 2720 gerent
