1815 3168
349 118 446 164 126

727 118 882 164 ACT.
919 118 969 165 11.
1021 117 1215 165 SCEN.
1252 120 1327 166 Vl.

482 238 560 291 Sl.
595 242 903 298 Quidnam“st?
936 243 1029 292 DA
1046 257 1093 290 v.
1118 240 1353 309 puerile'st.
1382 243 1412 293 S
1427 260 1459 293 1.
1483 248 1590 312 quid
1613 248 1704 296 est?

582 317 732 366 DAv.
765 316 890 366 nihil.
921 318 996 366 Sl.
1021 323 1127 382 quin
1151 320 1232 372 dic,
1254 322 1358 384 quid
1384 321 1474 369 est?

480 391 571 442 DA
586 407 635 439 v,
671 399 746 442 Ait
766 397 954 460 nimium
974 412 1102 460 parce
1122 395 1260 442 facere
1279 395 1483 446 sumtum.
1520 396 1550 447 S
1565 412 1595 446 1.
1619 416 1709 449 me·

579 472 669 516 ne?
705 469 860 516 DAV.
898 481 957 517 te.

385 562 446 594 20
481 547 578 597 Vix,
604 546 760 608 inquit,
786 545 999 591 drachmis
1029 545 1088 592 est
1109 546 1339 594 obsonatus
1362 546 1528 597 decem.

480 624 609 667 Num
628 618 717 667 filio
743 621 913 667 videtur
936 638 1116 668 vxorem
1139 618 1272 672 dare?

483 699 645 751 Quem,
676 697 832 760 inquit,
863 696 917 744 ad
941 713 1122 745 coenam
1144 696 1310 746 vocabo
1328 714 1532 747 meorum
1551 714 1709 764 aequa-

579 770 688 818 lium

343 1043 483 1087 absunt
508 1061 530 1086 a
553 1044 622 1087 ΜΓ.
651 1044 771 1086 Hulst.
828 1049 878 1088 Et
914 1042 1003 1086 sane

343 1102 499 1144 videtur
519 1116 587 1153 pro
594 1102 807 1153 ficccensere
826 1101 888 1141 hic
898 1102 1002 1141 aliud

342 1159 508 1200 verbum
526 1159 800 1211 reponendum
822 1155 911 1198 effe.
956 1163 1002 1200 E·

344 1216 470 1254 tenim
518 1228 591 1255 nec
632 1215 856 1266 Pamphilus
896 1226 1002 1267 patre

343 1282 429 1313 erat
447 1272 585 1323 potior,
615 1284 690 1310 nec
711 1270 861 1322 semper
879 1272 1004 1322 potio-

341 1331 405 1367 res
445 1324 680 1366 succensent.
734 1326 807 1366 Nili
836 1329 1003 1378 potioris

343 1382 393 1435 est
411 1393 550 1421 neutro
572 1394 720 1435 genere
739 1382 884 1420 dictum
908 1383 1005 1420 acci-

342 1441 426 1493 pias
444 1451 516 1491 pro
533 1441 687 1477 maioris
707 1437 766 1488 cst,
789 1436 826 1477 h.
848 1450 883 1479 e.
902 1438 942 1476 in
960 1451 1004 1477 re

341 1496 494 1537 maiore
513 1505 552 1535 et
568 1495 722 1547 potiore
746 1492 921 1534 adhiberi
949 1493 1003 1533 so-

341 1552 469 1592 litum.
527 1552 591 1592 Sic
610 1564 701 1591 mox
730 1551 896 1603 explicat
922 1548 1005 1602 ipse

341 1612 538 1650 Donatus.
610 1609 739 1648 Placet
782 1607 1004 1660 Wielingio

345 1663 501 1715 Cenfire
529 1665 692 1716 potioris
729 1662 798 1714 est,-
831 1663 913 1711 vel,
943 1663 1006 1702 Sic

343 1720 490 1774 censere
510 1721 676 1772 potioris
701 1719 764 1760 est.
821 1716 932 1759 Poffe
951 1729 1004 1759 ta·

342 1790 440 1818 men
469 1787 579 1828 putat
597 1775 683 1824 illa,
714 1774 924 1825 Succerfire
937 1787 1003 1828 po-

1580 904 1711 953 Pofiss

1052 1047 1257 1087 maduertit
1281 1045 1412 1089 senex.
1470 1048 1617 1089 Puerile
1644 1047 1710 1104 ell]

1052 1105 1192 1144 Vtrum
1218 1106 1341 1157 magis
1369 1105 1462 1144 ideo
1496 1101 1705 1156 suspendit,

1052 1171 1091 1198 vt
1118 1158 1235 1200 senex
1263 1160 1398 1200 audire
1417 1159 1624 1201 defideret:
1658 1171 1709 1200 an

1053 1217 1140 1267 quia
1174 1215 1344 1255 necdum
1382 1227 1623 1255 commentus
1655 1214 1710 1256 est

1054 1269 1220 1319 causam,
1252 1282 1383 1310 contra
1411 1270 1710 1322 rependendam

1053 1326 1306 1378 propositioni
1341 1324 1471 1371 senis?
1509 1326 1713 1378 (Posterio-

1052 1395 1135 1421 rem
1181 1385 1371 1422 rationem
1409 1381 1729 1434 probabiliorem·

1053 1435 1153 1486 effe,
1185 1449 1226 1477 et
1245 1437 1394 1478 theatro
1413 1439 1536 1491 magis
1555 1435 1715 1478 consen·

1051 1506 1219 1545 taneam,
1241 1496 1294 1534 ait
1312 1496 1496 1536 Dacieria.
1525 1495 1599 1546 Z).
1640 1494 1715 1533 Ni·

1053 1549 1110 1590 hil
1125 1550 1187 1606 est]
1227 1550 1390 1592 Videtur
1418 1553 1600 1591 inuenire
1628 1563 1714 1592 non

1054 1605 1174 1660 pofi'e.
1231 1609 1282 1646 D.
1414 1643 1419 1647 .

1107 1668 1215 1704 Ante
1246 1661 1343 1703 nihil
1377 1675 1529 1715 repone
1556 1663 1649 1716 quid
1673 1662 1715 1704 id

1052 1718 1129 1773 est?
1187 1723 1229 1761 B.

1112 1788 1161 1830 19
1191 1778 1259 1816 Ait
1277 1777 1428 1814 nimium
1449 1787 1563 1827 parce
1578 1775 1712 1827 fiacere

344 1835 454 1875 tiaris
480 1831 546 1884 est,
577 1829 656 1871 efl'e
674 1846 697 1870 a
714 1834 892 1880 Donam,
922 1832 1001 1878 illa,
1039 1832 1229 1886 fitmtum]
1260 1833 1362 1872 Mire
1388 1828 1478 1881 (Ms.
1500 1830 1620 1870 Hulst.
1652 1844 1714 1871 re-

346 1887 638 1939 Succenfi’resin
657 1902 698 1927 re
713 1889 829 1943 graui
849 1896 885 1927 e't
911 1887 1005 1940 iusta

342 1946 480 1996 irasci,
519 1943 567 1983 ab
600 1944 719 1983 altero
755 1945 1003 1997 grammatico

342 2000 527 2054 profePta.
583 2002 773 2040 Neutrum
800 2011 928 2040 autem
953 1998 1005 2039 sa·

343 2059 392 2098 tis
425 2059 632 2108 accurate).
690 2055 920 2107 Succenfire‚
959 2057 1003 2095 in

342 2127 389 2155 re
406 2114 516 2167 graui
539 2123 581 2151 et
602 2110 698 2152 iusta
717 2109 834 2152 irasci.
887 2115 937 2153 D.

399 2170 505 2209 Dele
523 2183 617 2217 rem,
646 2179 686 2208 vt
705 2168 798 2208 hanc
817 2166 1005 2208 referatur

342 2225 393 2266 ad
412 2223 614 2277 hospitam,
632 2225 866 2277 Glycerium.
924 2228 1004 2265 An-

343 2281 541 2333 tiquiffimi
569 2280 658 2320 libri
684 2280 833 2320 habent
856 2280 1003 2332 ffifien-

333 2337 409 2391 fit.
466 2342 513 2381 Β..

402 2400 451 2442 18
492 2393 635 2434 Puerile
652 2393 717 2448 est]
749 2396 1004 2445 ApparetDa·

342 2463 438 2489 uum
467 2463 573 2489 nunc
604 2462 791 2501 quaerere
821 2449 915 2501 quid
944 2462 1002 2489 re-

343 2503 552 2559 spondeat:
579 2519 619 2546 et
645 2507 692 2546 ad
721 2519 836 2558 quam
856 2502 1002 2545 causam

344 2562 500 2602 detinet
528 2562 658 2602 auersa
694 2560 910 2614 suspicione
936 2563 1001 2601 tri-

344 2617 481 2660 ffitiam
515 2619 719 2674 Pamphili,
761 2630 878 2669 quam
923 2619 1004 2658 ani-

1053 1890 1124 1938 ἂρ,
1145 1891 1316 1940 mirum),
1351 1884 1474 1938 ipsum
1502 1886 1634 1925 dicere
1653 1900 1712 1927 ve-

1051 1946 1126 1984 luti
1144 1947 1244 1996 fecit
1263 1955 1303 1982 et
1320 1945 1491 1990 nimium,
1521 1952 1562 1980 et
1578 1953 1710 1995 parce.

1040 2001 1226 2042 'Nimium
1250 2012 1359 2051 parce
1378 1998 1529 2053 facere]
1568 2002 1712 2050 Peper-

1053 2059 1116 2106 eit,
1141 2070 1194 2096 ne
1213 2055 1361 2096 diceret
1384 2051 1545 2094 sordide.
1575 2055 1710 2110 Mene]

1051 2112 1268 2154 Pei-turbati
1293 2109 1480 2151 indicium
1513 2109 1587 2158 est,
1618 2111 1710 2162 quia

1052 2167 1091 2209 se
1112 2167 1238 2222 ipsum
1263 2167 1494 2220 pronomine
1529 2165 1706 2208 ostendit.

1050 2228 1161 2323 D‘20
1199 2283 1287 2322 Duo
1316 2277 1428 2318 codd.
1458 2278 1630 2331 primarii
1658 2279 1717 2319 lex

1052 2348 1152 2391 gunt
1172 2336 1218 2390 est
1237 2337 1460 2387 obsonatum.
1510 2334 1637 2375 Reae.
1658 2334 1710 2377 cf.

1050 2395 1170 2435 Plaut.
1189 2398 1296 2435 Bacc.
1321 2405 1350 2439 1,
1375 2403 1411 2440 2,
1434 2403 1496 2444 35.
1555 2393 1600 2432 Β.

1105 2463 1159 2492 22
1198 2450 1374 2489 Mem-um
1405 2447 1612 2500 aequalium
1643 2458 1710 2500 po.

1050 2504 1238 2560 tifflmum]
1267 2503 1485 2558 Aequalium
1495 2512 1629 2551 aetate,
1644 2514 1711 2555 po·

1051 2561 1222 2617 tissimum
1241 2561 1450 2614 dignitate:
1480 2559 1626 2600 etenim
1643 2570 1710 2611 po·

1053 2622 1113 2670 tis,
1127 2622 1267 2674 potior,
1279 2614 1482 2671 potiffimus
1500 2614 1599 2655 facit.
1631 2616 1682 2655 Di
