1815 3168
609 85 1018 132 EVNVCHVS.

1399 101 1492 149 379

259 214 479 260 Homines
493 224 504 257 Ξ
527 227 629 257 nam
642 213 718 274 qui
728 212 831 259 huic
842 213 1039 258 animum
1051 208 1246 259 assentari
1258 215 1492 268 induxeris,

259 292 296 334 Ε
321 287 493 334 flamma
511 296 661 351 petere
682 297 725 333 te
752 286 900 335 cibum
926 283 1047 351 posse
1071 287 1275 333 arbitror.

261 361 361 411 TH
377 377 423 408 R.
458 366 608 408 Iamne
640 363 784 409 imus?

359 453 468 491 cam,
489 447 545 490 et,
570 454 680 501 quae
704 438 818 491 volo,

835 358 932 409 ΤΗ
945 375 993 410 A.
1029 362 1111 408 hos
1141 363 1266 427 prius
1297 364 1493 412 introdu-

161 531 227 577 40
261 513 400 562 Simul
425 513 678 577 imperabo:
712 511 811 578 post
830 514 1044 560 continuo
1068 528 1188 561 exe0.

261 586 362 637 ΤΗ
376 602 423 635 R.
461 592 559 649 Ego
581 588 685 636 hinc
710 588 833 642 abeo,
864 599 912 635 tu
933 586 1064 635 istanc
1086 588 1309 653 opperire.
1347 584 1382 636 P
1400 600 1430 634 A
1446 601 1495 636 R.

358 664 465 711 haut
486 666 695 710 conuenit

259 744 360 789 Vna
378 741 442 787 ire
462 756 567 786 cum
588 741 723 788 amica
742 742 1056 806 imperatorem
1075 740 1122 786 in
1143 738 1226 787 via.

180 960 294 1013 Infra
323 971 444 1000 omnes
466 957 643 1014 infimos]
672 957 783 1000 Prisc.

1329 812 1498 862 Tun}

833 970 918 999 xxx.
975 957 1144 1000 Lucilius
1183 957 1286 1009 apud
1322 958 1497 997 Nonium

124 1015 191 1058 lib.
213 1030 290 1056 x1v.
321 1018 441 1056 Plaut.
465 1015 784 1068 Stich.111‚2‚37.
829 1018 951 1056 Marc.
981 1015 1023 1053 in
1051 1025 1346 1054 monnicvs.
1386 1015 1497 1054 Mor·

124 1071 327 1123 infimatum
353 1070 512 1123 infimus.
574 1075 612 1116 L.

178 1130 229 1169 Vt
256 1127 361 1181 infra
388 1126 456 1167 sub
493 1128 609 1167 ietum
637 1127 780 1175 veniat,

126 1196 214 1223 cum
229 1188 388 1226 Donato
400 1184 476 1236 leg.
489 1183 594 1234 infra
610 1182 684 1235 effi».
714 1186 756 1223 B.

181 1250 235 1292 37
264 1238 346 1293 ‚Qui
376 1239 461 1277 huic
487 1241 651 1278 animum
680 1238 787 1289 affin-

126 1297 208 1335 tari
234 1294 444 1348 induxeris]
473 1295 655 1345 Proprie:
695 1306 787 1332 nam

126 1355 271 1390 animus
295 1350 482 1389 inducitur
499 1347 699 1389 aduersum
720 1348 788 1388 ob·

129 1407 245 1446 iecias
268 1405 524 1445 difficultates.
578 1407 629 1445 D.

182 1459 321 1501 Versus
362 1461 486 1515 gratia
518 1473 606 1500 cum
639 1458 788 1500 duobus

126 1517 237 1557 codd.
270 1526 309 1557 et
334 1517 422 1557 edd.
457 1527 546 1556 vett.
569 1517 671 1568 lege,
704 1515 789 1554 huic

125 1574 300 1624 affintari
319 1574 483 1613 animum
499 1572 707 1611 induxeris.
747 1574 788 1612 B.

185 1638 236 1680 38
275 1628 311 1667 E
335 1626 489 1681 flamma
514 1637 551 1666 te
572 1639 699 1679 petere
739 1628 790 1665 ci·-

126 1684 211 1724 bum
224 1681 323 1740 poſjb
345 1683 540 1738 arbitror]
571 1683 690 1723 Vnde
708 1681 790 1721 fine

127 1741 272 1780 damno
306 1751 371 1780 aut
404 1740 505 1779 malo
542 1739 642 1778 nihil
668 1736 792 1788 potest

126 1796 284 1836 auferri.
338 1795 376 1834 E
396 1793 570 1849 flamma]
613 1797 701 1833 Hoc
730 1795 791 1833 in·

126 1854 278 1906 telligit,
299 1864 382 1891 non
391 1865 440 1891 ex
457 1850 556 1898 foco,
575 1847 640 1889 sed
651 1863 700 1889 ex
710 1863 791 1890 me-

126 1909 192 1948 dio
210 1909 307 1962 igni,
327 1905 586 1947 velinceudio
597 1906 787 1948 flammae.

123 1967 225 2005 Nam
245 1964 447 2015 antiquum
458 1962 618 2002 verbum
631 1961 696 2011 est,
717 1963 786 2001 Pe-

128 2034 202 2061 tere
231 2019 352 2060 cibum
379 2033 399 2059 e
420 2017 584 2071 flamma.
616 2017 786 2058 mordet-

125 2090 206 2128 que
235 2087 442 2128 vti-umque
473 2074 604 2114 fimul:
637 2084 676 2112 vt
707 2072 789 2114 nes-

129 2133 204 2172 cias
224 2145 340 2184 quem
366 2132 477 2184 peius
505 2131 789 2182 vituperauerit,

129 2187 294 2228 huiusne
323 2187 487 2237 famem,
520 2200 569 2226 an
600 2185 700 2224 illius
720 2187 789 2225 im-

130 2245 382 2290 manitatem,
440 2244 503 2283 vel
543 2242 784 2295 Vox-aginem.

834 1072 935 1112 dicus
955 1082 1084 1123 petere
1112 1082 1243 1108 aurum
1272 1082 1318 1107 ex·
1343 1067 1499 1121 flamma

835 1127 1020 1181 expetitas,
1041 1140 1058 1163 e
1079 1138 1186 1164 coeno
1207 1124 1335 1164 cibum.
1393 1127 1434 1165 L.

894 1196 948 1237 39
981 1184 1103 1222 Iamne
1143 1180 1298 1235 imus-2²]
1350 1181 1499 1221 Odium

836 1239 1102 1286 Parmenonis,
1125 1249 1163 1277 et
1181 1237 1414 1276 stomachum
1428 1238 1501 1276 mi·

836 1296 913 1334 litis
945 1295 1011 1333 ista
1038 1293 1182 1332 indicat
1202 1291 1419 1340 festinatio3
1449 1304 1501 1343 et,

837 1352 928 1397 Iam,
950 1349 1166 1400 increpatio
1186 1362 1317 1388 morae
1337 1348 1403 1387 est.

889 1418 944 1457 40
971 1404 1054 1456 Post
1083 1404 1152 1442 huc
1186 1406 1361 1442 continuo
1392 1403 1500 1458 exeo]

837 1462 1001 1515 Legitur
1018 1471 1056 1500 et
1070 1459 1203 1511 postea,
1227 1469 1266 1497 vt
1285 1459 1327 1497 fit
1339 1460 1420 1511 post
1429 1474 1499 1512 pro

835 1517 959 1571 postea
976 1527 1262 1555 AnounTfflDe
1291 1515 1311 1534 ’⁶
1340 1514 1500 1564 (Sensus

839 1573 1015 1625 postulat,
1039 1582 1076 1609 vt
1093 1572 1253 1624 legatur,
1280 1572 1433 1615 ἐποκοπῆ
1454 1575 1500 1610 τέ

840 1632 898 1674 ea)
943 1625 1139 1679 quomodo
1186 1637 1257 1678 pro
1305 1626 1498 1678 postremo

835 1683 927 1739 post.
983 1685 1034 1723 D.

897 1741 1003 1781 Cum
1021 1739 1062 1776 in
1084 1738 1270 1778 Continuo
1290 1751 1371 1777 non
1390 1738 1500 1789 poffit

840 1809 923 1834 non
947 1793 1031 1833 fieri
1052 1790 1303 1847 synaloepha,
1335 1807 1405 1846 pro
1420 1794 1501 1848 1³<st

839 1864 927 1891 cum
947 1849 1058 1889 codd.
1080 1850 1172 1903 lego
1191 1850 1325 1903 postea.
1379 1853 1421 1890 Β.

892 1919 944 1959 41
985 1907 1067 1962 Ego
1098 1906 1181 1945 hinc
1210 1905 1315 1959 abeo]
1355 1903 1501 1946 Conse-

837 1975 962 2015 quens
987 1972 1069 2001 erat
1091 1972 1129 2000 vt
1149 1960 1413 2002 offenderetur
1432 1965 1501 2001 mi-

836 2019 892 2058 les
905 2050 914 2068 ,
943 2028 1018 2057 tam
1040 2018 1251 2070 diligenter
1270 2018 1398 2057 riualis
1417 2032 1501 2056 mu-

839 2087 912 2115 nus
939 2071 1171 2125 suscipiente
1196 2075 1413 2113 meretrice.
1452 2078 1499 2116 D.

893 2131 998 2169 Haut
1030 2130 1220 2184 conuenit]
1250 2126 1319 2171 ΜΓ.
1347 2132 1390 2171 R.
1423 2144 1501 2170 non

840 2188 1022 2226 conuenit.
1076 2189 1118 2226 L.
1351 2236 1353 2239 Α

893 2254 948 2295 42
982 2243 1062 2282 Vna
1082 2243 1140 2280 ire
1160 2255 1239 2281 cum
1257 2243 1396 2293 amica,
1429 2245 1502 2282 im-

130 2302 179 2340 Et
210 2299 317 2339 simul
342 2300 432 2339 vide
461 2299 682 2338 conuicium
702 2297 788 2337 red·
833 2309 1044 2351 peratorem
1070 2300 1110 2337 in
1128 2298 1209 2351 vin]
1240 2297 1344 2339 Vide
1372 2307 1501 2343 προπα·

130 2355 277 2405 ditum‚
325 2355 428 2395 vnde
464 2354 683 2395 conieaum
710 2352 789 2402 est3

132 2412 171 2450 id
202 2411 277 2460 est,
313 2411 364 2452 de
382 2420 607 2465 paupertate
641 2420 682 2450 et
701 2423 790 2464 ege-

131 2466 236 2506 state.
291 2468 340 2508 D.

184 2523 221 2561 E
246 2521 397 2575 flamma
424 2522 563 2578 cibum]
594 2526 788 2564 Homerus

133 2579 234 2633 apud
258 2581 417 2622 Sueton.
446 2581 487 2621 in
504 2579 677 2623 Tiberio.
705 2593 787 2634 cap.

840 2353 1003 2400 ςασκευῆν
1023 2352 1174 2393 futurae
1187 2354 1264 2392 litis
1285 2355 1500 2394 interTha-

839 2411 946 2450 idem
967 2422 1006 2450 et
1022 2410 1199 2450 militem.
1249 2410 1341 2450 cum
1359 2414 1497 2466 amica]

838 2465 1007 2508 Mirifice
1028 2468 1182 2507 amicam
1200 2465 1304 2516 dixit,
1326 2480 1406 2506 nou
1420 2482 1498 2507 me-

839 2524 1027 2562 retrIcem.
1072 2523 1334 2576 Imperatorem
1354 2526 1394 2563 in
1414 2525 1496 2578 viu]

838 2580 1029 2635 Congrue
1073 2581 1116 2620 in
1155 2579 1320 2621 militem
1340 2594 1347 2618 :
1393 2582 1495 2631 quasi

1413 2636 1495 2690 ipse
