1815 3168
588 85 998 136 EVNVCHVS.
1379 93 1471 149 εει

254 222 340 265 Fac
362 229 499 267 cures,
522 211 553 259 fi
574 214 783 261 Chremes
805 213 893 258 huc
917 213 1030 259 forte
1054 212 1291 266 aduenerit,

252 298 316 341 Vt
326 292 640 354 oreS,primum
651 299 697 335 vt
708 298 897 334 maneat:
920 286 949 332 fi
962 287 1006 333 id
1021 304 1111 333 non
1128 285 1473 344 commodum'st,

159 385 221 433 50
255 373 316 416 Vt
335 365 501 414 redeat:
538 363 567 410 fi
590 364 634 409 id
656 381 746 409 non
771 364 945 427 poterit,
969 362 1021 408 ad
1046 379 1118 408 me
1140 361 1355 408 adducito.

253 441 288 491 P
302 456 347 488 Υ.
389 444 455 487 Ita
496 439 662 486 faciam⁰
696 433 852 483 THA.
891 436 1027 500 quid?
1067 437 1174 500 quid
1212 433 1330 483 aliud
1360 437 1480 484 volui

353 516 494 562 dicere
507 514 527 560 ?

253 593 410 644 Ehem,
431 599 575 637 curate
597 588 716 635 istam
738 581 968 648 diligenter
989 588 1227 646 virginem:

252 668 391 716 Domi
416 663 581 720 adsitis,
619 665 760 714 facite.
806 659 901 709 ΤΗ
915 675 962 709 R.
999 677 1164 708 eamus.
1202 657 1299 709 ΤΗ
1312 674 1363 708 A.
1402 680 1481 711 vos

351 757 423 790 me
444 740 687 804 sequimini.

178 967 229 1018 48
256 964 299 1004 Si
319 957 488 1003 chremes
510 955 578 1001 huc
595 958 706 1014 forte
727 956 780 1000 ad

124 1030 180 1060 me
206 1019 366 1073 venerit]
399 1024 567 1065 οἰκονομία
593 1017 641 1057 ad
670 1018 777 1056 litem

123 1076 305 1125 futuram,
326 1086 365 1114 et
376 1076 522 1114 exitum
532 1073 697 1113 fabulae.
729 1077 778 1113 Et

122 1132 200 1171 hoc
228 1145 309 1171 non
338 1130 443 1170 audit
469 1131 607 1174 milest
636 1142 727 1168 nam
752 1127 778 1167 fi

1221 807 1484 861 ACTVS

826 953 980 1013 Pythias
998 951 1077 1011 ipsa
1104 954 1148 997 in
1165 958 1287 998 scena
1313 952 1392 1009 seq.
1415 969 1485 1008 ap-

827 1016 978 1069 probat.
1035 1018 1076 1055 B.

884 1085 937 1125 50
965 1072 1028 1111 Aa'
1052 1085 1107 1110 me
1132 1069 1325 1124 adducito]
1359 1066 1486 1110 Modo

828 1127 891 1168 vbi
910 1127 992 1167 sum
1012 1127 1212 1180 (Coi-rige,
1235 1138 1306 1166 AD
1327 1137 1402 1165 ME
1423 1122 1488 1164 vbi

124 1187 287 1235 audiret,
306 1187 422 1225 nimis
441 1184 670 1226 irasceretur.
702 1188 752 1226 D.
819 1184 906 1236 fiam
934 1182 994 1236 Z.)
1023 1181 1222 1236 fignificat⁴
1277 1184 1327 1221 Da

182 1246 223 1283 Si
236 1242 404 1282 Chremes
414 1241 499 1295 huc]
514 1244 585 1282 Hic
599 1242 651 1280 est
661 1240 782 1283 Chre-

126 1311 211 1338 mes
231 1296 346 1337 frater
363 1297 526 1348 puellae,
554 1310 655 1347 quae
673 1310 693 1334 a
710 1297 781 1334 mi-

129 1355 200 1393 lite
228 1352 372 1394 Thaidi
399 1353 540 1391 donata
566 1351 639 1391 est:
678 1350 782 1388 hunc

129 1410 286 1450 fratrem
303 1406 380 1447 ess'e
400 1406 569 1447 eiusdem
597 1417 637 1445 et
656 1418 783 1445 mere·-

131 1466 234 1504 tricis
275 1462 488 1514 suspicatur.
544 1465 657 1502 Hanc
699 1475 783 1500 cauh

129 1519 208 1561 sam
229 1521 433 1572 (Coi-rige,
461 1522 644 1557 meretrix
661 1516 783 1572 suspi-

131 1590 250 1616 catur.
314 1576 423 1614 Hanc
458 1573 503 1613 ob
538 1574 679 1624 caufiam
726 1574 784 1624 Z.)

131 1631 290 1672 mandat
306 1631 493 1679 ancillae,
521 1641 560 1668 vt
577 1629 604 1668 fi
624 1630 783 1675 venerit,

129 1698 299 1729 maneat.
352 1690 399 1726 Et
418 1685 518 1732 vide,
540 1684 787 1737 quemadmo-

133 1744 239 1792 dum,
270 1755 370 1794 quae
388 1741 565 1788 mandat,
593 1742 662 1780 tria
681 1752 788 1792 prae-

134 1809 247 1851 cepta
271 1797 370 1847 sunt,
392 1811 490 1849 quae
501 1797 640 1836 scilicet
658 1794 789 1835 secun-

134 1855 227 1894 dum
254 1854 394 1907 gradus
423 1854 619 1903 petitionis
644 1852 691 1891 ad
719 1852 789 1891 mi-

134 1924 232 1950 nora
275 1907 524 1950 descendunt.
581 1909 709 1948 Primo
751 1921 789 1946 e-

135 1968 232 2014 nim,
255 1965 358 2017 quod
378 1966 498 2004 maius
518 1963 583 2013 est,
599 1965 789 2016 petimus:

135 2022 212 2063 hoc
241 2023 357 2071 dixit,
382 2034 426 2060 vt
449 2034 615 2060 maneat:
644 2019 791 2058 deinde

137 2077 242 2131 quod
259 2079 385 2118 minus
403 2075 475 2126 est,
500 2076 544 2128 fi
562 2070 792 2114 commodum

138 2149 215 2174 non
234 2133 290 2185 est,
302 2147 343 2173 vt
353 2134 491 2173 redeat.
534 2133 671 2172 Tertio
683 2130 791 2181 quod

142 2191 315 2230 vltimum
343 2202 392 2229 ex
419 2189 657 2235 necessitate,
685 2184 729 2236 st
753 2187 795 2224 id

141 2259 218 2284 non
252 2249 410 2298 poterit,
443 2245 493 2283 ad
527 2258 580 2283 me
612 2243 791 2282 deducito.

141 2313 245 2353 quae
263 2303 332 2340 tria
348 2298 511 2341 semabit
527 2300 675 2339 ancilla.
707 2301 750 2339 E.

200 2357 340 2396 Melius
362 2356 437 2396 duo
459 2356 569 2395 codd.
598 2365 685 2394 cum
707 2351 795 2393 edd.

145 2422 234 2452 vett.
268 2424 305 2451 et
323 2415 477 2452 Donato
506 2412 717 2458 collocant,
753 2408 796 2448 Si

135 2469 248 2520 sorte
264 2468 331 2507 huc
345 2467 513 2508 Chremes
523 2469 722 2507 aduenerit.
751 2469 793 2506 B.

200 2535 254 2575 49
281 2522 434 2563 Inuerso
454 2524 592 2562 ordine
619 2535 724 2574 pone
741 2533 795 2560 re-

147 2579 242 2626 deat,
261 2591 329 2630 pro
349 2593 514 2620 maneat.-
543 2590 655 2630 atque
675 2591 794 2618 mane·

145 2649 186 2676 at
206 2648 276 2687 pro
295 2635 431 2676 redeat.
485 2638 597 2679 Hunc
618 2634 796 2676 ordinem

885 1251 935 1291 51
969 1239 1098 1293 Qid?
1136 1238 1227 1291 quid
1255 1238 1359 1277 aliud
1384 1236 1487 1275 volui

830 1295 1001 1348 dicem]
1031 1297 1114 1342 Pro,
1133 1293 1366 1345 quidaliud?
1395 1291 1489 1330 hinc

829 1350 884 1388 est
911 1349 1007 1388 illud
1039 1349 1241 1389 Ciceronis
1269 1349 1396 1400 (Vei-r.
1428 1361 1490 1395 ιν,

831 1407 898 1458 3.),
927 1405 1058 1461 Qem,
1078 1406 1288 1457 quemnam?
1317 1405 1407 1443 rec‘te
1426 1403 1491 1441 ad·

832 1474 978 1512 mones,
1024 1459 1250 1511 Polycletum
1299 1458 1363 1511 esse
1400 1460 1490 1498 dice-

836 1515 935 1556 bant.
991 1519 1042 1558 D.

886 1571 1019 1625 Qid?
1049 1571 1155 1624 'quid
1180 1569 1303 1624 aliud]
1331 1564 1494 1621 Expres-

833 1626 876 1666 sit
901 1639 1051 1666 morem
1075 1627 1194 1665 domo
1221 1623 1494 1677 proficiscenti·-

836 1697 913 1722 um.
975 1686 1026 1723 Vt
1037 1681 1207 1735 (excidit,
1208 1680 1250 1731 si
1263 1685 1321 1735 Z.)
1344 1682 1386 1720 in
1407 1695 1493 1733 pro·

836 1740 1039 1791 peratione
1059 1738 1246 1776 mandare
1265 1737 1412 1789 aliquid
1432 1751 1495 1775 cu-

836 1795 995 1844 piamus,
1013 1805 1051 1833 et
1073 1795 1117 1832 in
1137 1793 1376 1833 obliuionem
1388 1794 1494 1833 veni-⁴

837 1861 883 1899 at,
903 1850 986 1900 post
1005 1849 1197 1888 memoria
1214 1859 1418 1901 repetatur.
1449 1852 1493 1889 E.

892 1918 945 1957 52
977 1907 1117 1945 Curate
1157 1904 1262 1955 istam
1290 1906 1496 1960 ‘diligenter

838 1962 1036 2016 virginem]
1071 1964 1179 2000 Haec
1207 1973 1266 1999 res
1291 1961 1365 2008 est,
1397 1974 1495 2012 quae

838 2018 955 2056 faciet
985 2018 1180 2070 virginem
1208 2016 1350 2065 claudi,
1380 2017 1422 2055 in
1443 2018 1497 2057 le-

841 2074 945 2112 &tulo
965 2074 1164 2121 collocarij
1194 2084 1233 2111 et
1262 2072 1495 2112 obdormire.

843 2129 979 2169 Curate
1010 2127 1113 2180 istam
1149 2128 1348 2182 diligenter
1377 2130 1497 2184 virgi-

840 2185 937 2238 nem]
969 2184 1197 2231 Ridiculum,
1220 2189 1339 2235 quum
1365 2196 1497 2224 contra

842 2250 1074 2279 euenturum
1095 2239 1146 2278 fit.
1202 2242 1253 2279 D.

901 2307 952 2348 53
986 2297 1059 2336 Vos
1078 2308 1132 2334 me
1145 2294 1363 2350 sequimini]
1392 2291 1499 2343 Κωφοέ

843 2351 1002 2399 πρόσωπα
1022 2349 1106 2391 sunt
1124 2352 1298 2402 puellae,
1328 2365 1429 2404 quae
1446 2347 1499 2392 se-

845 2418 1029 2459 quuntur.
1084 2410 1137 2449 D.

898 2465 1014 2503 Domi
1035 2461 1177 2517 affiis]
1207 2460 1280 2505 Ms.
1308 2463 1351 2508 R.
1380 2461 1500 2505 Domi

842 2534 884 2560 vt
903 2519 1024 2573 affitis,
1080 2523 1118 2560 L.

900 2582 973 2618 Pro
1006 2574 1133 2626 adfi'tis
1159 2573 1393 2615 consuetudo
1420 2576 1499 2616 Te·

845 2635 1021 2676 rentiana
1041 2631 1202 2684 postulat
1218 2645 1258 2671 vt
1271 2630 1361 2680 fitis,
1401 2636 1443 2673 Β,
