1815 3168
309 172 372 218 42

715 160 866 206 ACT.
900 161 930 209 1.
975 160 1174 208 SCEN.
1208 164 1244 212 1.

344 296 411 348 95
447 284 545 333 Visa
566 282 646 341 est;
684 297 725 332 et
749 288 849 350 quia
874 299 964 334 erat
982 289 1123 343 forma
1146 300 1318 354 praeter
1340 283 1526 338 caeteras}>

442 359 640 408 Honesta
662 373 704 407 et
725 360 913 408 liberali:
953 363 1110 410 accedo
1142 364 1194 410 ad
1213 365 1488 429 pedisequas3

447 441 574 491 Quae
593 435 656 488 fit,
679 453 805 497 rogo.
843 441 1050 484 Sororem
1071 435 1152 484 esse
1175 441 1296 486 aiunt
1319 441 1552 503 Chrysidis.

439 509 644 565 Percussit
670 511 785 557 illico
811 514 1030 560 animum:
1067 516 1184 561 atat!
1223 513 1308 561 hoc
1320 515 1427 563 illud
1449 516 1521 569 est,

439 590 562 634 Hinc
584 586 679 632 illae
703 586 943 645 lacrumae3
982 588 1087 635 haec
1108 587 1214 635 illast
1235 590 1536 638 misericordia.

307 681 406 715 «100
440 660 534 709 So.
587 665 735 716 Quam
763 664 923 716 timeo,
971 663 1179 727 quorsum
1213 666 1380 713 evadas.
1428 667 1505 714 Si.
1539 669 1672 716 funus

671 739 852 783 interim

437 811 659 861 Procedit:
691 812 938 876 sequimur:
974 815 1029 862 ad
1052 815 1330 882 sepulchrum
1359 819 1580 865 venimus:

355 986 410 1028 95
441 970 601 1024 Honesta
625 985 667 1011 ac
685 969 850 1022 liber-alt]
879 973 960 1014 Ho-

298 1030 407 1082 nesta,
429 1028 475 1068 ad
489 1027 672 1068 formam:
707 1028 888 1080 Liberali,
912 1028 960 1070 ad

299 1088 448 1126 vultum
467 1085 609 1124 retulit.
660 1085 709 1125 D.

352 1149 404 1195 98
436 1140 624 1195 Percuffit]
655 1143 741 1181 Hoc
758 1139 822 1189 est,
849 1136 962 1192 suspi-

298 1198 371 1243 cio,
394 1198 456 1236 vel
475 1197 714 1248 aliquidtale.
751 1198 871 1247 Atat]
902 1201 962 1236 ln·

294 1255 472 1294 terieffio
504 1253 738 1292 admirantis.
796 1252 881 1291 Hoc
915 1251 961 1289 il·

295 1308 377 1355 lud]
419 1308 576 1348 δεικτικδυ
595 1309 678 1347 eius
690 1309 747 1347 rei
759 1307 822 1355 est,
843 1320 960 1358 quam

293 1367 339 1406 in
361 1366 493 1404 animo
513 1375 832 1414 conceperamus.
875 1363 961 1400 Vir-

296 1422 425 1477 gilius,
438 1420 480 1459 H
480 1433 520 1458 oc
531 1418 622 1457 illud
624 1431 801 1474 germana
800 1418 900 1470 fuit.
913 1420 962 1459 D.

350 1474 527 1529 Percuffit
560 1476 656 1515 illico
672 1473 853 1528 animum]
871 1485 959 1512 cum

293 1532 459 1574 formam
494 1530 690 1580 vidifl'ern,
730 1543 817 1569 cum
839 1533 961 1584 lacry-

291 1604 375 1630 mas
396 1585 687 1642 perspexissem,
715 1596 803 1625 cum
828 1585 958 1640 Chry-

294 1646 381 1686 fidis
417 1643 583 1684 sororem
621 1643 724 1682 hanc
756 1639 956 1695 cognouis-

294 1700 402 1750 sems‘
420 1698 503 1741 sum
521 1696 651 1738 nescio
670 1697 781 1750 quid,
812 1698 953 1749 inquit,

293 1758 483 1797 continuo·
505 1753 717 1807 suspicatus.
762 1754 845 1793 Hoc
864 1753 956 1792 illud

292 1813 352 1865 est,
381 1813 463 1852 hinc
482 1810 564 1852 illae
583 1810 792 1860 lacrymae]
849 1811 954 1849 Hinc

291 1871 361 1910 illa
396 1866 483 1908 sunt
507 1876 737 1922 argumenta
763 1866 954 1906 conie'stu·

290 1927 394 1973 ralia,
415 1937 514 1977 quae
535 1922 647 1975 supra
669 1922 876 1967 'diximus;—
891 1933 954 1960 ve-

290 1981 447 2022 rifimile
475 1976 552 2021 effe
576 1978 698 2018 filium
723 1991 852 2017 amare
878 1990 954 2017 me-

290 2039 492 2085 retricem,
525 2035 628 2088 quod
653 2045 728 2074 tam
758 2032 953 2073 familiaria

291 2106 349 2133 ter
373 2093 421 2133 ad
442 2091 668 2145 Chryfidem
680 2088 717 2129 se
728 2091 949 2142 applicarat5

289 2149 399 2203 quod
426 2150 508 2190 eius
528 2159 604 2188 tarn
623 2147 865 2188 familiariter
885 2147 951 2186 fle-

290 2218 350 2247 ret
379 2206 589 2245 interitum.
644 2207 730 2245 Hoc
762 2202 818 2243 est
843 2204 951 2243 enim

289 2262 396 2316 quod
415 2261 521 2309 dixit,
541 2262 640 2300 Hinc
658 2258 741 2299 illae
757 2260 950 2310 lacrymae.

288 2318 368 2360 Sed
391 2319 576 2370 quoniam
600 2315 723 2356 adhuc
753 2330 871 2368 parua
898 2313 950 2355 su-

288 2374 482 2426 fpicioest‚
495 2373 636 2413 adiecit
646 2382 885 2426 argumenta.
905 2375 947 2414 E.

316 2438 318 2442 '
346 2428 519 2482 Percuffit
546 2428 662 2479 illico]
703 2439 758 2467 lta
773 2431 948 2469 Donatus

288 2497 331 2528 et
343 2483 893 2538 vett.omnes.Vulg.Percuffi't.
907 2487 946 2524 L.

341 2555 397 2597 99
416 2543 513 2581 Hinc
524 2540 608 2581 illae
619 2542 815 2593 lacrymae]
839 2541 948 2590 Hinc,

288 2612 339 2640 ex
359 2597 429 2638 hae
448 2595 570 2638 causa.
627 2601 677 2640 D.

350 2658 421 2696 Pro
442 2656 539 2696 Hinc
566 2653 656 2708 lege
681 2654 794 2695 Haec.
847 2657 949 2696 Nam

1618 897 1674 941 In

1009 985 1283 1027 praeterquam
1310 977 1416 1028 quod
1447 988 1520 1017 tres
1553 977 1667 1018 codd.

1009 1032 1062 1070 ita
1080 1033 1230 1086 legunt,
1257 1033 1366 1072 aliter
1385 1032 1511 1073 versus
1532 1031 1672 1073 susten-

1006 1089 1078 1127 tari
1098 1089 1244 1140 nequit,
1265 1088 1334 1128 nili
1353 1091 1590 1140 amplefiaris
1616 1104 1672 1129 αι’·

1011 1141 1220 1184 chaismum
1236 1145 1338 1183 Haec
1359 1159 1426 1196 pro
1445 1147 1534 1185 Hae.
1580 1149 1622 1185 B.

1073 1212 1149 1242 100
1176 1199 1304 1255 Qtam
1332 1206 1461 1246 timeo]
1510 1205 1597 1241 Non
1620 1202 1674 1242 vi·

1011 1255 1123 1295 detur
1152 1257 1276 1295 adhue
1299 1258 1425 1298 Soliae
1446 1258 1609 1309 plenum
1635 1272 1671 1297 a·

1009 1312 1128 1350 moris
1147 1323 1420 1366 argumentum
1431 1328 1440 1358 3
1462 1313 1561 1352 adeo
1576 1327 1679 1368 pen·-

1011 1366 1077 1405 det
1095 1366 1143 1405 ad
1163 1380 1209 1406 ea
1227 1380 1328 1418 quae
1353 1368 1520 1407 dietum
1548 1370 1600 1408 est
1617 1370 1673 1410 Si·

1009 1435 1086 1462 mo.
1126 1422 1294 1474 Euadas]
1327 1424 1371 1463 Id
1390 1424 1444 1463 est
1463 1437 1588 1474 exeas,
1609 1425 1672 1464 vel

1009 1481 1226 1531 peruenias.
1257 1479 1381 1519 Funus
1388 1481 1571 1533 procedit]
1597 1482 1672 1521 Fu·

1008 1547 1078 1574 nus
1101 1549 1122 1574 a
1141 1534 1339 1575 funalibus
1364 1536 1507 1576 dietum
1527 1537 1601 1587 est,
1630 1549 1669 1578 vt

1005 1587 1117 1643 supra
1136 1593 1357 1631 notauimus
1371 1606 1382 1639 ;
1409 1604 1447 1632 et
1467 1593 1521 1632 est
1537 1593 1666 1643 funus,

1006 1660 1152 1698 pompa
1172 1649 1429 1699 exequiarum.
1479 1652 1528 1688 Et
1548 1649 1665 1698 bene,

992 1704 1118 1755 funus
1148 1705 1338 1755 procedit,
1372 1717 1435 1743 nos
1457 1703 1666 1757 fiquimur,

1004 1758 1114 1806 dixit,
1141 1758 1244 1810 quafi
1265 1759 1348 1812 post
1370 1758 1489 1811 ipsam
1510 1763 1666 1801 moritu-

1003 1815 1102 1853 turi:
1147 1814 1252 1854 vnde
1279 1819 1454 1870 exequiae
1471 1816 1664 1856 dicuntur.

1004 1869 1125 1909 Funus
1155 1873 1305 1910 interim
1325 1873 1520 1928 procedit]
1566 1873 1668 1911 ἀσύν-

1004 1930 1106 1964 δετον.
1161 1929 1211 1968 D.
1640 1935 1642 1937 ’

1063 1992 1140 2024 101
1173 1982 1235 2022 Ad
1249 1981 1496 2036 fipulchrum]
1538 1984 1666 2037 Sepul-

1003 2036 1132 2077 chrum
1154 2040 1230 2076 κατ’
1258 2040 1454 2087 ἄντίφςασιν
1483 2040 1662 2089 dicimuS,

1002 2094 1120 2146 quod'
1142 2094 1224 2135 fine
1261 2108 1303 2134 re
1328 2096 1489 2147 pulchra
1515 2097 1568 2137 fit.
1610 2107 1661 2136 an

1002 2150 1108 2202 quod
1130 2151 1186 2191 ibi
1206 2150 1286 2191 line
1305 2150 1415 2203 pulsu
1431 2151 1512 2202 lint,
1536 2153 1574 2192 id
1594 2153 1659 2199 est,

1000 2209 1165 2248 mortui?
1195 2221 1245 2247 an
1277 2207 1380 2260 quod
1404 2209 1482 2247 illic
1506 2211 1660 2249 animae

999 2277 1021 2301 a
1039 2264 1136 2302 viuis
1156 2260 1395 2315 sepeliantur,
1421 2265 1460 2304 id
1481 2265 1534 2305 est
1560 2264 1662 2317 sepa-

999 2321 1157 2360 rentur?
1194 2323 1242 2360 Et
1280 2319 1523 2372 sepulchrum
1561 2322 1659 2361 dixit

997 2374 1184 2424 futurum,
1215 2389 1297 2415 non
1324 2377 1426 2428 quod
1454 2378 1528 2416 iam
1551 2375 1657 2417 effer.

997 2432 1234 2484 Sepulchrum
1262 2434 1365 2472 enim
1384 2447 1404 2471 a
1432 2431 1657 2484 sepeliendo

997 2487 1150 2528 dieium.
1165 2489 1348 2541 Virgilius
1359 2490 1523 2541 proprie,
1534 2492 1656 2539 (Aen.

999 2557 1053 2592 vi,
1074 2547 1187 2598 232.)
1218 2549 1268 2584 At
1280 2547 1368 2598 pius
1379 2547 1515 2584 Aeneas
1531 2548 1657 2600 ingen·

999 2603 1033 2641 ti
1074 2602 1167 2642 mole
1202 2600 1437 2656 sepulchrum
1472 2602 1656 2656 imquuit.

1614 2657 1658 2697 fn
