1815 3168
24 1584 31 1593 .
79 1553 254 1607 firmetur
264 1552 416 1605 foedus.

495 133 1026 180 HEAVTONTIM.

1335 129 1432 183 617

111 275 170 329 85
211 262 319 312 CH.
356 267 527 310 Paratus
550 261 656 308 sum.
693 256 850 306 ΜΕΝ.
890 249 1028 313 ΐςίιῧ,
1060 255 1170 320 quid·
1188 270 1306 302 nunc
1327 254 1434 301 face·

302 354 350 385 re
372 349 415 384 te
436 337 567 384 volo?

206 410 312 460 CH.
353 415 452 459 Dic.
491 409 647 459 ΜΕΝ.
684 409 803 475 quod
835 405 990 457 sensisti
1020 406 1117 453 illos
1151 422 1221 452 me
1243 406 1439 470 incipere

306 488 468 541 fallere,

207 563 260 611 Id
281 576 327 610 vt
349 573 569 610 maturent
586 562 749 609 facere:

786 562 918 625 cupio
941 559 1003 605 illi
1026 557 1140 611 dare,

211 638 348 694 Quod
370 640 484 687 volt:
517 640 648 703 cupio
669 639 754 684 iam
774 636 937 683 videre.
973 631 1068 681 (ΞΗ.
1102 648 1280 697 operam
1304 629 1442 677 dabo:

209 718 344 777 Syrus
369 713 428 761 est
449 712 789 778 prehendendus
811 721 946 774 atque
961 707 1255 756 adhortandus
1278 706 1404 752 mihi.

109 804 175 853 90
214 794 256 836 A
277 806 348 836 me
369 789 510 836 nescio
532 791 628 853 quis
653 790 759 834 exit:

799 786 988 833 concede
1017 784 1119 830 hinc
1143 782 1340 833 domum,

209 869 285 913 Ne
305 882 385 912 nos
407 867 523 911 inter
549 881 629 911 nos
658 879 901 923 congruere
924 862 1116 907 sentiant.

165 1008 168 1017 ι
209 940 442 988 Paululum
459 942 611 1002 negoti
630 939 741 987 mihi
764 937 920 985 obstat:
948 938 1105 983 'Simus
1128 943 1172 980 et
1185 934 1306 980 Crito

656 1018 880 1078 ‘Qq5

82 1172 163 1202 tum
200 1158 382 1214 personas
423 1158 572 1199 habens
606 1156 742 1199 secun-

83 1220 149 1258 das
177 1219 216 1256 in
245 1217 427 1270 fingulari
454 1226 494 1255 et
519 1217 560 1254 in
583 1215 735 1267 plurali,

85 1274 188 1326 qnod
217 1272 421 1327 fignificat,
450 1272 515 1311 Da
545 1274 606 1311 vel
631 1275 740 1311 Date.

83 1330 224 1371 Probat
235 1331 398 1378 Nonius,
411 1330 540 1367 nitens
554 1327 654 1366 cffio
666 1330 742 1366 En-

84 1388 225 1435 n'muo,
253 1386 359 1425 euius
388 1384 484 1424 haec
504 1384 619 1423 verba
639 1381 742 1421 sunt:

88 1444 215 1482 cedite
242 1455 372 1480 manus
396 1440 551 1491 vestras,
578 1438 744 1491 meafiJue

86 1501 251 1550 accipite,
269 1511 305 1536 et
324 1499 459 1536 iunc'tis
477 1497 648 1537 manibus
664 1509 744 1534 con-

475 1552 594 1603 Quod
619 1565 748 1592 exem-

88 1612 194 1662 plum
218 1610 352 1651 clarius
373 1609 484 1662 possit
498 1608 638 1648 adduci
658 1608 747 1646 illo:

92 1667 174 1706 cedo
209 1667 328 1720 igitur
357 1668 539 1705 dextram.
598 1667 677 1704 Nos
712 1676 749 1702 e-

92 1725 176 1762 nim
206 1733 270 1762 aut
296 1723 437 1761 oraturi
467 1731 531 1759 aut
551 1718 752 1759 confirma·

91 1781 166 1818 turi
187 1779 395 1830 quicquam
425 1778 539 1816 alieni
560 1778 641 1816 eins
660 1776 752 1815 dex·

95 1846 189 1875 tram
209 1832 368 1887 poscere
391 1832 571 1873 solemus.
629 1833 676 1876 C.

148 1897 272 1937 Nostri
300 1896 388 1935 libri
416 1897 579 1935 meliore
606 1893 753 1940 ordine,

93 1952 216 1994 Porro
235 1967 271 1993 te
293 1967 358 1992 oro
379 1952 470 1992 idem
489 1965 542 1991 vt.
601 1954 642 1991 B.

152 2030 205 2076 86
233 2025 398 2078 Incipere
429 2021 584 2077 fille-re]
626 2023 672 2063 V.
704 2021 760 2064 C(

97 2084 264 2142 Incipere
285 2081 370 2120 velle
384 2080 531 2132 fiallere.
587 2082 628 2119 L.

155 2162 204 2204 88
246 2154 444 2195 Bentleius
480 2152 603 2192 edidit
638 2151 754 2202 Cupio

100 2211 215 2263 ipficm
240 2214 313 2250 inm
339 2210 475 2249 videre.
529 2210 646 2249 Certe
676 2205 758 2246 sen-

101 2265 160 2305 sus
189 2267 350 2320 egregie
387 2263 636 2305 commendat
662 2261 758 2301 illud

103 2321 230 2376 ipfitm.
283 2327 322 2364 Z.

162 2401 212 2447 89
225 2392 579 2447 Apprehendendus]
600 2396 642 2432 ln
657 2389 761 2431 And.

105 2463 190 2491 tuus
215 2462 321 2502 pater
349 2466 401 2490 me
431 2451 539 2490 modo
569 2448 763 2500 apprehen-

107 2507 177 2546 dit.
238 2505 538 2560 Prehendendus]
568 2504 685 2546 Deest
705 2503 763 2543 ad.

108 2563 187 2604 Sed
208 2562 296 2601 ideo
317 2561 578 2614 praem-milit,
600 2562 691 2612 qnia
709 2559 767 2598 di-

109 2619 236 2659 θυι-υς
255 2629 348 2669 erat,
366 2618 648 2659 Adhormndus.
679 2618 728 2659 C.

1300 1006 1447 1052 Vicini

844 1156 934 1197 Illos
955 1167 1029 1194 tres
1048 1150 1186 1202 versus,
1198 1151 1313 1202 Syrus
1326 1148 1373 1201 est
1393 1171 1448 1180 --·

788 1237 844 1245 —
870 1213 1060 1264 sem-iant,
1097 1209 1146 1249 ad
1184 1207 1299 1246 finem
1336 1205 1449 1242 huius

790 1264 1319 1319 Scenaeapponendosputo.
1349 1264 1450 1300 Nam

791 1327 956 1378 primum
977 1337 1059 1362 non
1077 1332 1238 1373 apparet
1257 1320 1363 1365 ratio,
1384 1329 1453 1354 cur

792 1381 1051 1422 Menedemus
1086 1379 1127 1416 in
1158 1378 1281 1416 Scena
1310 1373 1454 1413 restite-

793 1439 859 1485 rit,
890 1434 1009 1475 iuffus
1031 1434 1191 1472 domum
1210 1431 1317 1470 abire
1338 1431 1452 1477 (Ver-

795 1494 842 1532 ba
861 1494 980 1540 enim,
1008 1490 1159 1541 oper-ani
1178 1501 1219 1526 vt
1241 1484 1310 1526 tibi
1329 1485 1454 1523 darem

796 1549 844 1589 ad
891 1547 1178 1590 Bsienedemnm
1233 1541 1454 1590 dicuntur).

797 1604 957 1646 Deinde
983 1615 1055 1642 nec
1082 1600 1310 1653 intelligitur
1335 1593 1454 1642 causa,

799 1676 864 1701 cnr
896 1662 1024 1713 Syrus,
1061 1658 1139 1708 qui,
1170 1653 1379 1695 secundum
1400 1656 1478 1690 or!

802 1718 933 1757 dinem
963 1715 1183 1767 vulgarem,
1222 1711 1318 1749 exiit
1341 1704 1460 1760 prins-

802 1787 919 1825 quam
940 1770 1129 1813 Chremes
1148 1768 1282 1812 abiret,
1312 1763 1458 1804 tamdiu

801 1831 844 1870 in
862 1831 989 1869 Scena
1009 1823 1150 1864 otiosus
1172 1835 1209 1862 et
1225 1832 1354 1861 mutus
1378 1818 1461 1858 fne-

803 1887 861 1925 rit.
902 1883 1087 1932 Denique
1107 1881 1224 1932 plane
1233 1889 1367 1917 contra
1380 1888 1462 1914 mo·

803 1955 885 1981 rem
898 1938 1076 1979 Terentii
1097 1935 1162 1984 est,
1181 1933 1463 1977 Menedemum

803 1997 925 2037 statim
945 1993 1029 2047 post
1050 1992 1178 2040 verba,
1198 2003 1343 2043 operam
1365 2002 1406 2026 vt
1419 1990 1462 2026 ti-

804 2053 843 2094 bi
864 2053 997 2099 darem,
1022 2045 1204 2088 iniuffum
1229 2061 1251 2085 a
1271 2044 1467 2086 Chreme-

805 2121 855 2157 te‚
875 2122 897 2148 a
915 2105 952 2146 se
973 2105 1070 2145 nihil
1097 2101 1229 2143 causae
1249 2101 1461 2145 dicentem,

806 2164 912 2206 abire
933 2163 1106 2202 domum.
1162 2162 1202 2200 Β.

862 2232 913 2274 91
947 2223 1018 2259 Pro
1036 2227 1247 2271 congruere,
1267 2211 1303 2251 h.
1322 2224 1357 2252 e.
1379 2223 1469 2249 con·

810 2275 976 2316 corditer
1005 2274 1159 2318 viuere,
1189 2268 1292 2321 quod
1321 2278 1360 2307 et
1390 2279 1471 2306 ver-

812 2331 871 2372 sus
893 2341 934 2370 et
954 2328 1079 2370 sensns
1091 2326 1340 2371 condemnat,
1360 2335 1469 2374 repo-

814 2402 865 2429 ne
891 2386 1106 2438 consentire.
1133 2430 1136 2432 q
1165 2386 1205 2423 B.
1320 2394 1322 2396 ’

867 2455 922 2497 92
952 2449 1047 2494 Leg.
1071 2454 1118 2479 ex
1137 2436 1272 2477 nostris
1293 2433 1474 2473 omnibus

815 2510 854 2540 et
874 2499 963 2539 edd.
984 2508 1075 2537 vett.
1104 2492 1257 2536 Paulum
1277 2491 1346 2530 hoc
1368 2504 1475 2544 nego—

818 2559 862 2597 ti.
919 2559 1017 2596 Nam
1044 2552 1167 2592 statim
1196 2558 1344 2597 narrat,
1381 2543 1477 2597 quid

818 2611 911 2654 illud
931 2611 1013 2652 Hoc
1032 2608 1084 2650 fit.
1138 2610 1185 2650 Β.
