1815 3168
515 173 518 176 .
563 103 1088 162 HEAVTONTIM.

1404 132 1500 180 703

274 247 477 299 Fuerim,
511 241 651 290 dicius
673 241 787 289 filius
811 252 911 289 tuus
933 252 1006 288 tua
1028 242 1272 290 voluntate:
1314 242 1506 301 obsecro,

276 324 382 370 Eius
405 331 449 367 vt
469 319 745 372 memineris,
788 328 917 381 atque
938 319 1229 383 inopisflnunc
1250 329 1292 365 te
1315 319 1507 369 miseres-

373 399 439 442 cat
459 397 570 457 mei3

277 471 413 526 Quod
433 483 535 534 peto
558 478 601 516 et
616 468 731 522 volo,
766 470 958 534 parentis
981 484 1103 516 meos
1125 477 1171 518 vt
1191 469 1504 521 commonstres

370 546 496 592 mihi.

215 639 241 686 5
277 618 308 669 S
322 635 369 668 o.
404 620 609 674 Obsecro,
631 622 692 668 mi
713 628 855 682 gnate,
873 635 930 668 ne
952 617 1057 668 istuc
1077 619 1125 667 in
1157 620 1354 668 animum
1374 622 1506 671 indu·

377 713 443 742 cas
466 708 610 750 tuum,

279 773 488 820 Alienum
529 769 611 817 effe
651 782 709 818 te.
750 768 854 820 CL.
896 770 1004 818 sum.
1051 767 1143 818 So.
1181 771 1380 820 miseram
1419 755 1525 821 men*

375 846 533 897 hocine
556 843 762 909 quaesisti,
787 846 995 895 obsecro?

277 926 343 970 Ita
376 922 486 968 mihi
517 933 645 984 atque
676 921 779 970 huic
798 920 851 968 fis
881 920 1115 988 superstes,
1146 933 1194 972 vt
1214 940 1265 970 ex
1285 941 1357 972 me
1380 936 1510 988 atque

373 997 459 1044 hoc
480 1008 605 1045 natus
631 1013 691 1044 es.

203 1217 244 1258 Si
270 1230 432 1271 vnquam
457 1215 587 1272 vllum]
619 1217 683 1259 Ad
701 1231 806 1258 com-

148 1275 384 1316 mouendam
422 1275 607 1325 pietatem
641 1280 806 1315 comme-

148 1342 272 1371 morat
291 1331 516 1381 praeteritos
537 1329 714 1380 affeaus,
746 1334 807 1372 cui

148 1386 199 1426 fic
232 1385 378 1425 facilius
407 1385 516 1437 potiit
543 1383 702 1439 ignosci.
753 1391 807 1428 Vt

151 1446 273 1494 (Aen.
302 1455 366 1490 lv,
393 1445 508 1493 317.)
539 1443 582 1480 Si
611 1442 695 1482 bene
723 1445 811 1497 quid

154 1499 197 1537 de
224 1512 259 1536 te
275 1501 409 1546 merui,
427 1500 514 1547 fuit
530 1512 597 1539 aut
623 1498 696 1539 tihi
714 1504 810 1553 quic-

154 1566 264 1609 quam
282 1552 400 1592 Dulce
419 1567 545 1594 meum.
574 1579 629 1587 —
685 1558 729 1596 E.

207 1622 233 1651 2
263 1610 339 1649 Tua
366 1610 575 1664 voluntate]
606 1610 721 1662 Quafi
751 1613 812 1651 in-

153 1667 239 1705 nuit
256 1667 360 1705 illam
379 1665 428 1704 de
439 1667 620 1706 industria
631 1668 737 1707 illum
748 1681 811 1707 vo-

151 1719 261 1763 luiffe
287 1723 470 1773 appellari
489 1722 620 1762 filium.
679 1725 726 1764 C.

202 1786 228 1831 3
262 1778 498 1832 Mfi’rqfisat]
529 1778 724 1818 Habemus
743 1782 811 1819 mi-

143 1833 269 1886 seret,
303 1834 493 1884 misereat,
532 1847 572 1873 et
599 1835 808 1886 miserescit,

155 1890 360 1941 mtstrescet
389 1891 429 1929 in
458 1891 596 1930 eadem
624 1891 809 1945 fignifica-

155 1947 286 1994 tione,
319 1944 490 1985 eiusdem
509 1958 679 1987 naturae.
734 1951 809 1989 Ha-

155 2000 292 2041 bemus
312 2003 427 2041 etiam
445 2002 628 2054 mifirefio
650 2008 691 2043 is.
723 2006 806 2043 Vir-

155 2059 221 2111 gil.
245 2060 360 2106 (Aen.
382 2072 429 2104 11,
463 2061 578 2113 145.)
607 2061 679 2099 His
700 2060 808 2099 lacri-

119 2145 125 2148 .
151 2117 224 2154 'mis
241 2117 357 2153 vitam
375 2114 520 2165 damus,
550 2129 585 2155 et
609 2115 810 2158 miseresci-

157 2183 240 2210 mus
258 2170 373 2210 vltra.
428 2172 475 2214 C.

213 2295 241 2335 4
267 2281 385 2337 Qud
405 2294 488 2335 peto
517 2297 552 2324 et
571 2284 672 2340 volo]
704 2285 808 2335 Peto,

157 2338 305 2390 inquit,
341 2338 442 2389 quafi
474 2347 658 2388 precario.
714 2345 813 2382 Nam

160 2395 314 2446 proprie
334 2395 479 2445 aliquid
495 2403 665 2449 precario
687 2411 814 2451 petere

158 2450 332 2489 dicimur.
391 2453 436 2492 C.

213 2506 334 2562 ‚Quod
348 2517 435 2559 peto
445 2521 481 2547 et
499 2508 604 2563 volo]
636 2508 812 2552 Priscian.

157 2560 223 2602 lib.
251 2573 330 2603 vn.
383 2565 412 2602 L

213 2629 237 2670 ς
272 2594 425 2671 Olficro·
439 2631 486 2671 te,
501 2622 552 2660 mi
558 2621 690 2678 gnate]
718 2626 814 2668 Vei·-

1451 1079 1509 1123 Et

854 1219 906 1258 ba
936 1217 1089 1271 propria
1118 1219 1249 1259 matris
1275 1216 1512 1273 desperatae.

856 1276 903 1318 C,

911 1389 938 1430 6
963 1386 1067 1442 Sum]
1107 1390 1215 1429 Haec
1243 1402 1318 1428 vox
1348 1388 1512 1442 simplex

858 1443 1081 1483 terribiliter
1100 1446 1344 1495 pronunciat.
1398 1446 1516 1496 Mise-

859 1513 938 1538 ram
964 1500 1069 1554 mes]
1099 1504 1169 1539 Per
1188 1501 1515 1542 exclamationem

857 1567 950 1606 prae
969 1556 1106 1594 dolore
1128 1557 1276 1604 dicitur,
1306 1570 1343 1608 q.
1362 1556 1398 1598 d.
1419 1559 1514 1608 dico,

857 1624 986 1651 verum
1005 1611 1061 1663 est,
1079 1626 1133 1650 me
1145 1613 1311 1663 miseram
1322 1613 1393 1664 ‹ssAE,
1406 1615 1514 1665 quod

860 1667 1003 1706 dicium
1027 1669 1304 1707 interieffionis
1322 1672 1407 1708 vice
1428 1670 1518 1709 fun-

860 1724 974 1776 gitur.
1040 1724 1275 1778 Qaqfistfi‘]
1315 1728 1518 1778 Excogita-

858 1779 911 1826 sti,
937 1777 1000 1818 seu
1019 1778 1232 1826 somniasti,
1259 1791 1298 1820 vt
1314 1780 1392 1820 dici
1409 1781 1520 1831 solet,

858 1846 896 1874 vt
913 1834 1010 1874 mihi
1020 1836 1199 1876 dolorem
1209 1838 1411 1878 incuteres.
1443 1840 1521 1881 Vel

857 1890 1034 1945 Qaefisti
1053 1886 1149 1931 hoc?
1178 1893 1202 1931 i.
1230 1906 1263 1931 e.
1281 1894 1518 1948 inuestigasti

859 1958 898 1987 et
933 1947 1177 2001 interrogasti
1203 1947 1278 1987 hoc
1306 1948 1354 1988 ab
1384 1952 1519 2003 aliqui-

857 2003 948 2052 bus,
988 2017 1041 2043 ne
1072 2001 1168 2043 effes
1196 2004 1295 2044 filius
1323 2009 1518 2060 proprius,

857 2074 938 2102 non
957 2058 1240 2112 suppofititius?
1297 2062 1344 2102 C.

915 2183 943 2224 7
980 2172 1079 2211 Huic
1099 2169 1155 2222 fis
1177 2171 1379 2230 sisperstes]
1425 2177 1521 2217 Mos

863 2228 1017 2267 iurandi
1037 2230 1216 2279 antiquus
1230 2241 1445 2281 parentum.
1472 2235 1522 2274 Et

863 2285 969 2323 bene
1001 2285 1199 2324 inducitur
1232 2296 1355 2327 mater
1390 2289 1522 2329 mitior

864 2352 984 2393 patre,
1020 2352 1059 2379 et
1079 2352 1178 2392 quae
1207 2342 1382 2383 adiutrix
1400 2343 1451 2396 fit
1478 2348 1521 2386 in

856 2411 1018 2451 paterna
1037 2397 1179 2437 iniuria
1195 2395 1293 2449 filio,
1352 2400 1401 2442 C.

916 2510 979 2550 Ne
997 2505 1123 2548 versus
1139 2509 1341 2559 claudicet,
1360 2525 1409 2551 ex
1427 2512 1521 2553 duo-

862 2564 935 2605 bus
954 2565 1062 2606 codd.
1083 2579 1236 2617 repone
1262 2578 1306 2608 vt
1325 2571 1372 2607 ἐκ
1396 2583 1450 2609 me
1467 2581 1522 2611 at-

861 2636 930 2679 que
949 2635 998 2664 ex
1017 2623 1085 2664 boc
1103 2622 1217 2669 ncitus
1238 2637 1284 2665 et.
1341 2627 1385 2666 Β.
