<?xml version="1.0" encoding="UTF-8"?>
<!DOCTYPE html PUBLIC "-//W3C//DTD XHTML 1.0 Transitional//EN"
    "http://www.w3.org/TR/xhtml1/DTD/xhtml1-transitional.dtd">
<html xmlns="http://www.w3.org/1999/xhtml" xml:lang="en" lang="en">
 <head>
  <title>
</title>
<meta http-equiv="Content-Type" content="text/html;charset=utf-8" />
  <meta name='ocr-system' content='tesseract 3.04.00' />
  <meta name='ocr-capabilities' content='ocr_page ocr_carea ocr_par ocr_line ocrx_word'/>
</head>
<body>
  <div class='ocr_page' id='page_1' title='image "./comoediaesexexre01tereuoft_0132.png"; bbox 0 0 1815 3168; ppageno 0'>
   <div class='ocr_carea' id='block_1_1' title="bbox 294 151 356 212">
    <p class='ocr_par' dir='ltr' id='par_1_1' title="bbox 294 151 356 212">
     <span class='ocr_line' id='line_1_1' title="bbox 294 151 356 212; baseline 0 -17"><span class='ocrx_word' id='word_1_1' title='bbox 294 151 356 212; x_wconf 88' lang='lat'>36</span> 
     </span>
    </p>
   </div>
   <div class='ocr_carea' id='block_1_2' title="bbox 704 145 1231 197">
    <p class='ocr_par' dir='ltr' id='par_1_2' title="bbox 704 145 1231 197">
     <span class='ocr_line' id='line_1_2' title="bbox 704 145 1231 197; baseline 0 -4"><span class='ocrx_word' id='word_1_2' title='bbox 704 147 859 194; x_wconf 82' lang='lat' dir='ltr'><strong>ACT.</strong></span> <span class='ocrx_word' id='word_1_3' title='bbox 891 148 922 192; x_wconf 86' lang='lat'>1.</span> <span class='ocrx_word' id='word_1_4' title='bbox 970 145 1165 197; x_wconf 83' lang='lat' dir='ltr'><strong>SCEN.</strong></span> <span class='ocrx_word' id='word_1_5' title='bbox 1197 146 1231 193; x_wconf 90' lang='lat'>1.</span> 
     </span>
    </p>
   </div>
   <div class='ocr_carea' id='block_1_3' title="bbox 328 269 1658 714">
    <p class='ocr_par' dir='ltr' id='par_1_3' title="bbox 430 269 1540 338">
     <span class='ocr_line' id='line_1_3' title="bbox 430 269 1540 338; baseline -0.001 -17"><span class='ocrx_word' id='word_1_6' title='bbox 430 272 684 338; x_wconf 84' lang='lat' dir='ltr'><strong>Quidquam</strong></span> <span class='ocrx_word' id='word_1_7' title='bbox 704 277 901 321; x_wconf 83' lang='lat' dir='ltr'>attinere.</span> <span class='ocrx_word' id='word_1_8' title='bbox 935 276 1163 320; x_wconf 84' lang='lat' dir='ltr'>enimuero</span> <span class='ocrx_word' id='word_1_9' title='bbox 1185 269 1422 338; x_wconf 63' lang='lat' dir='ltr'>spessatum</span> <span class='ocrx_word' id='word_1_10' title='bbox 1444 272 1540 320; x_wconf 78' lang='lat' dir='ltr'>satis</span> 
     </span>
    </p>

    <p class='ocr_par' dir='ltr' id='par_1_4' title="bbox 328 349 1658 714">
     <span class='ocr_line' id='line_1_4' title="bbox 328 349 1568 415; baseline -0.002 -18"><span class='ocrx_word' id='word_1_11' title='bbox 328 359 389 415; x_wconf 82' lang='lat'>65</span> <span class='ocrx_word' id='word_1_12' title='bbox 425 350 659 402; x_wconf 84' lang='lat' dir='ltr'>Putabam,</span> <span class='ocrx_word' id='word_1_13' title='bbox 698 360 741 395; x_wconf 83' lang='lat' dir='ltr'>et</span> <span class='ocrx_word' id='word_1_14' title='bbox 761 365 970 409; x_wconf 84' lang='lat' dir='ltr'>magnum</span> <span class='ocrx_word' id='word_1_15' title='bbox 992 349 1244 412; x_wconf 85' lang='lat' dir='ltr'>exemplum</span> <span class='ocrx_word' id='word_1_16' title='bbox 1263 350 1568 395; x_wconf 78' lang='lat' dir='ltr'>continentiae.</span> 
     </span>
     <span class='ocr_line' id='line_1_5' title="bbox 426 421 1519 488; baseline -0.004 -15"><span class='ocrx_word' id='word_1_17' title='bbox 426 431 548 474; x_wconf 87' lang='lat' dir='ltr'>Nam</span> <span class='ocrx_word' id='word_1_18' title='bbox 568 428 640 488; x_wconf 90' lang='lat' dir='ltr'>qui</span> <span class='ocrx_word' id='word_1_19' title='bbox 667 441 767 470; x_wconf 85' lang='lat' dir='ltr'>cum</span> <span class='ocrx_word' id='word_1_20' title='bbox 788 426 976 483; x_wconf 87' lang='lat' dir='ltr'>ingeniis</span> <span class='ocrx_word' id='word_1_21' title='bbox 997 421 1273 469; x_wconf 65' lang='lat' dir='ltr'>confliRatur</span> <span class='ocrx_word' id='word_1_22' title='bbox 1296 422 1519 477; x_wconf 83' lang='lat' dir='ltr'>eiusmodi,</span> 
     </span>
     <span class='ocr_line' id='line_1_6' title="bbox 423 500 1482 563; baseline -0.005 -16"><span class='ocrx_word' id='word_1_23' title='bbox 423 506 589 563; x_wconf 88' lang='lat' dir='ltr'>Neque</span> <span class='ocrx_word' id='word_1_24' title='bbox 617 509 921 546; x_wconf 85' lang='lat' dir='ltr'>commonetur</span> <span class='ocrx_word' id='word_1_25' title='bbox 943 500 1114 543; x_wconf 86' lang='lat' dir='ltr'>animus</span> <span class='ocrx_word' id='word_1_26' title='bbox 1134 500 1180 543; x_wconf 88' lang='lat' dir='ltr'>in</span> <span class='ocrx_word' id='word_1_27' title='bbox 1203 513 1306 542; x_wconf 85' lang='lat' dir='ltr'>eare</span> <span class='ocrx_word' id='word_1_28' title='bbox 1320 507 1482 551; x_wconf 87' lang='lat' dir='ltr'>tamen,</span> 
     </span>
     <span class='ocr_line' id='line_1_7' title="bbox 426 571 1610 638; baseline -0.008 -13"><span class='ocrx_word' id='word_1_29' title='bbox 426 579 541 625; x_wconf 84' lang='lat' dir='ltr'>Scias</span> <span class='ocrx_word' id='word_1_30' title='bbox 563 571 683 638; x_wconf 78' lang='lat' dir='ltr'>posse</span> <span class='ocrx_word' id='word_1_31' title='bbox 707 573 868 620; x_wconf 84' lang='lat' dir='ltr'>habere</span> <span class='ocrx_word' id='word_1_32' title='bbox 889 574 976 619; x_wconf 84' lang='lat' dir='ltr'>iam</span> <span class='ocrx_word' id='word_1_33' title='bbox 995 572 1137 636; x_wconf 82' lang='lat' dir='ltr'>ipsum</span> <span class='ocrx_word' id='word_1_34' title='bbox 1158 572 1253 618; x_wconf 85' lang='lat' dir='ltr'>suae</span> <span class='ocrx_word' id='word_1_35' title='bbox 1273 573 1383 617; x_wconf 86' lang='lat' dir='ltr'>vitae</span> <span class='ocrx_word' id='word_1_36' title='bbox 1409 571 1610 620; x_wconf 87' lang='lat' dir='ltr'>modum.</span> 
     </span>
     <span class='ocr_line' id='line_1_8' title="bbox 428 646 1658 714; baseline -0.006 -15"><span class='ocrx_word' id='word_1_37' title='bbox 428 655 542 699; x_wconf 91' lang='lat' dir='ltr'>Cum</span> <span class='ocrx_word' id='word_1_38' title='bbox 566 648 609 695; x_wconf 85' lang='lat' dir='ltr'>id</span> <span class='ocrx_word' id='word_1_39' title='bbox 633 648 744 696; x_wconf 89' lang='lat' dir='ltr'>mihi</span> <span class='ocrx_word' id='word_1_40' title='bbox 763 647 974 714; x_wconf 84' lang='lat' dir='ltr'>placebat,</span> <span class='ocrx_word' id='word_1_41' title='bbox 1010 658 1106 695; x_wconf 85' lang='lat' dir='ltr'>turn</span> <span class='ocrx_word' id='word_1_42' title='bbox 1125 664 1213 696; x_wconf 86' lang='lat' dir='ltr'>vno</span> <span class='ocrx_word' id='word_1_43' title='bbox 1238 662 1315 695; x_wconf 85' lang='lat' dir='ltr'>ore</span> <span class='ocrx_word' id='word_1_44' title='bbox 1333 662 1487 694; x_wconf 87' lang='lat' dir='ltr'>omnes</span> <span class='ocrx_word' id='word_1_45' title='bbox 1509 646 1658 694; x_wconf 76' lang='lat' dir='ltr'>omnia</span> 
     </span>
    </p>
   </div>
   <div class='ocr_carea' id='block_1_4' title="bbox 293 855 950 1022">
    <p class='ocr_par' dir='ltr' id='par_1_5' title="bbox 293 855 950 1022">
     <span class='ocr_line' id='line_1_9' title="bbox 345 855 950 913; baseline -0.003 -15"><span class='ocrx_word' id='word_1_46' title='bbox 345 863 401 913; x_wconf 81' lang='lat'>64</span> <span class='ocrx_word' id='word_1_47' title='bbox 434 856 658 912; x_wconf 53' lang='lat' dir='ltr'>Spalatum]</span> <span class='ocrx_word' id='word_1_48' title='bbox 695 855 759 896; x_wconf 84' lang='lat' dir='ltr'>Ad</span> <span class='ocrx_word' id='word_1_49' title='bbox 776 855 950 909; x_wconf 84' lang='lat' dir='ltr'>Pamphi-</span> 
     </span>
     <span class='ocr_line' id='line_1_10' title="bbox 293 911 950 964; baseline -0.005 -9"><span class='ocrx_word' id='word_1_50' title='bbox 293 916 393 963; x_wconf 83' lang='lat' dir='ltr'>lum,</span> <span class='ocrx_word' id='word_1_51' title='bbox 422 926 503 958; x_wconf 83' lang='lat' dir='ltr'>non</span> <span class='ocrx_word' id='word_1_52' title='bbox 521 911 568 952; x_wconf 85' lang='lat' dir='ltr'>ad</span> <span class='ocrx_word' id='word_1_53' title='bbox 588 913 814 964; x_wconf 77' lang='lat' dir='ltr'>exemplum</span> <span class='ocrx_word' id='word_1_54' title='bbox 835 912 950 952; x_wconf 84' lang='lat' dir='ltr'>refer·</span> 
     </span>
     <span class='ocr_line' id='line_1_11' title="bbox 294 968 950 1022; baseline -0.005 -10"><span class='ocrx_word' id='word_1_55' title='bbox 294 984 374 1012; x_wconf 86' lang='lat' dir='ltr'>tur:</span> <span class='ocrx_word' id='word_1_56' title='bbox 396 982 436 1009; x_wconf 87' lang='lat' dir='ltr'>et</span> <span class='ocrx_word' id='word_1_57' title='bbox 434 970 651 1022; x_wconf 59' lang='lat' dir='ltr'>speaatum,</span> <span class='ocrx_word' id='word_1_58' title='bbox 666 968 880 1021; x_wconf 82' lang='lat' dir='ltr'>probatum.</span> <span class='ocrx_word' id='word_1_59' title='bbox 898 974 950 1012; x_wconf 91' lang='lat' dir='ltr'>D.</span> 
     </span>
    </p>
   </div>
   <div class='ocr_carea' id='block_1_5' title="bbox 291 1080 954 1291">
    <p class='ocr_par' dir='ltr' id='par_1_6' title="bbox 291 1080 954 1291">
     <span class='ocr_line' id='line_1_12' title="bbox 347 1080 954 1136; baseline -0.002 -15"><span class='ocrx_word' id='word_1_60' title='bbox 347 1086 400 1135; x_wconf 82' lang='lat'>65</span> <span class='ocrx_word' id='word_1_61' title='bbox 413 1082 462 1120; x_wconf 81' lang='lat' dir='ltr'>Et</span> <span class='ocrx_word' id='word_1_62' title='bbox 474 1093 645 1136; x_wconf 81' lang='lat' dir='ltr'>magnum</span> <span class='ocrx_word' id='word_1_63' title='bbox 657 1080 857 1133; x_wconf 80' lang='lat' dir='ltr'>exemplum</span> <span class='ocrx_word' id='word_1_64' title='bbox 868 1094 954 1120; x_wconf 85' lang='lat' dir='ltr'>con-</span> 
     </span>
     <span class='ocr_line' id='line_1_13' title="bbox 291 1137 953 1192; baseline -0.005 -13"><span class='ocrx_word' id='word_1_65' title='bbox 291 1138 489 1192; x_wconf 76' lang='lat' dir='ltr'>tinentiae]</span> <span class='ocrx_word' id='word_1_66' title='bbox 515 1137 686 1186; x_wconf 67' lang='grc' dir='ltr'>ὗπεςβολῆ</span> <span class='ocrx_word' id='word_1_67' title='bbox 704 1137 835 1186; x_wconf 84' lang='lat' dir='ltr'>laudis,</span> <span class='ocrx_word' id='word_1_68' title='bbox 847 1141 953 1177; x_wconf 81' lang='lat' dir='ltr'>Pam-</span> 
     </span>
     <span class='ocr_line' id='line_1_14' title="bbox 294 1193 952 1246; baseline -0.002 -13"><span class='ocrx_word' id='word_1_69' title='bbox 294 1195 420 1246; x_wconf 78' lang='lat' dir='ltr'>philus</span> <span class='ocrx_word' id='word_1_70' title='bbox 479 1194 702 1246; x_wconf 79' lang='lat' dir='ltr'>exemplum</span> <span class='ocrx_word' id='word_1_71' title='bbox 750 1193 952 1233; x_wconf 86' lang='lat' dir='ltr'>continen-</span> 
     </span>
     <span class='ocr_line' id='line_1_15' title="bbox 296 1253 489 1291; baseline -0.01 0"><span class='ocrx_word' id='word_1_72' title='bbox 296 1253 383 1291; x_wconf 75' lang='lat' dir='ltr'>tiae.</span> <span class='ocrx_word' id='word_1_73' title='bbox 439 1253 489 1291; x_wconf 88' lang='lat' dir='ltr'>D.</span> 
     </span>
    </p>
   </div>
   <div class='ocr_carea' id='block_1_6' title="bbox 292 1360 955 1512">
    <p class='ocr_par' dir='ltr' id='par_1_7' title="bbox 292 1360 955 1512">
     <span class='ocr_line' id='line_1_16' title="bbox 347 1360 955 1416; baseline -0.002 -17"><span class='ocrx_word' id='word_1_74' title='bbox 347 1363 402 1404; x_wconf 89' lang='lat'>66</span> <span class='ocrx_word' id='word_1_75' title='bbox 431 1360 534 1399; x_wconf 76' lang='lat' dir='ltr'>Nam</span> <span class='ocrx_word' id='word_1_76' title='bbox 549 1360 723 1413; x_wconf 82' lang='lat' dir='ltr'>quicum]</span> <span class='ocrx_word' id='word_1_77' title='bbox 753 1361 850 1416; x_wconf 63' lang='lat' dir='ltr'>Qti,</span> <span class='ocrx_word' id='word_1_78' title='bbox 874 1360 955 1398; x_wconf 84' lang='lat' dir='ltr'>ani-</span> 
     </span>
     <span class='ocr_line' id='line_1_17' title="bbox 295 1413 954 1463; baseline -0.005 -6"><span class='ocrx_word' id='word_1_79' title='bbox 295 1430 380 1458; x_wconf 85' lang='lat' dir='ltr'>mus</span> <span class='ocrx_word' id='word_1_80' title='bbox 406 1413 568 1463; x_wconf 86' lang='lat' dir='ltr'>scilicet,</span> <span class='ocrx_word' id='word_1_81' title='bbox 609 1426 673 1454; x_wconf 85' lang='lat' dir='ltr'>aut</span> <span class='ocrx_word' id='word_1_82' title='bbox 705 1414 815 1455; x_wconf 82' lang='lat' dir='ltr'>certe</span> <span class='ocrx_word' id='word_1_83' title='bbox 836 1414 954 1456; x_wconf 88' lang='lat' dir='ltr'>homo</span> 
     </span>
     <span class='ocr_line' id='line_1_18' title="bbox 292 1470 720 1512; baseline 0 0"><span class='ocrx_word' id='word_1_84' title='bbox 292 1470 614 1512; x_wconf 81' lang='lat' dir='ltr'>subaudiendum.</span> <span class='ocrx_word' id='word_1_85' title='bbox 671 1473 720 1512; x_wconf 90' lang='lat' dir='ltr'>D.</span> 
     </span>
    </p>
   </div>
   <div class='ocr_carea' id='block_1_7' title="bbox 297 1581 958 1961">
    <p class='ocr_par' dir='ltr' id='par_1_8' title="bbox 297 1581 958 1961">
     <span class='ocr_line' id='line_1_19' title="bbox 354 1581 957 1638; baseline -0.005 -14"><span class='ocrx_word' id='word_1_86' title='bbox 354 1585 455 1624; x_wconf 85' lang='lat' dir='ltr'>Nam</span> <span class='ocrx_word' id='word_1_87' title='bbox 472 1584 538 1636; x_wconf 86' lang='lat' dir='ltr'>qui</span> <span class='ocrx_word' id='word_1_88' title='bbox 557 1595 637 1622; x_wconf 81' lang='lat' dir='ltr'>cum</span> <span class='ocrx_word' id='word_1_89' title='bbox 656 1585 814 1638; x_wconf 79' lang='lat' dir='ltr'>ingeniis</span> <span class='ocrx_word' id='word_1_90' title='bbox 834 1581 957 1637; x_wconf 79' lang='lat' dir='ltr'>confli-</span> 
     </span>
     <span class='ocr_line' id='line_1_20' title="bbox 297 1637 957 1692; baseline -0.006 -10"><span class='ocrx_word' id='word_1_91' title='bbox 297 1643 420 1682; x_wconf 69' lang='lat' dir='ltr'>[latur</span> <span class='ocrx_word' id='word_1_92' title='bbox 439 1637 633 1692; x_wconf 83' lang='lat' dir='ltr'>eiusmodi]</span> <span class='ocrx_word' id='word_1_93' title='bbox 664 1639 878 1681; x_wconf 79' lang='lat' dir='ltr'>Confirmat</span> <span class='ocrx_word' id='word_1_94' title='bbox 888 1653 957 1691; x_wconf 84' lang='lat' dir='ltr'>per</span> 
     </span>
     <span class='ocr_line' id='line_1_21' title="bbox 299 1694 958 1743; baseline -0.005 -6"><span class='ocrx_word' id='word_1_95' title='bbox 299 1695 528 1737; x_wconf 82' lang='lat' dir='ltr'>sententiam</span> <span class='ocrx_word' id='word_1_96' title='bbox 549 1695 666 1735; x_wconf 85' lang='lat' dir='ltr'>vitam</span> <span class='ocrx_word' id='word_1_97' title='bbox 684 1694 773 1743; x_wconf 84' lang='lat' dir='ltr'>filii,</span> <span class='ocrx_word' id='word_1_98' title='bbox 790 1705 843 1734; x_wconf 63' lang='lat' dir='ltr'>&#39;et</span> <span class='ocrx_word' id='word_1_99' title='bbox 861 1696 958 1734; x_wconf 83' lang='lat' dir='ltr'>inte-</span> 
     </span>
     <span class='ocr_line' id='line_1_22' title="bbox 300 1748 958 1807; baseline -0.002 -16"><span class='ocrx_word' id='word_1_100' title='bbox 300 1766 407 1807; x_wconf 82' lang='lat' dir='ltr'>gram</span> <span class='ocrx_word' id='word_1_101' title='bbox 425 1748 677 1803; x_wconf 85' lang='lat' dir='ltr'>disciplinam.</span> <span class='ocrx_word' id='word_1_102' title='bbox 735 1754 863 1804; x_wconf 81' lang='lat' dir='ltr'>Negat</span> <span class='ocrx_word' id='word_1_103' title='bbox 880 1748 958 1790; x_wconf 80' lang='lat' dir='ltr'>effe</span> 
     </span>
     <span class='ocr_line' id='line_1_23' title="bbox 298 1806 958 1860; baseline -0.003 -13"><span class='ocrx_word' id='word_1_104' title='bbox 298 1808 436 1848; x_wconf 85' lang='lat' dir='ltr'>melius</span> <span class='ocrx_word' id='word_1_105' title='bbox 462 1820 511 1845; x_wconf 87' lang='lat' dir='ltr'>eo</span> <span class='ocrx_word' id='word_1_106' title='bbox 531 1807 719 1860; x_wconf 84' lang='lat' dir='ltr'>ingenio,</span> <span class='ocrx_word' id='word_1_107' title='bbox 746 1806 849 1858; x_wconf 86' lang='lat' dir='ltr'>quod</span> <span class='ocrx_word' id='word_1_108' title='bbox 872 1820 958 1845; x_wconf 88' lang='lat' dir='ltr'>cum</span> 
     </span>
     <span class='ocr_line' id='line_1_24' title="bbox 301 1860 958 1912; baseline -0.002 -9"><span class='ocrx_word' id='word_1_109' title='bbox 301 1866 402 1903; x_wconf 86' lang='lat' dir='ltr'>inter</span> <span class='ocrx_word' id='word_1_110' title='bbox 421 1863 511 1902; x_wconf 86' lang='lat' dir='ltr'>vitia</span> <span class='ocrx_word' id='word_1_111' title='bbox 538 1860 715 1912; x_wconf 83' lang='lat' dir='ltr'>versatur,</span> <span class='ocrx_word' id='word_1_112' title='bbox 735 1861 838 1903; x_wconf 85' lang='lat' dir='ltr'>suam</span> <span class='ocrx_word' id='word_1_113' title='bbox 851 1874 958 1903; x_wconf 85' lang='lat' dir='ltr'>tene-</span> 
     </span>
     <span class='ocr_line' id='line_1_25' title="bbox 302 1918 691 1961; baseline -0.008 -1"><span class='ocrx_word' id='word_1_114' title='bbox 302 1932 339 1960; x_wconf 81' lang='lat' dir='ltr'>at</span> <span class='ocrx_word' id='word_1_115' title='bbox 362 1918 590 1960; x_wconf 71' lang='lat' dir='ltr'>firmitatem:</span> <span class='ocrx_word' id='word_1_116' title='bbox 648 1921 691 1961; x_wconf 91' lang='lat' dir='ltr'>E.</span> 
     </span>
    </p>
   </div>
   <div class='ocr_carea' id='block_1_8' title="bbox 292 2029 961 2698">
    <p class='ocr_par' dir='ltr' id='par_1_9' title="bbox 292 2029 961 2698">
     <span class='ocr_line' id='line_1_26' title="bbox 357 2029 959 2085; baseline 0 -15"><span class='ocrx_word' id='word_1_117' title='bbox 357 2035 412 2085; x_wconf 92' lang='lat'>67</span> <span class='ocrx_word' id='word_1_118' title='bbox 441 2031 617 2083; x_wconf 79' lang='lat' dir='ltr'>Animus]</span> <span class='ocrx_word' id='word_1_119' title='bbox 629 2029 749 2070; x_wconf 88' lang='lat' dir='ltr'>Deest</span> <span class='ocrx_word' id='word_1_120' title='bbox 766 2031 852 2068; x_wconf 84' lang='lat' dir='ltr'>eius.</span> <span class='ocrx_word' id='word_1_121' title='bbox 867 2030 959 2079; x_wconf 72' lang='lat' dir='ltr'>Cum</span> 
     </span>
     <span class='ocr_line' id='line_1_27' title="bbox 302 2085 961 2181; baseline -0.005 -54"><span class='ocrx_word' id='word_1_122' title='bbox 302 2087 485 2181; x_wconf 49' lang='lat' dir='ltr'>ingeniis}</span> <span class='ocrx_word' id='word_1_123' title='bbox 526 2086 679 2141; x_wconf 81' lang='lat' dir='ltr'>Ingenia</span> <span class='ocrx_word' id='word_1_124' title='bbox 729 2100 771 2125; x_wconf 91' lang='lat' dir='ltr'>ro</span> <span class='ocrx_word' id='word_1_125' title='bbox 795 2085 961 2126; x_wconf 84' lang='lat' dir='ltr'>homini-</span> 
     </span>
     <span class='ocr_line' id='line_1_28' title="bbox 302 2101 959 2196; baseline -0.003 -13"><span class='ocrx_word' id='word_1_126' title='bbox 302 2145 373 2183; x_wconf 83' lang='lat' dir='ltr'>bus</span> <span class='ocrx_word' id='word_1_127' title='bbox 410 2156 462 2196; x_wconf 91' lang='lat' dir='ltr'>po</span> <span class='ocrx_word' id='word_1_128' title='bbox 480 2142 545 2182; x_wconf 90' lang='lat' dir='ltr'>uit.</span> <span class='ocrx_word' id='word_1_129' title='bbox 605 2101 868 2196; x_wconf 45' lang='lat' dir='ltr'>Consiifflatur]</span> <span class='ocrx_word' id='word_1_130' title='bbox 914 2142 959 2181; x_wconf 83' lang='lat' dir='ltr'>ld</span> 
     </span>
     <span class='ocr_line' id='line_1_29' title="bbox 304 2196 961 2249; baseline -0.005 -10"><span class='ocrx_word' id='word_1_131' title='bbox 304 2199 377 2247; x_wconf 83' lang='lat' dir='ltr'>est,</span> <span class='ocrx_word' id='word_1_132' title='bbox 406 2199 587 2238; x_wconf 84' lang='lat' dir='ltr'>atteritur.</span> <span class='ocrx_word' id='word_1_133' title='bbox 644 2196 875 2249; x_wconf 61' lang='lat' dir='ltr'>confla-‘tatio</span> <span class='ocrx_word' id='word_1_134' title='bbox 907 2197 961 2237; x_wconf 88' lang='lat' dir='ltr'>est</span> 
     </span>
     <span class='ocr_line' id='line_1_30' title="bbox 304 2255 960 2308; baseline -0.003 -14"><span class='ocrx_word' id='word_1_135' title='bbox 304 2256 421 2295; x_wconf 71' lang='lat' dir='ltr'>taE’cus</span> <span class='ocrx_word' id='word_1_136' title='bbox 456 2262 667 2308; x_wconf 83' lang='lat' dir='ltr'>corporum</span> <span class='ocrx_word' id='word_1_137' title='bbox 686 2255 857 2294; x_wconf 86' lang='lat' dir='ltr'>inuicem</span> <span class='ocrx_word' id='word_1_138' title='bbox 869 2285 884 2303; x_wconf 7' lang='lat' dir='ltr'>‚b</span> <span class='ocrx_word' id='word_1_139' title='bbox 920 2264 960 2292; x_wconf 90' lang='lat' dir='ltr'>et</span> 
     </span>
     <span class='ocr_line' id='line_1_31' title="bbox 304 2310 956 2364; baseline -0.002 -14"><span class='ocrx_word' id='word_1_140' title='bbox 304 2310 462 2351; x_wconf 75' lang='lat' dir='ltr'>collifio.</span> <span class='ocrx_word' id='word_1_141' title='bbox 527 2311 658 2363; x_wconf 86' lang='lat' dir='ltr'><em>Neque</em></span> <span class='ocrx_word' id='word_1_142' title='bbox 690 2310 956 2364; x_wconf 78' lang='lat' dir='ltr'>commonetur]</span> 
     </span>
     <span class='ocr_line' id='line_1_32' title="bbox 304 2361 959 2415; baseline -0.002 -10"><span class='ocrx_word' id='word_1_143' title='bbox 304 2371 441 2409; x_wconf 82' lang='lat' dir='ltr'>Vtrum</span> <span class='ocrx_word' id='word_1_144' title='bbox 464 2366 634 2415; x_wconf 80' lang='lat' dir='ltr'>animus,</span> <span class='ocrx_word' id='word_1_145' title='bbox 669 2361 719 2406; x_wconf 59' lang='lat' dir='ltr'>an</span> <span class='ocrx_word' id='word_1_146' title='bbox 744 2366 889 2410; x_wconf 73' lang='lat' dir='ltr'>homo?</span> <span class='ocrx_word' id='word_1_147' title='bbox 917 2375 959 2405; x_wconf 90' lang='lat' dir='ltr'>vt</span> 
     </span>
     <span class='ocr_line' id='line_1_33' title="bbox 304 2421 960 2475; baseline -0.005 -13"><span class='ocrx_word' id='word_1_148' title='bbox 304 2421 569 2463; x_wconf 83' lang='lat' dir='ltr'>subaudiamus</span> <span class='ocrx_word' id='word_1_149' title='bbox 589 2425 677 2461; x_wconf 81' lang='lat' dir='ltr'>eius.</span> <span class='ocrx_word' id='word_1_150' title='bbox 734 2423 866 2475; x_wconf 82' lang='lat' dir='ltr'><em>Neque</em></span> <span class='ocrx_word' id='word_1_151' title='bbox 883 2424 960 2461; x_wconf 80' lang='lat' dir='ltr'>ani·</span> 
     </span>
     <span class='ocr_line' id='line_1_34' title="bbox 303 2476 960 2531; baseline -0.006 -12"><span class='ocrx_word' id='word_1_152' title='bbox 303 2492 381 2519; x_wconf 78' lang='lat' dir='ltr'>mus</span> <span class='ocrx_word' id='word_1_153' title='bbox 401 2478 662 2531; x_wconf 82' lang='lat' dir='ltr'>commouetur]</span> <span class='ocrx_word' id='word_1_154' title='bbox 695 2480 833 2519; x_wconf 85' lang='lat' dir='ltr'>Vtrum</span> <span class='ocrx_word' id='word_1_155' title='bbox 856 2476 960 2517; x_wconf 88' lang='lat' dir='ltr'>deest</span> 
     </span>
     <span class='ocr_line' id='line_1_35' title="bbox 305 2532 958 2585; baseline -0.002 -12"><span class='ocrx_word' id='word_1_156' title='bbox 305 2533 406 2578; x_wconf 76' lang='lat' dir='ltr'>eius?</span> <span class='ocrx_word' id='word_1_157' title='bbox 433 2537 498 2575; x_wconf 89' lang='lat' dir='ltr'>An</span> <span class='ocrx_word' id='word_1_158' title='bbox 517 2532 611 2572; x_wconf 86' lang='lat' dir='ltr'>ordo</span> <span class='ocrx_word' id='word_1_159' title='bbox 629 2533 692 2582; x_wconf 77' lang='lat' dir='ltr'>est,</span> <span class='ocrx_word' id='word_1_160' title='bbox 728 2535 797 2585; x_wconf 89' lang='lat' dir='ltr'>qui</span> <span class='ocrx_word' id='word_1_161' title='bbox 806 2536 958 2573; x_wconf 83' lang='lat' dir='ltr'>animus</span> 
     </span>
     <span class='ocr_line' id='line_1_36' title="bbox 306 2587 961 2644; baseline -0.006 -14"><span class='ocrx_word' id='word_1_162' title='bbox 306 2603 395 2630; x_wconf 87' lang='lat' dir='ltr'>cum</span> <span class='ocrx_word' id='word_1_163' title='bbox 423 2587 594 2644; x_wconf 86' lang='lat' dir='ltr'>ingeniis</span> <span class='ocrx_word' id='word_1_164' title='bbox 615 2590 848 2629; x_wconf 56' lang='lat' dir='ltr'>confli‘e&#39;tatur</span> <span class='ocrx_word' id='word_1_165' title='bbox 866 2587 961 2630; x_wconf 88' lang='lat' dir='ltr'>eius-</span> 
     </span>
     <span class='ocr_line' id='line_1_37' title="bbox 292 2646 958 2698; baseline -0.006 -8"><span class='ocrx_word' id='word_1_166' title='bbox 292 2646 414 2695; x_wconf 72' lang='lat' dir='ltr'>modi,</span> <span class='ocrx_word' id='word_1_167' title='bbox 433 2658 567 2698; x_wconf 86' lang='lat' dir='ltr'>neque</span> <span class='ocrx_word' id='word_1_168' title='bbox 584 2656 848 2687; x_wconf 83' lang='lat' dir='ltr'>commonetur</span> <span class='ocrx_word' id='word_1_169' title='bbox 857 2647 901 2686; x_wconf 79' lang='lat' dir='ltr'>in</span> <span class='ocrx_word' id='word_1_170' title='bbox 912 2658 958 2686; x_wconf 86' lang='lat' dir='ltr'>ea</span> 
     </span>
    </p>
   </div>
   <div class='ocr_carea' id='block_1_9' title="bbox 1470 726 1659 784">
    <p class='ocr_par' dir='ltr' id='par_1_10' title="bbox 1470 726 1659 784">
     <span class='ocr_line' id='line_1_38' title="bbox 1470 726 1659 784; baseline -0.021 -12"><span class='ocrx_word' id='word_1_171' title='bbox 1470 737 1533 784; x_wconf 91' lang='lat'>70</span> <span class='ocrx_word' id='word_1_172' title='bbox 1574 726 1659 769; x_wconf 69' lang='lat' dir='ltr'>Bor</span> 
     </span>
    </p>
   </div>
   <div class='ocr_carea' id='block_1_10' title="bbox 998 851 1662 1236">
    <p class='ocr_par' dir='ltr' id='par_1_11' title="bbox 998 851 1662 1236">
     <span class='ocr_line' id='line_1_39' title="bbox 998 851 1659 906; baseline -0.009 -8"><span class='ocrx_word' id='word_1_173' title='bbox 998 869 1042 899; x_wconf 84' lang='lat' dir='ltr'>re</span> <span class='ocrx_word' id='word_1_174' title='bbox 1059 868 1210 898; x_wconf 81' lang='lat' dir='ltr'>tamen:</span> <span class='ocrx_word' id='word_1_175' title='bbox 1234 852 1460 894; x_wconf 65' lang='grc' dir='ltr'>ἁνικὸλκίὶονε</span> <span class='ocrx_word' id='word_1_176' title='bbox 1487 867 1535 893; x_wconf 86' lang='lat' dir='ltr'>eo</span> <span class='ocrx_word' id='word_1_177' title='bbox 1553 851 1659 906; x_wconf 85' lang='lat' dir='ltr'>quod</span> 
     </span>
     <span class='ocr_line' id='line_1_40' title="bbox 999 909 1660 966; baseline -0.011 -12"><span class='ocrx_word' id='word_1_178' title='bbox 999 927 1082 954; x_wconf 88' lang='lat' dir='ltr'>non</span> <span class='ocrx_word' id='word_1_179' title='bbox 1105 909 1305 966; x_wconf 84' lang='lat' dir='ltr'>praemiss&#39;o</span> <span class='ocrx_word' id='word_1_180' title='bbox 1324 911 1431 961; x_wconf 80' lang='lat' dir='ltr'>licet,</span> <span class='ocrx_word' id='word_1_181' title='bbox 1462 911 1525 950; x_wconf 90' lang='lat' dir='ltr'>vel</span> <span class='ocrx_word' id='word_1_182' title='bbox 1543 922 1660 963; x_wconf 87' lang='lat' dir='ltr'>quan-</span> 
     </span>
     <span class='ocr_line' id='line_1_41' title="bbox 1000 965 1658 1023; baseline -0.009 -14"><span class='ocrx_word' id='word_1_183' title='bbox 1000 974 1106 1023; x_wconf 76' lang='lat' dir='ltr'>quam</span> <span class='ocrx_word' id='word_1_184' title='bbox 1121 1000 1129 1016; x_wconf 87' lang='lat'><em>,</em></span> <span class='ocrx_word' id='word_1_185' title='bbox 1168 967 1321 1008; x_wconf 83' lang='lat' dir='ltr'>subiecit</span> <span class='ocrx_word' id='word_1_186' title='bbox 1351 980 1484 1006; x_wconf 81' lang='lat' dir='ltr'>tamen.</span> <span class='ocrx_word' id='word_1_187' title='bbox 1540 965 1658 1006; x_wconf 86' lang='lat' dir='ltr'>Sallu-</span> 
     </span>
     <span class='ocr_line' id='line_1_42' title="bbox 1001 1021 1660 1078; baseline -0.009 -13"><span class='ocrx_word' id='word_1_188' title='bbox 1001 1027 1109 1076; x_wconf 81' lang='lat' dir='ltr'>stius,</span> <span class='ocrx_word' id='word_1_189' title='bbox 1145 1027 1436 1078; x_wconf 76' lang='lat' dir='ltr'>(Fragmentum</span> <span class='ocrx_word' id='word_1_190' title='bbox 1463 1022 1599 1061; x_wconf 87' lang='lat' dir='ltr'>incerti</span> <span class='ocrx_word' id='word_1_191' title='bbox 1615 1021 1660 1059; x_wconf 89' lang='lat' dir='ltr'>li-</span> 
     </span>
     <span class='ocr_line' id='line_1_43' title="bbox 1000 1078 1661 1134; baseline -0.009 -13"><span class='ocrx_word' id='word_1_192' title='bbox 1000 1083 1080 1134; x_wconf 88' lang='lat' dir='ltr'>bri)</span> <span class='ocrx_word' id='word_1_193' title='bbox 1121 1085 1243 1134; x_wconf 83' lang='lat' dir='ltr'><em>Atque</em></span> <span class='ocrx_word' id='word_1_194' title='bbox 1263 1081 1359 1119; x_wconf 79' lang='lat' dir='ltr'>edlta</span> <span class='ocrx_word' id='word_1_195' title='bbox 1380 1080 1558 1131; x_wconf 66' lang='lat' dir='ltr'>midique,</span> <span class='ocrx_word' id='word_1_196' title='bbox 1586 1078 1661 1116; x_wconf 86' lang='lat' dir='ltr'>tri-</span> 
     </span>
     <span class='ocr_line' id='line_1_44' title="bbox 1001 1135 1662 1189; baseline -0.009 -12"><span class='ocrx_word' id='word_1_197' title='bbox 1001 1137 1066 1179; x_wconf 83' lang='lat' dir='ltr'>bus</span> <span class='ocrx_word' id='word_1_198' title='bbox 1088 1151 1209 1178; x_wconf 83' lang='lat' dir='ltr'>tamen</span> <span class='ocrx_word' id='word_1_199' title='bbox 1229 1149 1308 1175; x_wconf 83' lang='lat' dir='ltr'>cum</span> <span class='ocrx_word' id='word_1_200' title='bbox 1325 1137 1442 1175; x_wconf 87' lang='lat' dir='ltr'>muris</span> <span class='ocrx_word' id='word_1_201' title='bbox 1462 1147 1497 1174; x_wconf 85' lang='lat' dir='ltr'>et</span> <span class='ocrx_word' id='word_1_202' title='bbox 1515 1135 1662 1189; x_wconf 79' lang='lat' dir='ltr'>magnis</span> 
     </span>
     <span class='ocr_line' id='line_1_45' title="bbox 1000 1195 1288 1236; baseline -0.014 -1"><span class='ocrx_word' id='word_1_203' title='bbox 1000 1195 1181 1236; x_wconf 81' lang='lat' dir='ltr'>turribus.</span> <span class='ocrx_word' id='word_1_204' title='bbox 1240 1195 1288 1232; x_wconf 93' lang='lat' dir='ltr'>D.</span> 
     </span>
    </p>
   </div>
   <div class='ocr_carea' id='block_1_11' title="bbox 1003 1300 1675 1411">
    <p class='ocr_par' dir='ltr' id='par_1_12' title="bbox 1003 1300 1675 1411">
     <span class='ocr_line' id='line_1_46' title="bbox 1055 1300 1662 1354; baseline 0.003 -15"><span class='ocrx_word' id='word_1_205' title='bbox 1055 1305 1106 1349; x_wconf 78' lang='lat'>68</span> <span class='ocrx_word' id='word_1_206' title='bbox 1138 1300 1229 1340; x_wconf 78' lang='lat' dir='ltr'>Suae</span> <span class='ocrx_word' id='word_1_207' title='bbox 1253 1305 1354 1342; x_wconf 81' lang='lat' dir='ltr'>vitae</span> <span class='ocrx_word' id='word_1_208' title='bbox 1376 1301 1543 1354; x_wconf 83' lang='lat' dir='ltr'>modum]</span> <span class='ocrx_word' id='word_1_209' title='bbox 1573 1304 1662 1344; x_wconf 85' lang='grc' dir='ltr'>Μο-</span> 
     </span>
     <span class='ocr_line' id='line_1_47' title="bbox 1003 1356 1675 1411; baseline -0.001 -15"><span class='ocrx_word' id='word_1_210' title='bbox 1003 1356 1254 1406; x_wconf 81' lang='lat' dir='ltr'>derationem,</span> <span class='ocrx_word' id='word_1_211' title='bbox 1279 1359 1470 1411; x_wconf 83' lang='lat' dir='ltr'>regimen.</span> <span class='ocrx_word' id='word_1_212' title='bbox 1527 1360 1581 1398; x_wconf 90' lang='lat' dir='ltr'>D.</span> <span class='ocrx_word' id='word_1_213' title='bbox 1672 1358 1675 1361; x_wconf 85' lang='grc'><strong>’</strong></span> 
     </span>
    </p>
   </div>
   <div class='ocr_carea' id='block_1_12' title="bbox 1005 1467 1663 1623">
    <p class='ocr_par' dir='ltr' id='par_1_13' title="bbox 1005 1467 1663 1623">
     <span class='ocr_line' id='line_1_48' title="bbox 1058 1467 1663 1523; baseline -0.005 -13"><span class='ocrx_word' id='word_1_214' title='bbox 1058 1472 1165 1523; x_wconf 74' lang='lat' dir='ltr'>Lege</span> <span class='ocrx_word' id='word_1_215' title='bbox 1184 1484 1233 1510; x_wconf 77' lang='lat' dir='ltr'>ex</span> <span class='ocrx_word' id='word_1_216' title='bbox 1254 1468 1334 1509; x_wconf 87' lang='lat' dir='ltr'>cod.</span> <span class='ocrx_word' id='word_1_217' title='bbox 1353 1467 1602 1517; x_wconf 83' lang='lat' dir='ltr'>Academico,</span> <span class='ocrx_word' id='word_1_218' title='bbox 1622 1477 1663 1507; x_wconf 87' lang='lat' dir='ltr'>vt</span> 
     </span>
     <span class='ocr_line' id='line_1_49' title="bbox 1005 1523 1663 1578; baseline -0.002 -14"><span class='ocrx_word' id='word_1_219' title='bbox 1005 1527 1136 1565; x_wconf 81' lang='lat' dir='ltr'>iamin</span> <span class='ocrx_word' id='word_1_220' title='bbox 1161 1527 1234 1565; x_wconf 58' lang='lat' dir='ltr'>iesu</span> <span class='ocrx_word' id='word_1_221' title='bbox 1252 1524 1316 1565; x_wconf 84' lang='lat' dir='ltr'>fit:</span> <span class='ocrx_word' id='word_1_222' title='bbox 1346 1526 1447 1568; x_wconf 86' lang='lat' dir='ltr'>Scias</span> <span class='ocrx_word' id='word_1_223' title='bbox 1471 1523 1570 1578; x_wconf 59' lang='lat' dir='ltr'>poff&amp;</span> <span class='ocrx_word' id='word_1_224' title='bbox 1588 1526 1663 1564; x_wconf 84' lang='lat' dir='ltr'>iam</span> 
     </span>
     <span class='ocr_line' id='line_1_50' title="bbox 1006 1581 1245 1623; baseline -0.004 -2"><span class='ocrx_word' id='word_1_225' title='bbox 1006 1581 1148 1622; x_wconf 80' lang='lat' dir='ltr'>habere.</span> <span class='ocrx_word' id='word_1_226' title='bbox 1204 1585 1245 1623; x_wconf 89' lang='lat' dir='ltr'>B.</span> 
     </span>
    </p>
   </div>
   <div class='ocr_carea' id='block_1_13' title="bbox 1005 1690 1666 2020">
    <p class='ocr_par' dir='ltr' id='par_1_14' title="bbox 1005 1690 1666 2020">
     <span class='ocr_line' id='line_1_51' title="bbox 1010 1690 1664 1745; baseline -0.008 -11"><span class='ocrx_word' id='word_1_227' title='bbox 1010 1716 1012 1720; x_wconf 58' lang='lat'>&gt;</span> <span class='ocrx_word' id='word_1_228' title='bbox 1061 1694 1114 1745; x_wconf 87' lang='lat'>69</span> <span class='ocrx_word' id='word_1_229' title='bbox 1147 1693 1238 1732; x_wconf 83' lang='lat' dir='ltr'>Cum</span> <span class='ocrx_word' id='word_1_230' title='bbox 1265 1691 1306 1732; x_wconf 87' lang='lat' dir='ltr'>id</span> <span class='ocrx_word' id='word_1_231' title='bbox 1330 1691 1439 1744; x_wconf 82' lang='lat' dir='ltr'>mihi]</span> <span class='ocrx_word' id='word_1_232' title='bbox 1480 1691 1592 1739; x_wconf 83' lang='lat' dir='ltr'><em>Cum,</em></span> <span class='ocrx_word' id='word_1_233' title='bbox 1622 1690 1664 1730; x_wconf 82' lang='lat' dir='ltr'>id</span> 
     </span>
     <span class='ocr_line' id='line_1_52' title="bbox 1008 1745 1666 1799; baseline 0 -12"><span class='ocrx_word' id='word_1_234' title='bbox 1008 1747 1080 1794; x_wconf 89' lang='lat' dir='ltr'>est,</span> <span class='ocrx_word' id='word_1_235' title='bbox 1109 1760 1377 1799; x_wconf 80' lang='lat' dir='ltr'>praeterquam</span> <span class='ocrx_word' id='word_1_236' title='bbox 1397 1745 1512 1798; x_wconf 87' lang='lat' dir='ltr'>quod.</span> <span class='ocrx_word' id='word_1_237' title='bbox 1568 1747 1666 1787; x_wconf 84' lang='lat' dir='ltr'>Tum</span> 
     </span>
     <span class='ocr_line' id='line_1_53' title="bbox 1006 1804 1665 1857; baseline 0 -14"><span class='ocrx_word' id='word_1_238' title='bbox 1006 1818 1079 1844; x_wconf 86' lang='lat' dir='ltr'>vno</span> <span class='ocrx_word' id='word_1_239' title='bbox 1102 1818 1166 1844; x_wconf 83' lang='lat' dir='ltr'>ore</span> <span class='ocrx_word' id='word_1_240' title='bbox 1188 1804 1328 1857; x_wconf 86' lang='lat' dir='ltr'>omnes]</span> <span class='ocrx_word' id='word_1_241' title='bbox 1358 1804 1502 1849; x_wconf 82' lang='lat' dir='ltr'>Omnes,</span> <span class='ocrx_word' id='word_1_242' title='bbox 1528 1815 1581 1841; x_wconf 86' lang='lat' dir='ltr'>ne</span> <span class='ocrx_word' id='word_1_243' title='bbox 1600 1816 1665 1855; x_wconf 82' lang='lat' dir='ltr'>pa-</span> 
     </span>
     <span class='ocr_line' id='line_1_54' title="bbox 1006 1858 1666 1899; baseline -0.002 0"><span class='ocrx_word' id='word_1_244' title='bbox 1006 1872 1064 1899; x_wconf 84' lang='lat' dir='ltr'>ter</span> <span class='ocrx_word' id='word_1_245' title='bbox 1100 1872 1231 1899; x_wconf 87' lang='lat' dir='ltr'>amore</span> <span class='ocrx_word' id='word_1_246' title='bbox 1269 1858 1349 1898; x_wconf 81' lang='lat' dir='ltr'>fani</span> <span class='ocrx_word' id='word_1_247' title='bbox 1380 1858 1586 1897; x_wconf 83' lang='lat' dir='ltr'>videretur.</span> <span class='ocrx_word' id='word_1_248' title='bbox 1626 1868 1666 1898; x_wconf 88' lang='lat' dir='ltr'>et</span> 
     </span>
     <span class='ocr_line' id='line_1_55' title="bbox 1006 1912 1665 1968; baseline -0.002 -13"><span class='ocrx_word' id='word_1_249' title='bbox 1006 1916 1098 1955; x_wconf 86' lang='lat' dir='ltr'>ideo</span> <span class='ocrx_word' id='word_1_250' title='bbox 1111 1929 1202 1956; x_wconf 82' lang='lat' dir='ltr'>mox</span> <span class='ocrx_word' id='word_1_251' title='bbox 1220 1916 1283 1964; x_wconf 81' lang='lat' dir='ltr'>ait,</span> <span class='ocrx_word' id='word_1_252' title='bbox 1303 1916 1396 1955; x_wconf 71' lang='lat' dir='ltr'>Bene</span> <span class='ocrx_word' id='word_1_253' title='bbox 1407 1912 1665 1968; x_wconf 83' lang='lat' dir='ltr'>diffimulatum</span> 
     </span>
     <span class='ocr_line' id='line_1_56' title="bbox 1005 1971 1660 2020; baseline -0.003 -8"><span class='ocrx_word' id='word_1_254' title='bbox 1005 1986 1176 2020; x_wconf 79' lang='lat' dir='ltr'>amorem,</span> <span class='ocrx_word' id='word_1_255' title='bbox 1197 1985 1233 2012; x_wconf 83' lang='lat' dir='ltr'>et</span> <span class='ocrx_word' id='word_1_256' title='bbox 1246 1971 1401 2012; x_wconf 78' lang='lat' dir='ltr'>celatum</span> <span class='ocrx_word' id='word_1_257' title='bbox 1419 1971 1572 2011; x_wconf 81' lang='lat' dir='ltr'>indicat.</span> <span class='ocrx_word' id='word_1_258' title='bbox 1608 1973 1660 2012; x_wconf 88' lang='lat' dir='ltr'>D.</span> 
     </span>
    </p>
   </div>
   <div class='ocr_carea' id='block_1_14' title="bbox 1007 2082 1666 2357">
    <p class='ocr_par' dir='ltr' id='par_1_15' title="bbox 1007 2082 1666 2357">
     <span class='ocr_line' id='line_1_57' title="bbox 1062 2082 1664 2138; baseline -0.003 -15"><span class='ocrx_word' id='word_1_259' title='bbox 1062 2084 1156 2124; x_wconf 83' lang='lat' dir='ltr'>Cum</span> <span class='ocrx_word' id='word_1_260' title='bbox 1178 2082 1220 2122; x_wconf 83' lang='lat' dir='ltr'>id</span> <span class='ocrx_word' id='word_1_261' title='bbox 1236 2082 1329 2122; x_wconf 83' lang='lat' dir='ltr'>mihi</span> <span class='ocrx_word' id='word_1_262' title='bbox 1347 2082 1536 2138; x_wconf 81' lang='lat' dir='ltr'>placebat]</span> <span class='ocrx_word' id='word_1_263' title='bbox 1573 2084 1664 2122; x_wconf 87' lang='lat' dir='ltr'>Pro-</span> 
     </span>
     <span class='ocr_line' id='line_1_58' title="bbox 1007 2135 1666 2180; baseline -0.006 0"><span class='ocrx_word' id='word_1_264' title='bbox 1007 2140 1074 2180; x_wconf 86' lang='lat' dir='ltr'>bat</span> <span class='ocrx_word' id='word_1_265' title='bbox 1098 2139 1168 2179; x_wconf 84' lang='lat' dir='ltr'>filii</span> <span class='ocrx_word' id='word_1_266' title='bbox 1194 2140 1309 2178; x_wconf 83' lang='lat' dir='ltr'>vitam</span> <span class='ocrx_word' id='word_1_267' title='bbox 1337 2153 1419 2178; x_wconf 86' lang='lat' dir='ltr'>non</span> <span class='ocrx_word' id='word_1_268' title='bbox 1437 2139 1580 2177; x_wconf 86' lang='lat' dir='ltr'>iudicio</span> <span class='ocrx_word' id='word_1_269' title='bbox 1597 2135 1666 2177; x_wconf 85' lang='lat' dir='ltr'>suo</span> 
     </span>
     <span class='ocr_line' id='line_1_59' title="bbox 1007 2193 1666 2244; baseline -0.005 -9"><span class='ocrx_word' id='word_1_270' title='bbox 1007 2208 1176 2244; x_wconf 81' lang='lat' dir='ltr'>tantum,</span> <span class='ocrx_word' id='word_1_271' title='bbox 1219 2208 1272 2234; x_wconf 90' lang='lat' dir='ltr'>ne</span> <span class='ocrx_word' id='word_1_272' title='bbox 1309 2195 1483 2234; x_wconf 81' lang='lat' dir='ltr'>videatur</span> <span class='ocrx_word' id='word_1_273' title='bbox 1506 2193 1579 2232; x_wconf 86' lang='lat' dir='ltr'>hoc</span> <span class='ocrx_word' id='word_1_274' title='bbox 1607 2193 1666 2233; x_wconf 82' lang='lat' dir='ltr'>fe·</span> 
     </span>
     <span class='ocr_line' id='line_1_60' title="bbox 1008 2248 1664 2301; baseline -0.006 -9"><span class='ocrx_word' id='word_1_275' title='bbox 1008 2250 1096 2292; x_wconf 80' lang='lat' dir='ltr'>cifl&#39;e</span> <span class='ocrx_word' id='word_1_276' title='bbox 1118 2263 1269 2291; x_wconf 86' lang='lat' dir='ltr'>amore:</span> <span class='ocrx_word' id='word_1_277' title='bbox 1297 2248 1362 2301; x_wconf 83' lang='lat' dir='ltr'>sed</span> <span class='ocrx_word' id='word_1_278' title='bbox 1386 2261 1425 2289; x_wconf 91' lang='lat' dir='ltr'>et</span> <span class='ocrx_word' id='word_1_279' title='bbox 1443 2249 1664 2289; x_wconf 87' lang='lat' dir='ltr'>testimonio</span> 
     </span>
     <span class='ocr_line' id='line_1_61' title="bbox 1007 2306 1664 2357; baseline -0.006 -9"><span class='ocrx_word' id='word_1_280' title='bbox 1007 2310 1149 2348; x_wconf 86' lang='lat' dir='ltr'>ciuium</span> <span class='ocrx_word' id='word_1_281' title='bbox 1169 2319 1413 2347; x_wconf 86' lang='lat' dir='ltr'>caeterorum.</span> <span class='ocrx_word' id='word_1_282' title='bbox 1455 2308 1567 2356; x_wconf 84' lang='lat' dir='ltr'>Quae</span> <span class='ocrx_word' id='word_1_283' title='bbox 1579 2306 1664 2357; x_wconf 87' lang='lat' dir='ltr'>qui-</span> 
     </span>
    </p>
   </div>
   <div class='ocr_carea' id='block_1_15' title="bbox 1007 2360 1731 2413">
    <p class='ocr_par' dir='ltr' id='par_1_16' title="bbox 1007 2360 1731 2413">
     <span class='ocr_line' id='line_1_62' title="bbox 1007 2360 1731 2413; baseline -0.007 -9"><span class='ocrx_word' id='word_1_284' title='bbox 1007 2365 1099 2404; x_wconf 87' lang='lat' dir='ltr'>dem</span> <span class='ocrx_word' id='word_1_285' title='bbox 1125 2360 1185 2402; x_wconf 64' lang='lat' dir='ltr'>res*</span> <span class='ocrx_word' id='word_1_286' title='bbox 1214 2363 1263 2402; x_wconf 91' lang='lat' dir='ltr'>ad</span> <span class='ocrx_word' id='word_1_287' title='bbox 1290 2362 1451 2401; x_wconf 83' lang='lat' dir='ltr'>futuram</span> <span class='ocrx_word' id='word_1_288' title='bbox 1479 2362 1677 2413; x_wconf 81' lang='lat' dir='ltr'>quaestio--</span> <span class='ocrx_word' id='word_1_289' title='bbox 1728 2380 1731 2382; x_wconf 57' lang='lat'>&gt;</span> 
     </span>
    </p>
   </div>
   <div class='ocr_carea' id='block_1_16' title="bbox 1007 2415 1665 2694">
    <p class='ocr_par' dir='ltr' id='par_1_17' title="bbox 1007 2415 1665 2694">
     <span class='ocr_line' id='line_1_63' title="bbox 1008 2415 1665 2472; baseline -0.006 -12"><span class='ocrx_word' id='word_1_290' title='bbox 1008 2434 1101 2460; x_wconf 87' lang='lat' dir='ltr'>nem</span> <span class='ocrx_word' id='word_1_291' title='bbox 1119 2429 1346 2472; x_wconf 84' lang='lat' dir='ltr'>argumenta</span> <span class='ocrx_word' id='word_1_292' title='bbox 1362 2415 1536 2471; x_wconf 79' lang='lat' dir='ltr'>suggerit</span> <span class='ocrx_word' id='word_1_293' title='bbox 1547 2418 1665 2457; x_wconf 86' lang='lat' dir='ltr'>maxi-</span> 
     </span>
     <span class='ocr_line' id='line_1_64' title="bbox 1007 2473 1664 2517; baseline -0.009 0"><span class='ocrx_word' id='word_1_294' title='bbox 1007 2492 1082 2517; x_wconf 85' lang='lat' dir='ltr'>ma.</span> <span class='ocrx_word' id='word_1_295' title='bbox 1106 2478 1202 2515; x_wconf 88' lang='lat' dir='ltr'>Nam</span> <span class='ocrx_word' id='word_1_296' title='bbox 1219 2474 1389 2513; x_wconf 78' lang='lat' dir='ltr'>similiter</span> <span class='ocrx_word' id='word_1_297' title='bbox 1400 2475 1480 2512; x_wconf 81' lang='lat' dir='ltr'>eius</span> <span class='ocrx_word' id='word_1_298' title='bbox 1498 2473 1596 2512; x_wconf 81' lang='lat' dir='ltr'>filius</span> <span class='ocrx_word' id='word_1_299' title='bbox 1608 2474 1664 2512; x_wconf 83' lang='lat' dir='ltr'>iu-</span> 
     </span>
     <span class='ocr_line' id='line_1_65' title="bbox 1009 2529 1665 2582; baseline -0.006 -11"><span class='ocrx_word' id='word_1_300' title='bbox 1009 2532 1107 2572; x_wconf 87' lang='lat' dir='ltr'>dicio</span> <span class='ocrx_word' id='word_1_301' title='bbox 1136 2531 1270 2582; x_wconf 85' lang='lat' dir='ltr'>patris,</span> <span class='ocrx_word' id='word_1_302' title='bbox 1308 2540 1347 2568; x_wconf 89' lang='lat' dir='ltr'>et</span> <span class='ocrx_word' id='word_1_303' title='bbox 1366 2529 1585 2568; x_wconf 84' lang='lat' dir='ltr'>testimonio</span> <span class='ocrx_word' id='word_1_304' title='bbox 1613 2530 1665 2568; x_wconf 86' lang='lat' dir='ltr'>ci·</span> 
     </span>
     <span class='ocr_line' id='line_1_66' title="bbox 1008 2584 1665 2637; baseline -0.003 -10"><span class='ocrx_word' id='word_1_305' title='bbox 1008 2590 1116 2627; x_wconf 85' lang='lat' dir='ltr'>uium</span> <span class='ocrx_word' id='word_1_306' title='bbox 1152 2585 1420 2637; x_wconf 84' lang='lat' dir='ltr'>comprobatus</span> <span class='ocrx_word' id='word_1_307' title='bbox 1451 2585 1524 2633; x_wconf 84' lang='lat' dir='ltr'>est,</span> <span class='ocrx_word' id='word_1_308' title='bbox 1558 2584 1665 2636; x_wconf 87' lang='lat' dir='ltr'>quod</span> 
     </span>
     <span class='ocr_line' id='line_1_67' title="bbox 1007 2642 1635 2694; baseline -0.006 -9"><span class='ocrx_word' id='word_1_309' title='bbox 1007 2642 1186 2685; x_wconf 77' lang='lat' dir='ltr'>nondum</span> <span class='ocrx_word' id='word_1_310' title='bbox 1208 2654 1336 2681; x_wconf 81' lang='lat' dir='ltr'>amare</span> <span class='ocrx_word' id='word_1_311' title='bbox 1352 2642 1537 2694; x_wconf 84' lang='lat' dir='ltr'>coeperit.</span> <span class='ocrx_word' id='word_1_312' title='bbox 1593 2644 1635 2683; x_wconf 85' lang='lat' dir='ltr'>E.</span> 
     </span>
    </p>
   </div>
  </div>
 </body>
</html>
