1815 3168
475 122 781 171 HEAVTO
802 120 1017 168 NTIM.

1322 122 1410 176 671

197 250 290 302 CL.
311 256 409 300 Nae
424 266 506 310 ego
520 249 765 296 fortunatus
775 246 911 293 homo
923 246 1037 292 sum:
1058 245 1210 293 deamo
1221 254 1278 298 te,
1300 248 1423 307 Syre.

197 327 228 375 S
244 343 287 374 Υ.
321 331 420 381 Qua
433 324 550 371 causa
563 323 607 369 id
617 320 702 375 fiat,
726 337 827 367 caue
840 323 1069 384 quicquam
1083 322 1314 368 admiratus
1328 318 1422 367 fies-

198 404 283 451 Sed
305 412 427 466 pater
447 398 682 460 egreditur,
708 395 993 444 obsecundato
1015 397 1061 441 in
1081 396 1203 443 loco:

102 496 167 543 24
197 477 331 533 Quod
352 473 597 541 imperabit,
620 472 771 519 facito:
810 472 1003 535 loquitor
1023 471 1223 536 paucula.

102 606 408 678 ACTvs
467 616 825 688 QVARTI
879 608 1184 670 SCENA
1247 617 1385 671 vii.

285 710 590 752 CHREMES.
633 707 942 749 CLITIPHO.
986 706 1192 747 SYRVS.

67 846 156 961 V
175 869 196 895 B
218 867 234 894 1
277 847 469 912 Clitipho
490 863 608 893 nunc
632 842 722 892 est?
762 843 847 892 ΞΥ.
883 861 1033 890 eccum
1054 860 1138 896 me,
1162 845 1309 909 inque.
1331 840 1422 891 CL.

392 939 545 968 eccum
573 922 643 967 hic
666 920 759 967 tibi.

201 987 310 1047 CH.
350 998 472 1051 Quid
502 999 567 1044 rei
597 993 720 1050 effet,
756 994 860 1043 dixti
877 995 1013 1043 huic?
1045 991 1134 1041 δι’.
1172 993 1259 1041 dixi
1284 994 1424 1060 plera·

298 1089 386 1137 que
417 1074 577 1120 omnia.

127 1306 176 1337 21
209 1291 382 1347 Naeego]
413 1291 506 1340 Nae,
517 1289 556 1329 id
570 1289 635 1340 est,
648 1289 724 1330 val

71 1351 129 1393 de.
184 1351 324 1389 Demo
351 1363 408 1395 te,
436 1347 544 1401 Syre]
583 1347 628 1387 Id
660 1346 723 1397 est,

71 1406 176 1446 valde
195 1419 291 1444 amo.
344 1404 414 1450 De,
439 1402 515 1442 hoe
545 1403 631 1441 loco
663 1417 725 1442 au-

73 1474 160 1516 get:
189 1463 277 1500 alias
296 1461 489 1499 diminuit.
548 1461 592 1500 C.

125 1518 180 1556 D
181 1532 266 1557 amo
295 1517 349 1570 te]
379 1515 421 1555 ld
451 1514 522 1563 est,
550 1514 662 1554 valde
687 1527 728 1552 a·

76 1586 160 1614 mo,
216 1576 261 1613 E.

131 1641 184 1671 22
221 1631 304 1668 Oua
324 1623 581 1678 causaidfiat]
614 1627 731 1664 Vtar·

77 1696 238 1738 gentum
285 1683 494 1722 habeamus
535 1680 640 1732 quod
682 1681 731 1721 ad

80 1739 312 1782 Bacchidem
332 1738 495 1778 defer-‚as
554 1737 734 1788 Obfi’cun·

78 1799 165 1837 dno
195 1799 234 1835 in
258 1795 357 1849 Ioco]
399 1793 648 1845 Obficundare
679 1791 733 1833 est

78 1853 210 1891 omnia
231 1851 278 1890 ad
297 1851 349 1889 alt
353 1852 452 1889 erius
473 1860 612 1889 nutum
636 1848 735 1889 face-

79 1921 133 1948 re.
191 1907 238 1948 C.

137 1963 223 2018 Oua
243 1961 346 2011 confir
365 1960 405 2000 id
420 1958 509 2014 fiat]
542 1961 631 2010 Qua
650 1973 735 2000 cau-

81 2017 119 2060 sa
136 2019 209 2066 fiat,
235 2018 319 2057 noli
346 2028 550 2068 quaerere,
585 2027 734 2056 tantum

81 2074 308 2125 obtempela
326 2082 366 2111 et
384 2070 609 2124 obsequere
638 2074 681 2112 E.

140 2132 244 2172 Cum
259 2132 412 2170 Mureto
434 2126 560 2180 trpans
565 2140 736 2167 onever

82 2183 140 2227 sus
178 2183 391 2225 sententiae
417 2182 522 2223 causa
553 2185 625 2224 ita:
667 2183 737 2223 Sed

82 2255 191 2295 pater
210 2242 406 2296 egreditur.
437 2253 521 2279 caue
541 2242 735 2293 quicquam

85 2298 294 2339 admiratus
309 2294 380 2346 ὣ,

1326 1149 1427 1192 Cu.

771 1288 1028 1371 suspicionem
1059 1289 1143 1328 eius
1170 1302 1209 1328 a
1218 1298 1257 1328 te
1283 1287 1375 1327 dolo
1393 1302 1431 1327 a·

772 1359 904 1387 moue.
957 1349 1000 1386 E.

775 1401 1110 1503 ωῗῗὼῖῗὲῗὶἶῗζ.
1122 1399 1302 1508 ZZZ&
1317 1400 1432 1495 εἷ”ἔὲ

775 1515 961 1553 maiorem
999 1515 1075 1551 vim
1114 1512 1327 1551 admonitio
1364 1510 1432 1550 ista

778 1569 954 1610 habitura
967 1568 1032 1608 est
1090 1571 1187 1608 Nam
1204 1580 1295 1619 pau
1284 1569 1358 1607 cula
1371 1580 1433 1605 co·

778 1639 859 1665 iam
871 1637 979 1678 patre
990 1625 1167 1676 loquetur
1181 1624 1367 1676 Clitipho.
1386 1623 1433 1663 C.

832 1683 1013 1734 Loquitor
1027 1680 1201 1733 paucula]
1229 1683 1290 1720 Ne
1301 1693 1350 1719 ex
1359 1677 1435 1718 ser·

778 1738 961 1778 monibus
982 1737 1054 1775 tuis
1074 1734 1246 1776 nascatur
1269 1737 1345 1775 vlla
1364 1732 1438 1774 sus-

781 1795 896 1847 picio.
947 1795 991 1833 E.

835 1849 1020 1902 Loquitor
1036 1847 1211 1902 paucula]
1242 1847 1348 1887 Sem
1362 1847 1438 1887 Ge-

783 1918 865 1960 oig.
891 1918 922 1948 1
950 1901 1042 1944 vers.
1079 1909 1170 1958 187.
1211 1903 1440 1959 Contempla-

781 1974 856 2002 tor.
911 1961 953 2000 L.

838 2027 858 2059 1
901 2014 974 2056 Vbi
1002 2015 1165 2070 Clitipho
1199 2027 1295 2056 nunc
1327 2013 1446 2072 est‘3]

781 2072 985 2127 Egreditur
1021 2072 1210 2115 Chremes
1251 2085 1337 2111 cum
1383 2086 1440 2111 ar·

784 2139 915 2183 gemo,
972 2128 1107 2168 Eccum
1125 2128 1200 2168 me'
1220 2128 1346 2182 inque]
1375 2130 1445 2181 Sy·

784 2198 847 2224 rus
883 2182 1034 2223 subiicit
1068 2183 1186 2224 verba
1211 2184 1440 2236 Clitiphoni‚

787 2254 889 2292 quae
901 2243 995 2293 patri
1005 2238 1250 2292 respondeat.
1305 2242 1439 2296 Inque]

407 2296 493 2361 Qa
516 2296 625 2349 causa
642 2294 738 2347 idfi-
787 2299 883 2339 Raro
918 2295 1008 2335 alibi
1038 2307 1193 2348 praeter
1218 2298 1369 2349 inquam
1400 2308 1442 2337 et

85 2367 150 2394 at:
179 2326 418 2403 obsecunda'to
437 2355 477 2392 in
496 2352 602 2392 loco.-
626 2351 743 2406 Quod
786 2354 909 2406 inquit
927 2354 1113 2402 reperies.
1162 2352 1296 2407 Inque]
1316 2352 1360 2394 ld
1369 2351 1438 2404 est,

87 2409 290 2462 imperabit,
316 2420 386 2448 etc.
442 2411 482 2448 Β.

141 2477 193 2517 23
234 2465 331 2504 caue
358 2466 552 2517 quicquam
579 2464 738 2504 admira·

785 2409 1033 2504 dicbelgetur
1067 2462 1143 2516 Est.
1200 2466 1299 2506 Nam
1336 2462 1446 2504 eliu·-

85 2521 164 2574 τας]
202 2521 245 2560 Id
273 2519 381 2567 vide,
414 2532 466 2559 ne
497 2533 590 2571 prae
614 2521 736 2560 nimio
780 2520 856 2574 pho
887 2533 968 2559 non
989 2521 1114 2573 potest
1134 2521 1301 2561 vltimam
1328 2521 1443 2561 corri-

86 2575 341 2639 gaudioadmi
345 2576 737 2628 te1·iS‚idtibipatrem
783 2588 892 2630 pexme
947 2580 986 2617 Β.

86 2633 333 2687 praecipere:
367 2629 434 2670 sed
460 2631 560 2684 quafi
586 2629 737 2673 nescius

837 2644 865 2674 2
890 2631 1069 2690 Pleraque
1098 2633 1238 2688 omnia]
1278 2634 1352 2675 Hic
1378 2632 1442 2672 ad-

1327 2689 1443 2729 ieffio
