1815 3168
299 149 405 184 xxxv
672 132 1032 179 TERENTII
1079 131 1270 177 VITA.

409 255 534 309 Scipio
548 254 708 309 proficit,
728 253 825 292 nihil
841 256 874 292 ei
897 253 1059 300 Laelius,
1078 250 1174 290 nihil
1193 250 1358 294 Furius‚·
1402 289 1404 291 ,

418 313 513 352 Tres
535 324 604 364 per
631 311 723 349 idem
744 322 881 362 tempus
903 311 970 361 qui
987 306 1182 362 agitabant
1206 305 1341 346 nobiles
1349 305 1545 359 fhcillime.

410 368 554 408 Eorum
572 370 628 407 ille
648 380 756 418 opera
777 380 821 404 ne
840 366 986 403 domum
1005 363 1150 416 quidem
1169 362 1300 401 habuit
1320 363 1602 402 conduc'litiam:

414 425 546 466 Saltem
566 437 607 462 vt
627 424 720 474 esset,
745 434 815 474 quo
836 420 994 470 referret
1014 417 1156 458 obitum
1175 419 1315 457 domini
1325 417 1514 468 seruulus.

355 483 472 521 Hunc
502 479 679 519 Afranius
705 477 864 528 quidem
893 474 1071 514 omnibus
1100 475 1255 513 comicis
1281 472 1466 523 praefert,
1495 472 1665 514 scribens

299 537 343 577 in
365 534 659 588 CompitalibuS,
689 534 864 573 Terentio
884 529 1120 581 nonfi'milem
1140 531 1233 569 dices
1255 531 1468 583 quempiam.

357 594 551 632 Volcatius
571 601 698 629 autem
719 602 800 628 non
815 586 937 627 solum
948 587 1109 635 Naeuio,
1128 597 1167 625 et
1179 587 1320 633 Plauto,
1343 596 1382 625 et
1394 586 1565 628 Caecilio
1581 585 1662 637 14),

299 645 365 687 sed
394 649 546 690 Licinio
575 658 732 698 quoque
766 644 973 698 postponit.
1034 643 1177 683 Cicero
1200 643 1269 695 ις)
1297 642 1339 680 in
1357 641 1520 682 Limone
1538 641 1663 682 ἦλθε.

297 717 372 745 nus
390 704 536 745 laudat:

418 762 475 800 Tu
495 771 648 813 quoque,
669 760 733 810 qui
741 755 846 807 solus
866 756 954 795 laeto
965 753 1141 806 sermone
1159 754 1317 802 Terenti,

408 815 638 864 conuersum
659 811 931 866 expressumque
951 813 1086 851 Latina
1101 824 1189 850 voce
1209 809 1469 850 Menandrum

411 874 482 923 16>
512 871 559 911 1n
573 870 694 908 medio
710 869 842 920 populi
849 868 992 918 sedatis
1017 865 1164 906 vocibus
1186 865 1317 918 effers,-

410 933 483 982 17)
513 925 706 984 Quicquid
725 937 818 964 come
837 925 994 979 loquens,
1015 937 1057 963 ac
1075 924 1197 963 omnia
1214 922 1335 962 dulcia
1351 921 1484 962 dicens.

721 1037 836 1081 Item
877 1035 928 1079 C.
973 1034 1246 1079 CAESAR.

412 1121 474 1163 Tu
496 1133 636 1174 quoque
655 1129 698 1159 tu
718 1121 756 1157 in
799 1120 939 1165 ummis,
959 1129 979 1154 o
997 1117 1187 1156 dimidiate
1204 1114 1432 1165 Menander,

407 1179 581 1224 Poneris,
604 1189 639 1214 et
657 1177 803 1222 merito,
822 1176 911 1226 puri
920 1173 1103 1226 sermonis
1127 1185 1289 1217 amator,

408 1233 568 1274 Lenibus
590 1246 703 1286 atque
719 1232 865 1270 vtinam
873 1229 1032 1281 seriptis
1048 1228 1340 1281 adiunae‘lafhret
1358 1226 1419 1268 vit

405 1291 563 1338 Comica,
581 1303 625 1328 vt
645 1300 802 1341 aequato
826 1290 946 1325 virtus
957 1284 1113 1338 polleret
1131 1285 1274 1324 honore

409 1347 500 1386 Cum
525 1345 687 1390 Graecis,
711 1356 821 1396 neque
844 1345 882 1380 in
904 1342 970 1380 hac
994 1344 1061 1391 18)
1082 1340 1261 1393 despec‘lus
1279 1350 1391 1390 parte
1407 1337 1568 1378 iaceres!

409 1403 530 1441 Vnum
549 1401 614 1439 hoc
631 1412 808 1446 maceror,
829 1411 866 1436 et
885 1398 986 1436 doleo
1004 1395 1077 1437 tibi
1094 1395 1210 1448 deesse,
1230 1393 1391 1433 Terenti.

349 1460 464 1498 Haec
489 1456 694 1498 Suetonius
721 1454 982 1504 Tranquiilus.
1035 1454 1134 1492 Nam
1166 1452 1262 1490 duos
1280 1449 1489 1490 Terentios
1521 1451 1663 1489 Poetat

294 1511 408 1556 fuisse
428 1511 554 1553 scribit
573 1513 735 1559 Metius,
773 1523 939 1562 quorum
960 1508 1054 1547 alter
1075 1507 1327 1560 Fregellanus
1347 1504 1463 1544 fuerit
1480 1502 1665 1545 Terenti-

295 1581 341 1610 ·us
359 1570 477 1617 Libo,
508 1570 602 1609 alter
628 1567 834 1607 libertinus
852 1565 1072 1606 Terentius
1098 1563 1193 1604 Afer
1210 1562 1349 1615 patria,
1382 1561 1435 1601 de
1456 1572 1533 1612 quo
1555 1570 1669 1598 nune

293 1627 498 1678 loquimur.
551 1624 746 1676 Scipionis
774 1620 922 1661 fabulas
950 1618 1114 1660 edidiffe
1138 1618 1404 1666 Terentium,
1435 1616 1596 1670 Valgius
1617 1614 1662 1655 in

295 1684 498 1726 Aiiaeone
516 1682 579 1720 ait.
1155 1714 1160 1720 ,

407 1738 490 1778 Hae
507 1750 600 1791 quae
617 1746 804 1775 vocantur
818 1732 975 1785 fhbulae
999 1734 1070 1785 19)
1082 1763 1092 1781 ‚
1124 1733 1223 1770 cuiae
1234 1729 1357 1782 fient?

407 1795 504 1834 Non
525 1793 599 1840 has,
619 1794 682 1845 qui
704 1793 789 1829 iura
807 1790 956 1841 populis
972 1790 1045 1840 20)
1059 1817 1068 1835 ‚
1101 1787 1182 1827 end'
1203 1785 1283 1826 ibus
1301 1784 1416 1825 dabat
1445 1784 1468 1805 ¹

404 1849 560 1889 Honore
570 1849 716 1903 summo
735 1845 882 1900 affec'lus
891 1845 995 1897 ficit
1007 1843 1176 1899 fizbulas.

349 1908 464 1946 Duae
489 1905 537 1943 ab
555 1903 798 1957 Apollodoro
828 1899 1034 1941 translatae
1061 1897 1138 1940 effe
1167 1898 1348 1939 dicuntur
1368 1895 1526 1945 comico,
1545 1893 1661 1934 Phor-

293 1962 376 2004 mio
398 1973 438 2001 et
456 1965 628 2013 Hecyra:
661 1971 824 2011 quatuor
845 1958 1018 2009 reliquae
1035 1971 1057 1995 a
1076 1954 1309 2006 Menandro.
1341 1965 1389 1993 ex
1418 1952 1555 2004 quibus
1582 1964 1661 1991 ma-

293 2032 375 2074 gno
405 2015 568 2057 succeffu
598 2028 636 2056 et
663 2015 787 2067 pretio
816 2013 917 2054 stetit
942 2011 1154 2056 Eunuchus
1179 2010 1332 2052 fabula:
1360 2012 1515 2063 Hecyra
1540 2005 1658 2060 saepe

289 2072 454 2124 exclusa,
478 2074 543 2114 vix
559 2074 641 2114 achi
660 2071 725 2112 est.
1579 2120 1661 2161 DE

230 2230 235 2249 i

336 2266 397 2313 14)
424 2263 497 2301 Sed
518 2259 666 2308 Licinio]
700 2258 771 2299 ΜΓ.
803 2256 870 2309 fhd
890 2257 951 2295 Li-
1052 2257 1112 2303 17)
1141 2254 1325 2307 Qicquid
1327 2251 1434 2299 come]
1457 2250 1525 2289 Ms.
1542 2248 1656 2302 Qid.

288 2316 359 2354 m'o.
412 2316 453 2350 L.
999 2309 1079 2343 dam
1099 2318 1200 2342 come.
1225 2305 1272 2340 ai.
1293 2303 1488 2354 Quicquod.
1540 2301 1581 2337 L.

341 2365 399 2410 ις)
422 2363 516 2398 Puto
546 2360 646 2396 hunc
675 2356 871 2395 Ciceronis
901 2356 951 2393 li·
1050 2366 1091 2398 13
1122 2353 1304 2403 Despec‘lus
1315 2350 1435 2402 parte]
1463 2349 1532 2387 Ms.
1559 2350 1654 2385 Dan.

289 2416 397 2452 brum
414 2411 509 2447 nihil
529 2408 760 2450 continuisse,
778 2406 845 2443 nifi
866 2405 950 2454 Epi-
996 2405 1151 2456 despez‘la
1167 2411 1282 2452 parte.
1332 2401 1375 2438 L.

289 2472 482 2513 grammata
504 2458 546 2495 in
570 2458 667 2494 viros
687 2457 827 2498 claros,
855 2468 948 2504 quo·
1050 2457 1109 2500 19)
1138 2452 1243 2490 Cuiae
1255 2450 1359 2499 sunt]
1386 2447 1544 2487 Siciibr.
1557 2448 1655 2488 Dan.

288 2524 437 2559 cunque
472 2509 512 2544 in
544 2519 677 2555 genere
713 2505 948 2554 praestantiae
997 2505 1044 2542 ai.
1065 2500 1280 2550 cuiussunt3
1330 2499 1372 2536 L.

284 2561 351 2598 fibi
371 2571 509 2596 nomen
534 2555 717 2604 parassent.
775 2555 859 2592 Fab.
1047 2555 1110 2597 20)
1145 2549 1286 2599 Populis
1319 2549 1399 2584 end'
1427 2545 1502 2581 ibus
1530 2541 1652 2590 dabat]

341 2612 401 2654 16)
425 2610 467 2643 In
487 2605 596 2641 medio
610 2604 741 2653 populi]
772 2602 838 2645 Ms,
851 2605 946 2640 Dan.
997 2607 1048 2641 Ita
1067 2602 1148 2640 Mss'.
1173 2597 1354 2637 Danielis.
1383 2595 1482 2643 vulg.
1503 2592 1656 2644 petenti-

285 2661 331 2698 Jn
347 2657 494 2696 medium
514 2654 610 2691 nobis
617 2653 765 2703 sedatis,
783 2664 853 2690 etc.
881 2653 924 2689 L.
1000 2655 1059 2690 bus
1077 2652 1196 2687 dabat.
1214 2649 1259 2686 al.
1277 2644 1540 2696 recensentibus.
1566 2645 1608 2681 L.
