1815 3168
545 100 955 147 EVNVCHVS.

1332 115 1428 174 4³7

110 250 169 282 ιο
201 231 300 276 ΡΥ.
338 227 436 276 Eho
469 243 619 273 nonne
647 225 694 272 id
729 225 786 271 sat
806 225 926 271 erat?
964 217 1074 270 CH.
1114 235 1157 272 at
1186 226 1424 275 nesciebam

298 303 342 350 id
365 303 505 349 dicere
528 302 657 354 illam,
683 300 759 347 nifi
784 302 885 364 quia

196 381 394 429 Correxit
415 378 550 431 miles,
574 377 696 441 quod
715 376 906 424 intellexi
930 376 1100 424 minus:
1136 392 1237 423 nam
1260 393 1331 423 me
1354 394 1410 423 ex-

292 453 414 502 trusit
436 455 568 504 foras.

1335 527 1420 573 Sed

59 674 290 716 amatoribus
307 674 521 727 approbare
532 673 719 722 nituntur,
767 673 823 712 rit
849 672 1034 712 Anciaam
1049 671 1161 724 ftrre
1182 670 1292 722 fitam
1316 673 1421 712 Vene-

59 732 260 770 oculorum
281 731 321 770 hi
340 744 463 777 nurus²
484 744 580 781 quos
599 728 718 774 νεόμη-

765 732 801 767 ri
828 742 894 768 aut
920 729 1116 781 Cupidini,
1156 729 1258 768 Tuus
1280 728 1419 779 serum

57 805 102 825 roe
127 785 222 825 edm
244 788 411 841 Cyrillus
434 796 562 833 vocat,
593 785 717 825 maxi·
752 785 899 836 struet,
923 786 1100 824 Venerine
1119 799 1179 825 eas
1201 785 1270 831 det,
1299 796 1346 822 an
1366 787 1419 820 vi-

57 857 121 883 me
140 841 398 883 obseruantur.
430 843 597 882 Naeuius
609 841 713 894 apud
732 886 735 887 ⁷

53 897 183 939 lfidor.
200 901 348 954 Origin.
368 897 434 937 lib.
454 911 485 938 1.
508 911 537 937 e.
558 911 622 952 25.
663 900 713 937 Α-

55 955 146 994 lium
165 968 282 1002 tenet,
313 956 382 994 alii
404 955 591 1003 adnic‘lat,
624 954 714 993 alibi

44 1025 182 1052 -manus
209 1011 283 1063 *Est
321 1021 505 1064 occupata.
562 1010 602 1051 ld
628 1024 712 1063 pro-

54 1080 142 1120 pter
179 1081 262 1106 non
297 1067 475 1121 neglexit
514 1068 711 1108 Plautinus

52 1123 260 1172 Diabolus,
299 1123 391 1163 dum
419 1124 566 1163 amicae
599 1124 726 1176 leges*v

52 1177 294 1233 praescribit,
323 1180 364 1218 in
389 1178 561 1221 Asinaria
586 1193 641 1228 ιν,
676 1192 710 1228 1,

51 1248 121 1288 39.
179 1236 314 1287 Neque
337 1234 398 1273 illa
419 1234 484 1273 vlla·
494 1235 635 1274 homini
647 1248 711 1273 nu-

55 1304 120 1337 tet,
150 1291 284 1337 nieht,
313 1300 468 1329 annuat.
524 1291 587 1331 Sic
613 1305 699 1328 ama

54 1347 194 1387 ton-ium
214 1356 306 1393 erat,
331 1359 372 1384 os
391 1345 503 1385 aficui
524 1345 571 1384 ad
593 1342 710 1384 suaui-

55 1403 200 1442 andum
223 1400 407 1445 formare,
453 1402 640 1452 Apuleius
666 1401 708 1440 in

54 1455 179 1501 Miles.
210 1458 273 1497 vel
312 1458 353 1496 in
380 1457 563 1495 conuiuio
586 1467 709 1496 extre-

54 1527 118 1553 ma
137 1525 244 1566 parte
260 1513 430 1566 potionis
451 1514 710 1551 communica-

54 1583 118 1609 re:
150 1568 249 1616 flue,
285 1579 325 1607 vt
352 1569 404 1608 ait
420 1567 633 1618 Sophocles
664 1569 704 1606 in

52 1627 181 1674 Aiace,
202 1629 322 1670 ὁμιλεῖν
343 1627 482 1671 βαθεῖαν
507 1627 620 1671 τέρψιν
651 1629 708 1661 ἆυ-

52 1688 156 1720 atum-a.
187 1680 289 1732 apud
312 1681 429 1721 Plaut.
459 1690 500 1718 et
524 1681 621 1719 Petr.
639 1683 709 1720 Ar-

53 1736 260 1777 bitr.Vnde
270 1735 371 1788 apud
382 1738 408 1775 F
411 1735 707 1782 ortunatianum,

51 1792 249 1834 Meretrix
274 1806 321 1832 ex
344 1789 466 1831 tribus
485 1790 709 1831 amatoribus

52 1849 166 1888 alium
184 1847 344 1898 ofiulata
362 1845 420 1898 est,
438 1846 510 1887 alii
526 1846 708 1900 reficiuum

45 1905 174 1957 poculi
202 1904 325 1951 dedit,
358 1904 470 1942 alium
499 1905 707 1942 coronauit.

53 1961 288 2001 contendunt
307 1973 409 2013 quem
427 1961 543 2014 magis
559 1958 708 2014 diligat.

52 2016 169 2068 Quod
189 2014 308 2067 ipsum
328 2015 483 2057 Photius
501 2028 551 2054 ex
562 2015 708 2056 lambli-

52 2073 114 2112 chi
143 2073 303 2120 ἐρωτικοῖς
330 2070 446 2112 refert
469 2070 648 2112 Biblioth.
670 2083 706 2122 p.

56 2140 146 2181 133.
177 2137 231 2167 καὶ
261 2126 324 2175 ἕξις
350 2132 447 2176 τςιῶν
475 2127 604 2175 lens-teir
623 2134 708 2174 γίνε-

54 2200 140 2224 παι.
159 2214 168 2224 .
201 2186 221 2207 *
250 2215 259 2223 .
284 2216 292 2224 .
325 2183 375 2223 ’ὅτι
407 2187 454 2230 τῷ
475 2183 535 2231 μὲν
562 2190 580 2226 ἦ
602 2195 706 2223 Μεσσ-

53 2247 200 2283 ποταμῖα
223 2238 284 2284 τήν
316 2247 453 2286 (pinam,
490 2243 528 2286 ἐξ
560 2237 597 2283 ἧς
638 2236 707 2277 ἔτι·

58 2312 123 2343 νεν,
150 2293 259 2333 ἔδωκε·
289 2298 336 2342 τῷ
355 2295 391 2334 δὲ
412 2297 470 2335 τδν
489 2295 560 2334 birro*
578 2299 640 2339 τῆς
659 2311 706 2333 κε-

58 2353 168 2398 φαλῆς
193 2352 230 2399 ἐξ
250 2354 368 2390 ἀνθέων
396 2358 582 2399 ἀφελομένη
608 2359 710 2396 ⁴:54«-

53 2425 104 2446 νον
121 2410 300 2453 περιέθηκε·
330 2407 388 2446 τᾶν
407 2408 444 2447 δὲ
466 2411 616 2454 ἐφίλησε.
647 2410 709 2447 De

57 2463 210 2501 coronis
242 2461 410 2503 {imiliter
437 2466 535 2505 cauit
562 2461 706 2503 adoles-

58 2531 150 2557 cens
170 2518 388 2559 inAfinaria
405 2533 503 2568 1v,1‚
517 2528 578 2574 58.
620 2521 710 2559 Tum

51 2573 93 2626 fi
106 2588 268 2621 coronas,
277 2573 393 2626 firm,
417 2589 596 2631 vnguenia
614 2574 709 2631 iufle-

761 856 817 880 νο.
873 844 981 881 Haec
1019 854 1115 894 ergo
1153 838 1219 879 sub
1250 840 1419 880 Veneris

761 896 873 951 {igno
901 898 1146 936 militantium
1175 897 1279 936 velut
1312 912 1419 942 wex-

762 950 958 997 συνθήματα
976 953 1175 999 Chremes,
1200 963 1240 991 vt
1259 951 1418 1004 fimplex

762 1023 806 1049 ac
824 1009 999 1058 rusticus,
1027 1010 1191 1049 minime
1210 1007 1246 1048 se
1266 1008 1418 1048 intelle-

761 1064 855 1106 xiffe
875 1064 1036 1113 fatetur,
1063 1065 1154 1105 ideo
1182 1079 1204 1103 a
1220 1065 1417 1106 Sti-ationi-

763 1136 809 1163 co
857 1124 1078 1169 ςςειτιωτικῶς
1121 1122 1238 1161 etiam
1283 1121 1418 1160 &assta-

761 1189 832 1218 tur.
888 1183 931 1220 L.

816 1238 932 1286 Lege,
951 1232 1028 1273 Nil
1043 1232 1154 1281 dixit,
1175 1245 1216 1272 tu
1235 1246 1279 1271 vt
1286 1231 1418 1284 seque·

759 1304 840 1329 rere
846 1289 953 1340 fi’fi‘?
975 1292 1084 1337 Nam,
1102 1301 1157 1334 tu,
1171 1300 1210 1328 et
1227 1290 1269 1327 in
1281 1287 1415 1328 Bemb.

761 1345 911 1384 duobus
930 1345 1013 1383 aliis
1038 1355 1127 1382 vett.
1149 1345 1349 1394 reperitur,
1376 1353 1418 1382 et

759 1398 862 1453 suam
881 1399 942 1439 hic
960 1399 1078 1439 habet
1089 1399 1296 1449 emphasin.
1329 1399 1416 1439 Vul-

758 1470 810 1511 go
830 1457 984 1509 legitu1·‚
1006 1469 1096 1495 tum.
1156 1457 1197 1494 Β.

815 1524 865 1554 10
893 1511 974 1550 Eho
1001 1525 1120 1550 nonne
1137 1511 1179 1550 id
1191 1509 1260 1561 stit
1280 1508 1416 1563 erat?]

758 1568 872 1608 Adeo
898 1567 1058 1618 simplex
1085 1567 1146 1605 hie
1172 1566 1365 1605 inducitur
1381 1580 1416 1603 a-

758 1621 979 1667 dolescens,
1017 1634 1054 1661 vt
1081 1637 1103 1661 a
1129 1621 1263 1675 Pythia
1291 1633 1415 1672 repre-

757 1679 881 1719 hendi
905 1678 1026 1730 possst.
1083 1681 1182 1718 Nam
1208 1676 1300 1728 quid
1318 1688 1414 1727 opus

755 1733 830 1774 fuit
847 1735 991 1787 dicere,
1018 1732 1044 1773 {i
1062 1730 1221 1774 innuit?
1248 1732 1325 1783 <nil
1350 1730 1425 1781 nist‘

757 1792 881 1830 innuit
917 1792 997 1842 2.).
1051 1792 1106 1829 At
1142 1787 1340 1841 anciebam
1372 1787 1415 1826 id

756 1848 877 1887 dicere
897 1843 1018 1899 illam]
1047 1844 1186 1884 Dicere
1207 1857 1276 1894 pro
1297 1843 1412 1890 velle,

757 1903 819 1942 vel
836 1900 1062 1956 significare.
1119 1900 1294 1947 Sicalibi,
1315 1898 1416 1951 Qua,-

754 1956 791 2008 β
803 1972 845 1998 tu
862 1961 959 1998 dicas
972 1957 1012 1995 id
1018 1955 1171 2007 fitc‘Yum
1182 1955 1324 2009 confilio
1335 1968 1412 1994 meo

759 2017 839 2066 (Sic
864 2020 948 2061 φημὶ
971 2013 1126 2053 Graecis
1156 2013 1305 2051 dicitur.
1334 2012 1412 2062 Z).

761 2070 855 2122 Nisi
868 2073 954 2122 quia
974 2069 1144 2108 correxit
1168 2067 1278 2115 miles,
1309 2066 1413 2119 quod

756 2128 921 2167 intellexi
954 2124 1093 2178 minus]
1139 2127 1226 2164 Hoc
1259 2122 1411 2162 videtur

755 2182 917 2222 facetius
956 2190 995 2218 et
1020 2177 1250 2232 sapientius,
1296 2192 1413 2230 quam

756 2239 831 2278 dici
851 2236 896 2276 ab
918 2235 1047 2284 ebrio,
1075 2234 1224 2283 rustico,
1258 2245 1298 2274 et
1319 2235 1412 2274 ado-

755 2292 925 2334 lescente
953 2288 1152 2331 debuiffet.
1213 2292 1300 2331 Hoc
1328 2291 1412 2330 viri-

757 2365 824 2390 um
851 2360 942 2388 tunc
966 2345 1031 2396 fit,
1060 2361 1179 2399 quum
1195 2350 1337 2387 Poetae
1356 2348 1414 2385 in-

760 2407 923 2460 genium
943 2399 1047 2443 suum
1066 2404 1106 2442 in
1127 2400 1306 2455 personas
1320 2416 1412 2442 con·

758 2463 902 2509 ferunt,
958 2461 1008 2498 D.

819 2529 864 2560 11
953 2515 1028 2555 uod
1059 2514 1229 2555 intellexi
1261 2515 1409 2568 minus]

761 2572 989 2618 Verisimile,
1014 2571 1115 2612 hune
1134 2582 1281 2612 tantum
1292 2582 1412 2610 extru-

868 2631 933 2670 Ee
965 2639 988 2679 3
1339 2626 1417 2666 sum
