1815 3168
654 183 949 228 ANDRIA.

1388 202 1483 248 159

249 308 601 368 Heruntfefelli:
642 310 689 355 in
723 311 898 374 nuptias
924 310 1090 355 conieci
1112 310 1294 357 herilem
1316 310 1481 360 filium:

248 387 352 430 Feci
374 384 504 430 hodie
525 395 571 430 vt
592 383 762 443 fierent,
794 385 1038 449 insperante
1057 386 1156 438 hoc,
1189 397 1318 448 atque
1338 390 1482 436 inuito

347 459 595 522 Pamphilo.
639 460 743 506 hem

122 551 215 598 25
247 533 457 580 Astutias'
491 534 611 596 quod
632 533 662 579 si
684 531 903 597 quiessem,
924 534 1035 580 nihil
1060 531 1267 582 euenisset
1287 537 1405 583 mali.

249 609 334 655 Sed
357 625 508 655 eccum
533 609 660 656 video
684 610 847 674 ipsum:
888 609 1040 657 occidi.

246 686 426 739 Vtinam
453 683 562 729 mihi
586 681 687 732 esset
707 683 869 748 aliquid
889 684 974 738 hic,
1004 701 1093 748 quo
1113 702 1186 733 me
1214 701 1333 732 nunc
1355 702 1480 752 prae-

345 761 523 824 cipitem
552 759 714 806 darem.

211 902 518 958 Achs
577 868 907 957 ΙΤΕΗΤΗ
964 906 1269 960 SCENA
1315 909 1382 976 v.

470 1012 845 1054 PAMPHILVS.
902 1013 1127 1055 DAVVS.

110 1140 240 1254 'xsn
260 1168 279 1196 1
320 1148 407 1197 illic
436 1148 497 1195 est
526 1149 684 1204 scelus,
719 1152 795 1214 qui
812 1166 885 1220 me
914 1151 1140 1225 perdidit?
1177 1149 1318 1202 DAV.
1348 1153 1482 1219 perii.

349 1225 427 1275 ΡΛ
444 1239 498 1272 Μ.
539 1237 669 1290 atque
691 1226 777 1273 hoc
802 1224 1030 1282 confiteor,

169 1455 220 1496 23
235 1443 374 1483 Herum
383 1443 527 1499 fefbllz]
555 1446 664 1485 Haec
677 1458 774 1486 enu-

115 1501 280 1539 meratio
302 1499 496 1540 causarum
517 1501 582 1547 est,
605 1516 679 1553 qua
696 1516 773 1541 ma-

116 1554 261 1607 gnifice
305 1556 455 1607 (mirifi't
446 1571 481 1595 ce
516 1557 588 1599 Ms.
623 1557 769 1598 Boend.

116 1622 157 1649 et
183 1610 251 1650 Ed.
273 1613 336 1650 Du
355 1615 383 1651 B
387 1615 414 1659 )
439 1614 693 1665 exaggeiauit
716 1627 772 1652 er-

113 1679 220 1705 rores
249 1664 344 1705 suos.
402 1667 565 1722 conieci]
596 1672 678 1708 Nec
706 1670 775 1707 im-

115 1721 217 1769 misi,
248 1720 311 1760 sed
339 1725 494 1763 conieci·
526 1723 662 1775 quod
651 1738 774 1775 impe-

117 1789 198 1817 tum
224 1788 264 1816 et
283 1778 462 1837 iniuriam
474 1777 572 1832 signi
562 1778 668 1818 ·ficat.
699 1782 773 1820 He-

108 1835 214 1873 rilem
226 1832 320 1884 film
314 1821 442 1891 ”1⁷⁰
444 1852 545 1882 von-4³
531 1833 636 1880 έφμο·
694 1839 742 1876 l).

168 1901 223 1943 24
265 1889 350 1928 Feci
375 1889 503 1944 hodie]
542 1894 624 1930 Nec
650 1889 740 1930 solta
746 1907 771 1930 11

101 1944 196 1996 fici,
230 1958 361 1984 vfflun
380 1947 497 1985 etiam
514 1946 662 1986 addidit
681 1958 771 1986 tem-

114 2013 198 2052 pus,
226 1999 359 2040 hodie.-
389 2013 427 2040 vt
448 2016 500 2040 ne
520 2001 671 2042 diecula
691 2004 771 2056 qui-

113 2056 204 2096 dem
225 2057 306 2096 eius
323 2056 376 2106 fit,
399 2058 504 2109 quod
517 2058 674 2104 fecerat,
694 2073 771 2098 ma-

111 2113 153 2152 li.
207 2112 422 2165 Insperante
445 2114 536 2163 hoc,
582 2129 690 2180 atque
716 2117 770 2154 in-

113 2169 233 2229 mito]
243 2168 455 2222 Insperame
475 2181 514 2210 et
531 2173 673 2220 inuito,
706 2172 773 2211 du·

113 2220 205 2277 plex
226 2220 396 2266 offensio.
449 2228 500 2266 D.

169 2291 222 2331 25
253 2282 345 2320 Hem
372 2281 546 2336 astutias]
582 2285 691 2322 Bona
719 2290 771 2322 εῖ-

115 2350 192 2381 ςωνε
179 2343 239 2375 ε.1αι
274 2338 474 2378 Plurafiter
492 2339 587 2378 dixit
605 2339 770 2391 astutias,

115 2389 252 2442 quafi
242 2405 296 2444 ις,
325 2393 391 2445 qui
418 2394 592 2434 abundet
617 2395 769 2445 astutiis,

115 2456 159 2484 vt
174 2447 212 2484 ei
230 2460 303 2487 vna
322 2462 403 2488 nou
424 2447 623 2490 sufficelmet
665 2455 715 2492 D.

119 2502 263 2608 ⁴¹stHem
287 2504 454 2560 astutias]
499 2505 574 2549 Ms.
604 2511 646 2548 R.
676 2510 769 2549 Hem

169 2569 248 2596 una
319 2560 363 2599 L

168 2620 224 2666 27
273 2614 417 2657 Vttnam
451 2617 545 2658 mihi
581 2618 662 2671 esset
700 2620 768 2662 ali·

1377 1306 1484 1352 Iure

822 1446 932 1501 quid]
961 1448 1051 1487 Non
1074 1446 1172 1486 dixit
1199 1447 1388 1499 gladium,
1417 1456 1482 1487 aut

820 1504 1025 1554 laqueum:
1060 1515 1114 1541 ne
1148 1500 1243 1542 effet
1280 1504 1482 1556 tragicum.

821 1562 924 1611 Ergo
960 1559 1140 1611 expreffit
1172 1558 1299 1608 bene,
1333 1559 1482 1608 dicens,

822 1616 913 1670 Qo
941 1629 996 1654 me
1023 1627 1120 1654 nunc
1153 1616 1390 1669 praecipitem
1415 1615 1483 1655 da·-

822 1683 1023 1711 rem..

879 1738 899 1767 1
936 1725 1008 1765 Vbi
1034 1725 1107 1765 illic
1136 1724 1183 1777 est
1198 1725 1340 1780 fielus]
1371 1729 1483 1767 Haec

818 1778 944 1830 Wscena
964 1782 1069 1820 cuius
1090 1781 1387 1832 petturbationis
1403 1780 1483 1822 esse

823 1835 977 1885 debeat,
1000 1839 1115 1876 etiam
1128 1836 1238 1890 supra
1249 1853 1273 1889 p
1279 1849 1363 1876 oeta
1373 1852 1484 1890 pr-ae

820 1892 971 1939 struxit,
1008 1907 1126 1944 quum
1153 1894 1201 1932 ad
1235 1891 1483 1933 consentien-

821 1948 913 1987 dum
930 1951 1034 1990 Daui
1050 1949 1177 1988 confili
1184 1963 1205 1988 o
1216 1949 1365 1989 tardum
1375 1953 1484 1990 Pam-

821 2004 970 2056 philum
1001 2003 1156 2045 faceret.
1216 2005 1291 2045 Vbi
1326 2005 1401 2045 illic
1434 2005 1483 2058 cst

811 2059 952 2115 scelus]
983 2061 1196 2100 Accusatio.
1245 2061 1320 2101 Vbi
1337 2061 1410 2100 illic
1432 2062 1480 2113 est

808 2115 953 2170 fielus]
1001 2119 1176 2157 Nimium
1207 2117 1380 2158 terribile
1412 2118 1481 2164 est,

820 2170 967 2212 saeuire
985 2184 1077 2213 ante
1095 2187 1210 2224 quam
1232 2173 1358 2213 videas
1378 2186 1481 2222 eum,

821 2239 953 2267 contra
974 2242 1091 2280 quem
1111 2227 1289 2268 irasceris.
1348 2229 1419 2268 Vbi
1438 2231 1482 2269 il-

820 2285 867 2323 lic
888 2284 1075 2335 estfi‘clus,
1099 2287 1166 2339 qui
1184 2299 1237 2323 me
1254 2286 1480 2339 perdidit?]

819 2340 884 2382 Ad
907 2341 1160 2388 intellefi‘tum,
1192 2354 1277 2380 non
1296 2342 1344 2380 ad
1363 2341 1481 2381 v·e1ba

820 2396 1224 2464 redegit(addegenus
1242 2399 1316 2448 Z.,)
1328 2408 1367 2436 et
1377 2396 1482 2436 estti-

820 2466 916 2506 gura
933 2469 974 2490 συ
957 2450 1075 2496 ύιλληψ
1066 2471 1094 2496 ις
1114 2465 1184 2504 per
1197 2466 1354 2505 geneima
1368 2455 1480 2505 Virg.

818 2512 938 2561 (Aen.
953 2521 983 2554 1,
996 2511 1124 2557 216),
1141 2510 1236 2548 Pars
1247 2509 1482 2561 znjrustase

819 2564 992 2605 cant.Sed
1003 2563 1065 2602 hie
1074 2564 1196 2617 figura
1207 2565 1260 2604 est
1268 2578 1338 2617 per
1347 2579 1482 2604 nume·

818 2633 899 2663 ros:
929 2634 1022 2675 nam
1041 2622 1129 2674 quia
1143 2618 1285 2676 stelas,
1304 2620 1480 2664 scelestus
1522 2646 1526 2657 v

1366 2677 1478 2717 intel-
