1815 3168
696 198 987 246 ANDRIA.

289 327 321 378 S
336 342 366 377 1.
409 329 628 376 Nihilne?
674 327 801 374 hem!

1427 208 1511 253 ¹23

860 322 954 371 DA
973 335 1021 369 v.
1063 322 1175 374 nihil
1209 322 1401 386 prorsus.
1447 322 1522 371 SI.

389 407 508 468 atqui
530 401 825 469 exspetstabam
849 399 1041 463 quidem.

179 515 185 516 ν
220 498 248 546 ς
287 481 381 530 DA
401 493 446 526 v.
477 484 650 526 Praeter
670 477 787 544 spem
808 476 979 523 euenit:
1011 473 1172 520 sentio:
1211 471 1297 518 hoc
1319 471 1429 517 male
1451 471 1524 517 ha-

389 555 465 603 bet
501 557 662 602 virum.

292 628 370 680 Sl.
411 625 552 677 Potin’
588 647 633 676 es
667 628 778 675 mihi
809 642 965 675 verum
1001 618 1179 675 dicere?
1220 619 1314 669 DA
1328 634 1369 667 v.
1415 621 1529 667 nihil

392 707 573 754 facilius,

295 779 328 829 S
345 796 376 828 1.
410 785 538 828 Num
563 780 623 826 illi
646 775 848 825 molestae
870 776 1099 841 quippiam
1121 773 1203 820 hae
1219 772 1322 820 „sunt
1336 772 1530 836 nuptiae,

296 855 681 923 Propterrhuiusce
703 853 898 919 hospitae
929 849 1319 898 consuetudinem?

168 1083 275 1122 Bene
310 1090 407 1118 nunc
446 1076 614 1131 quidem:
655 1073 828 1115 {imiliter

169 1150 266 1177 nunc
284 1135 389 1182 nihil,
419 1144 458 1172 vt
477 1129 591 1184 paulo
607 1142 709 1179 ante,
739 1143 829 1170 cum

171 1191 279 1238 dixit,
310 1192 358 1230 Id
369 1191 529 1243 populus
549 1201 658 1229 curat
671 1187 829 1239 fiilicet.

171 1251 291 1300 Aeque
319 1249 515 1299 quicquam
540 1258 637 1284 nunc
663 1243 829 1298 quidem]

128 1302 141 1310 ‘
170 1307 257 1344 Hoc
278 1302 342 1345 est,
362 1301 472 1341 nihil.
527 1303 578 1340 D.

229 1357 300 1398 Etsi
314 1370 448 1396 omnes
463 1356 573 1395 codd.
592 1364 832 1408 repugnant:

173 1412 382 1467 legendam
409 1423 540 1451 tamen
567 1422 681 1464 put0,
715 1410 833 1463 Quid,

174 1470 303 1517 Daue,
340 1482 492 1517 narrat,
522 1465 568 1506 sc.
600 1466 832 1516 Pamphilus,

176 1526 244 1576 qui
272 1523 453 1576 superiori
472 1526 598 1565 Scena
616 1535 702 1561 cum
723 1524 837 1562 Dauo

176 1581 337 1620 domum
382 1579 470 1618 ibat.
538 1579 660 1631 Igitur
691 1579 836 1626 Dauus,

178 1650 295 1688 quem
327 1636 432 1675 Simo
465 1647 550 1673 cum
588 1633 668 1672 filio
694 1632 744 1671 de
770 1645 838 1671 nu-

179 1694 267 1743 ptiis
319 1692 489 1729 locutum
527 1688 678 1740 aliquid
717 1698 836 1741 putat,

178 1749 244 1788 hic
261 1748 532 1799 interrogatur.
586 1748 628 1785 B.

232 1816 261 1855 4
289 1805 402 1850 Hem]
433 1800 648 1840 interieffio
670 1797 724 1838 est
742 1798 837 1846 irati,

179 1855 379 1900 aduersum
405 1870 516 1903 eum,
552 1856 620 1907 qui
649 1865 772 1908 neget
801 1851 840 1894 se

179 1914 327 1967 aliquid
338 1915 507 1952 locutum
520 1909 607 1951 esse.
622 1910 731 1951 fimul
743 1909 839 1961 quid

180 1970 225 2011 sit
243 1973 362 2024 Aeque
372 1972 564 2022 quicquam
575 1980 670 2008 nunc
681 1967 839 2020 quidem,

181 2024 300 2067 senex
318 2025 493 2077 explicat,
510 2037 597 2063 cum
618 2024 681 2071 ait,
703 2021 842 2061 Nihil?

182 2085 230 2124 Et
254 2082 310 2122 est
344 2075 550 2127 ἐυφημισμὲς
581 2080 840 2131 antiquorum,

185 2152 256 2191 pro
281 2137 388 2178 nihil.
443 2137 560 2176 Nihil
581 2135 763 2189 prorfits]
797 2133 842 2174 Id

188 2194 253 2243 est,
275 2207 407 2245 neque
423 2189 584 2246 prorsus,
614 2190 728 2231 Nihil
731 2203 843 2241 pror-

180 2250 249 2303 sus
266 2250 412 2298 dicitur,
431 2250 474 2288 in
493 2261 571 2300 quo
590 2248 695 2287 nulla
705 2247 758 2287 est
768 2260 844 2285 am·

193 2305 369 2358 biguitas.
398 2317 437 2345 et
455 2304 508 2344 est
519 2302 759 2343 confirmatio
774 2314 846 2341 ne-

196 2363 330 2415 gantis.
367 2363 482 2415 Atqui
501 2357 749 2412 exspec‘taham
766 2359 847 2411 qui·

195 2418 291 2472 dem]
336 2416 592 2470 Exspec'lamus
627 2426 706 2455 tam
733 2414 848 2462 bona,

198 2486 310 2524 quam
353 2474 452 2513 mala
473 2488 482 2513 ι
535 2471 732 2526 Speramus
776 2469 846 2509 bo-

197 2541 260 2567 na.
317 2529 365 2568 D.

251 2584 441 2624 Bentleius
459 2582 609 2636 semper
616 2581 699 2624 fere
711 2595 780 2635 pro
793 2582 849 2620 ni-

201 2638 258 2678 hil
271 2639 409 2678 etmihi
427 2639 546 2679 edidit
555 2640 690 2689 nil‚mi.
718 2638 850 2681 Semel

200 2691 388 2735 monuiffe
407 2692 461 2735 sat
495 2697 578 2736 erit.
631 2699 674 2738 Z.

1378 926 1535 972 Dav.

934 1083 959 1126 ς
988 1062 1401 1123 Praeter-spemeuenit]
1426 1066 1539 1106 Prae-

876 1140 948 1175 ter,
967 1141 1035 1180 pro
1054 1137 1209 1166 contra:
1240 1136 1289 1173 vt,
1314 1124 1472 1162 Praeter
1481 1138 1540 1163 ae-

878 1199 991 1226 tatem
1020 1196 1134 1223 tuam.
1193 1183 1278 1222 Hoc
1305 1179 1396 1219 male
1429 1176 1541 1218 habet

879 1240 1031 1294 virum]
1080 1241 1253 1285 Εἰςωνικῶς
1286 1240 1413 1276 virum
1444 1234 1542 1273 dixit

880 1295 1073 1338 defefl'um
1101 1293 1243 1335 senem.
1285 1291 1403 1332 modo
1432 1292 1543 1331 enim

881 1356 1005 1393 virum
1026 1351 1245 1390 ioculariter
1255 1348 1361 1388 dixit.
1391 1346 1544 1401 Virum]

883 1409 948 1450 Ad
983 1406 1311 1457 vituperationem
1349 1417 1437 1443 cum
1470 1404 1545 1442 iro-

885 1465 970 1505 nia:
1001 1462 1051 1503 ad
1068 1461 1222 1501 laudem
1247 1473 1341 1499 vero
1366 1459 1449 1498 fine
1469 1460 1546 1498 iro.

886 1521 963 1562 nia.
1018 1520 1067 1559 D.

940 1578 968 1620 6
999 1574 1125 1614 Pon-‘n‘
1162 1587 1198 1613 es
1241 1570 1395 1625 verum]
1445 1573 1548 1610 Inte-

886 1628 1186 1685 g1·um‚p0t1fite‚
1205 1628 1246 1668 id
1259 1627 1323 1676 est,
1345 1638 1466 1679 poteS.
1494 1629 1549 1665 Vt

886 1686 1028 1739 Virgil.
1047 1687 1167 1735 (Aen.
1192 1697 1269 1731 111,
1295 1686 1430 1737 671.)‚
1467 1683 1550 1722 Nec

881 1747 983 1799 potis
1011 1741 1139 1780 Ionios
1151 1737 1287 1791 fluc‘Jus
1315 1752 1473 1792 aequare
1490 1737 1551 1790 st-

887 1797 1040 1852 qvendo.
1070 1799 1117 1845 Et
1138 1795 1310 1836 deestilli
1331 1809 1378 1834 es.
1429 1793 1492 1835 Est
1513 1806 1552 1832 e-

888 1855 971 1894 nim
994 1865 1137 1892 nornen
1156 1854 1281 1904 potis:
1313 1861 1354 1891 et
1371 1849 1472 1899 flacit,
1489 1862 1552 1903 po·

888 1913 950 1959 tis,
968 1911 1113 1961 potior,
1126 1907 1344 1961 potiffi'mus.
1402 1909 1450 1946 D.

945 1965 1075 2005 Potin’
1094 1977 1129 2004 es
1141 1962 1234 2003 mihi
1244 1977 1368 2002 verum
1380 1963 1497 2002 dicere
1509 1961 1552 2016 ¹2]

890 2021 1138 2064 Menander:
1178 2026 1230 2058 ἆεί
1268 2021 1422 2067 κςατιςόν
1446 2024 1491 2058 ε’τι
1518 2019 1554 2054 τ’

889 2081 995 2123 ἀληθῆ
1033 2083 1153 2123 λέγειν.
1210 2079 1250 2117 L.

945 2132 1234 2175 concinnitatis
1254 2131 1376 2185 gratia
1395 2138 1486 2170 ante
1498 2131 1556 2169 ni-

891 2189 949 2230 hil
973 2202 1083 2243 pone
1112 2186 1209 2243 ego?
1246 2199 1287 2228 vt
1309 2191 1408 2228 Eun.
1437 2199 1478 2235 1,
1514 2198 1553 2233 2,

887 2258 959 2291 21.
1018 2249 1058 2286 B.

950 2312 979 2354 7
1022 2301 1127 2340 Num
1163 2298 1217 2338 ini
1251 2298 1416 2352 molestae
1444 2301 1558 2353 quip-

889 2357 1022 2412 piam]
1052 2357 1273 2413 Qippiam,
1311 2353 1556 2408 significatio-

898 2427 992 2454 nem
1009 2414 1198 2452 minimae
1218 2412 1274 2452 rei
1291 2410 1421 2451 haber.
1465 2414 1515 2451 D.

954 2469 1053 2512 Cod.
1091 2482 1190 2507 vnus
1224 2480 1247 2506 e
1275 2467 1407 2521 Regiis
1439 2466 1558 2509 habet

897 2525 994 2566 haec.
1023 2523 1180 2565 vetuste
1199 2534 1239 2563 et
1256 2534 1356 2565 vere.
1414 2526 1454 2564 Β.

953 2589 975 2632 8
1014 2581 1174 2632 Propter
1209 2579 1374 2632 hospitae
1410 2579 1500 2619 huiu
1519 2590 1562 2618 ce

901 2636 1212 2691 conficetudinem]
1268 2637 1375 2677 Haec
1425 2636 1560 2677 omnia

1474 2704 1562 2743 pro·
