1815 3168
639 71 1049 120 EVNVCHVS.

1431 86 1527 135 359

289 200 456 258 Regem
480 195 723 258 elegantem
744 214 906 243 narras.
939 193 1054 243 Tu.
1095 197 1185 244 imo
1210 195 1264 244 fic
1285 194 1472 247 homo'st

286 275 611 338 Perpaucorum
643 272 892 320 hominum.
927 267 1040 320 GN.
1076 273 1169 319 imo
1198 273 1425 322 nullorum
1455 292 1520 323 ar·

390 348 544 401 bitror,

188 441 249 473 20
287 424 331 471 Si
349 433 494 470 tecum
516 425 640 471 viuit.
677 417 729 469 Τ
743 442 790 471 Η.
822 423 1024 470 inuidere
1046 439 1199 471 omnes
1220 422 1356 470 mihi:

282 498 782 546 Mordereclanculum:
821 515 904 559 ego
932 517 1024 546 non
1049 499 1181 546 flocci·
1197 499 1417 562 pendere:

281 575 352 622 Illi
377 574 575 622 inuidere
595 574 761 622 misere.
800 590 956 622 verum
983 592 1094 623 vnus
1118 572 1276 622 tamen

146 788 286 823 rerum,
309 774 349 813 id
369 773 436 823 est,
465 774 710 825 confiliarius,
741 788 806 814 vo-

145 832 332 883 luptatum
365 844 521 883 quoque
547 832 649 885 regis
687 832 803 882 parti-

147 901 236 938 ceps
260 884 368 927 efl'et.
419 889 467 927 Et
486 887 576 926 vide
594 901 672 940 quo
690 887 803 941 figni-

144 943 255 983 ficatu
286 942 450 992 ditatur,
479 944 570 992 Me,
598 954 639 983 et
667 944 803 984 Conui-

140 1013 243 1049 uam,
275 1010 314 1038 et
331 999 474 1046 Solum,
503 1010 542 1038 et
558 998 803 1039 Abducebat:

144 1070 235 1095 nam
272 1067 357 1094 non
392 1055 561 1095 vocabat.
616 1059 664 1097 Et
700 1055 794 1104 Sibi,

143 1111 245 1163 quali
266 1124 347 1150 non
364 1122 520 1163 propter
540 1125 624 1161 me,
653 1109 729 1160 sed,
761 1121 800 1151 vt

142 1167 208 1207 fibi
234 1167 340 1206 bene
368 1164 471 1207 effet.
525 1168 617 1218 Tum
642 1181 697 1207 me
718 1181 799 1207 con-

143 1224 286 1276 uiuam]
325 1223 368 1262 ld
398 1222 470 1272 est,
500 1236 618 1274 quum
649 1223 798 1264 satietas

143 1279 350 1317 hominum
369 1275 470 1326 effet,
488 1282 575 1317 cum
586 1277 721 1318 odiffet
730 1293 801 1327 ne,-

146 1335 262 1388 gotia.
321 1334 526 1373 Conuiuam
540 1334 662 1386 filum
688 1333 801 1374 abdu-

144 1391 266 1443 cebat]
304 1392 358 1429 Vt
391 1390 515 1440 (Aen.
547 1403 618 1438 1v,
665 1391 797 1444 421.),

142 1468 197 1478 --
230 1445 349 1496 fhlam
379 1458 462 1484 nam
484 1443 644 1499 perfidus
668 1445 728 1485 ille
750 1445 801 1485 Te

143 1503 267 1541 colere.
323 1499 521 1554 Significat
541 1512 692 1552 autem,
723 1498 800 1541 sae-

142 1555 310 1610 piuscule
326 1555 476 1596 faetum.
533 1560 582 1598 D.

201 1621 247 1663 18
282 1614 415 1667 Regem
433 1611 626 1668 elegantem
644 1613 797 1667 narras]

141 1671 222 1719 Qui
241 1670 388 1722 eligere
408 1665 517 1715 sciat,
546 1679 614 1708 aut
631 1670 698 1721 qui
717 1667 798 1723 ipse

139 1724 184 1765 fit
204 1725 421 1778 eligendus.
477 1728 526 1765 D.

195 1781 257 1820 Sic
293 1780 400 1819 bomo
434 1780 482 1831 est
512 1781 794 1835 perpaucorum]

138 1837 244 1877 Talis
267 1836 332 1884 est,
354 1836 499 1887 inquit,
526 1847 564 1875 vt
595 1850 684 1876 cum
702 1851 796 1889 pau-

140 1893 193 1931 cis
223 1889 300 1933 effe
328 1892 434 1932 velit.
478 1893 682 1944 ‘Denique
720 1893 795 1932 hoc

140 1949 332 1988 intellexit
350 1959 389 1987 et
409 1951 598 1989 Parmeno
627 1962 714 1988 cum
736 1949 795 1988 di-

138 2006 214 2044 xit:
240 2008 364 2044 Immo
397 2006 595 2046 nullorum
619 2004 794 2056 arbitror,

87 2071 91 2073 ’
140 2060 166 2100 sn
190 2070 316 2099 tecum
337 2061 441 2100 viuit.
498 2064 540 2102 E.

164 2115 302 2157 Versus
313 2118 433 2169 gratia
443 2116 533 2170 lege
543 2127 583 2156 et
592 2117 796 2171 distingue,

140 2173 251 2211 immo
261 2171 316 2221 st'c
333 2171 501 2223 homo’fl:
522 2175 796 2225 Perpaucorum

1424 651 1519 697 Im«

853 774 906 814 de
935 773 1065 826 paucis
1089 774 1165 814 est:
1193 783 1260 813 aut
1287 772 1354 826 qui
1382 773 1517 825 paucis

854 831 1002 883 placet:
1035 829 1110 869 hoc
1140 828 1212 879 est,
1250 828 1365 869 bonis
1393 840 1435 868 et
1462 826 1516 868 sa-

854 885 1066 938 pientibus,
1096 886 1163 938 qui
1180 885 1265 926 fere
1285 887 1398 938 pauci
1415 884 1513 925 sunt.

851 944 934 982 Ima
953 941 1138 982 nullorum
1156 940 1387 993 arbit-ronst
1397 954 1515 981 tecum.

850 1000 968 1049 viuitJ
995 1001 1082 1041 Hoc
1109 996 1283 1046 auersus,
1321 1012 1376 1038 ne
1400 999 1514 1038 miles

847 1055 990 1095 audiat.
1045 1053 1174 1096 Potest
1195 1065 1325 1096 tamen
1345 1066 1385 1094 et
1403 1055 1514 1094 aliter

848 1111 1040 1163 intelligi,
1077 1111 1246 1150 maxime
1276 1125 1365 1152 cum
1390 1111 1513 1150 milite

848 1169 931 1221 (Ne
950 1166 1066 1206 verba
1084 1168 1312 1221 langueant,
1337 1168 1441 1220 lege,
1469 1166 1511 1205 il-

847 1224 881 1263 lo
905 1223 1030 1262 milite.
1074 1224 1179 1264 Hinc
1199 1237 1327 1263 notum
1345 1224 1510 1263 militem

850 1279 898 1319 ad
919 1276 1011 1318 vers.
1035 1290 1097 1321 12.
1119 1279 1249 1330 dixit).
1303 1283 1352 1320 D.

904 1334 1179 1386 Perpaucorum
1197 1335 1406 1389 hominum]
1437 1339 1510 1374 n&-

849 1406 886 1428 νυ
910 1392 1043 1437 πκυςῶν
1069 1388 1249 1438 bavegium.
1279 1388 1422 1434 Charis.
1439 1391 1507 1432 lib.

849 1458 900 1486 11.
957 1448 998 1487 L,

905 1512 959 1543 20
1003 1500 1182 1541 Inuidere
1226 1516 1350 1542 omnes
1394 1501 1510 1556 mihi]

846 1556 934 1596 Plus
955 1557 1097 1608 potest,
1127 1557 1175 1596 ad
1200 1557 1509 1612 significandum.

847 1611 1047 1651 infinitum
1060 1641 1062 1643 -
1077 1623 1248 1665 tempus,
1285 1628 1400 1666 quam
1421 1614 1510 1653 fini-

848 1678 941 1707 tum.
997 1674 1050 1710 D.

903 1736 955 1767 21
987 1727 1069 1781 Ego
1097 1738 1174 1764 non
1195 1723 1306 1776 flocci
1329 1726 1505 1780 pendere]

845 1779 969 1830 Quod
1003 1781 1231 1820 morderent
1271 1782 1507 1831 clanculum,

844 1836 908 1876 vel
928 1837 1034 1888 quod
1053 1837 1291 1889 inuiderent.
1349 1839 1398 1877 D.

899 1892 980 1948 Ego
1005 1891 1121 1945 flocci
1151 1894 1324 1948 pendere]
1359 1894 1503 1934 Conte—

842 1962 983 1989 mnere
1000 1962 1044 1988 ac
1062 1950 1207 1990 nullius
1227 1951 1420 1989 momenti
1439 1950 1506 1988 du-

843 2018 947 2046 cere.
1002 2009 1046 2046 E.

899 2061 981 2117 Ego
1007 2076 1080 2102 non
1096 2059 1228 2117 floccz]
1257 2059 1328 2104 Ms.
1356 2065 1397 2103 R
1428 2075 1504 2103 nou

845 2119 997 2158 omittit.
1055 2122 1095 2160 L.

900 2186 953 2215 22
987 2173 1047 2212 Illi
1064 2175 1231 2214 inuidere
1249 2174 1395 2229 misere]
1422 2174 1504 2214 Mi-

142 2227 377 2280 hominum‘fl.
417 2231 480 2270 Sic
499 2228 796 2282 limpliciterpo-
831 2230 902 2281 fir
919 2229 1025 2270 enim
1045 2231 1110 2278 est,
1135 2232 1194 2270 cui
1214 2232 1367 2270 animae
1394 2228 1505 2270 mise-

143 2284 246 2324 nitur
272 2288 403 2324 Horat.
436 2287 556 2326 Semi.
585 2299 624 2335 1,
655 2299 701 2339 9,
728 2299 794 2341 44.

143 2341 335 2381 Maecenas
350 2342 530 2394 quomodo
550 2354 676 2391 tecum,
696 2343 795 2382 Hinc

144 2398 284 2448 repetit,
301 2408 503 2448 paucorum
523 2398 729 2449 hominum,
760 2411 796 2437 et

143 2454 279 2491 mentis
312 2450 396 2491 bene
414 2453 562 2504 sanae?
618 2458 657 2495 B.
736 2497 740 2501 ,

205 2520 254 2560 19
293 2507 557 2560 Perpaucorum
588 2509 795 2564 hominum]

143 2565 225 2606 Aut
243 2563 307 2615 qui
327 2565 454 2614 pauci&
480 2567 616 2610 vtitur:
642 2578 704 2607 aut
730 2568 798 2619 qui

845 2287 900 2325 ria
927 2286 1037 2326 inest.
1099 2288 1236 2327 Verum
1263 2288 1376 2342 vnus]
1415 2291 1505 2328 Pro-

845 2343 929 2393 prie
946 2356 1053 2383 vnus.
1110 2348 1209 2393 Nam
1227 2357 1321 2383 vnus
1341 2357 1396 2383 ex-
1407 2344 1504 2382 mul·

845 2400 891 2438 tis
922 2398 1070 2439 dicitur.
1126 2403 1174 2439 Et
1197 2401 1297 2441 mire
1327 2399 1379 2441 est
1404 2399 1504 2439 faeta

846 2455 989 2495 nullius
1007 2455 1193 2508 ponderis
1222 2457 1424 2509 repetitio,
1448 2456 1505 2494 ·ad

846 2511 1026 2551 inertiam
1059 2513 1251 2563 loquentis
1275 2514 1505 2565 exprimen-

849 2567 950 2617 dam.
1009 2570 1107 2608 Nam
1148 2570 1350 2623 postquam
1395 2568 1503 2613 dixit,

959 2628 989 2667 Z
1016 2638 1045 2678 4
1085 2634 1091 2642 ’
1200 2653 1220 2665 f
1397 2624 1507 2666 *Invia
