1815 3168
1444 127 1535 175 261

284 255 342 312 P.
400 252 839 313 TERENTII
894 250 1413 314 EVNVCHVS.

167 387 319 426 AcTA
357 395 524 424 Lvms
561 395 940 425 MEGALENsrn.
980 397 1017 424 L.
1058 393 1351 424 POSTVMIO
1388 398 1536 426 Atm-

220 450 289 481 No
326 453 362 479 t„
403 452 692 480 coRNEmo
728 441 956 481 MERvLA
996 450 1534 481 AEn11‚113.cvRV1,13.

221 507 402 535 EGERE
458 508 495 534 L.
546 507 827 536 AMBIVIVS
875 509 1114 543 TVRPIO,

761 563 947 591 TIBIIS
1000 561 1224 591 DVABVS
1273 563 1532 591 DEXTRIS.

218 563 660 591 PRAENESTJNVS
687 582 696 600 ‚

1172 506 1212 533 L.
1255 505 1534 536 ATT1L1VS

218 619 440 647 GRAECA
481 619 793 649 MENANDRV
829 619 977 647 ACTA
1015 621 1079 647 ΙΙ.
1121 618 1322 648 MODOS
1362 620 1532 646 FECIT

157 668 163 670 ⁷
216 674 450 704 FLAccvs
507 675 719 704 CLAVDI
777 675 824 704 M.

216 730 368 760 8088.

870 675 1156 713 vALmuo,
1216 675 1253 702 e.
1308 675 1456 704 FANN
1475 677 1531 703 10

635 839 1043 885 PROLOGVS.

287 961 385 1077 St
438 968 661 1054 quisquam
699 966 782 1022 est,
837 970 913 1033 qui
959 968 1131 1034 placere
1174 968 1215 1017 se
1255 940 1421 1015 studeat
1450 968 1526 1016 bo·

592 1061 660 1091 ms

206 1244 342 1285 Modos
360 1242 475 1298 ficit]
515 1247 619 1297 Vett.
656 1243 740 1284 fere
769 1258 808 1282 o-

151 1313 262 1339 mnes
283 1312 321 1339 et
340 1298 408 1341 Ms.
432 1305 474 1340 R.
504 1301 728 1339 Moclulauit.
738 1304 806 1340 Po-

149 1356 235 1403 stea,
265 1356 363 1395 Flac.
389 1356 519 1395 Claudi
545 1355 647 1394 tibiis
670 1354 806 1394 duabus

147 1414 291 1450 dextris
321 1422 391 1450 etc.
431 1415 479 1451 Et
496 1408 588 1449 sane
616 1411 805 1450 alieniore

148 1467 229 1506 loco
270 1469 310 1506 in
342 1468 444 1519 vulg.
481 1466 573 1505 libb.
611 1466 727 1517 polita
753 1467 805 1505 vi-

147 1523 301 1564 dentur.
360 1526 399 1562 L.

199 1580 289 1618 Caio
319 1577 489 1632 Fannio]
535 1579 597 1618 Sic
626 1578 801 1616 melioris

142 1645 257 1674 notae
284 1634 537 1685 exemplaria:
580 1634 621 1672 in
652 1630 801 1684 quibus-

140 1689 227 1729 dam
246 1701 374 1729 tamen
395 1686 480 1729 Mfl'.
503 1700 593 1736 erat,
615 1688 662 1728 G.
672 1689 799 1728 Mum-

138 1748 211 1784 mio
235 1746 392 1785 Fannio.
452 1748 492 1785 L.

199 1813 216 1842 1
252 1801 295 1841 Si
322 1800 514 1854 quisquam
535 1799 604 1851 est,
635 1802 700 1854 qui
711 1799 793 1853 pla·

138 1870 223 1905 cere,
256 1858 347 1911 etc]
378 1855 634 1897 Attendenda
652 1861 794 1896 Poetae

135 1916 257 1964 copia,
277 1912 383 1965 quod
405 1914 447 1951 in
471 1923 526 1951 tot
550 1913 720 1966 prologis
741 1912 792 1951 de

135 1970 271 2008 eadem
299 1966 407 2008 causa
432 1966 566 2008 iisdem
590 1968 676 2008 fere
709 1967 793 2008 sen-

138 2027 280 2072 tentiis,
298 2026 409 2064 variis
421 2025 546 2064 verbis
558 2025 682 2064 vtitur.
714 2028 766 2065 D.

189 2080 228 2119 Si
246 2081 440 2134 quisquam
470 2081 532 2135 est]
564 2083 638 2121 Hic
665 2081 790 2132 prolo-

134 2149 204 2190 gus
218 2137 332 2176 habet
356 2136 652 2176 controuerfias:
674 2150 788 2176 vnam

133 2206 183 2231 ex
212 2191 431 2233 accusatoris
459 2190 642 2245 persona,
676 2193 788 2231 aliam

132 2263 180 2287 ex
200 2247 422 2290 defensoris.
460 2251 559 2288 Nam
582 2259 620 2289 et
639 2251 789 2288 Teren-

132 2305 202 2342 tius
220 2305 349 2344 obiicit
367 2305 525 2354 crimen,
545 2318 584 2343 et
596 2304 787 2344 obiectum

132 2371 277 2412 purgat.
334 2365 377 2401 ln
406 2373 478 2408 e0‚
510 2360 616 2411 quod
637 2360 783 2405 obiicit,

133 2415 216 2453 talis
235 2415 289 2454 est
309 2416 586 2455 controuersia:
618 2419 786 2458 Comoe-

133 2470 213 2509 dias
242 2470 349 2510 dedit
373 2470 628 2519 aduersarius,
656 2473 696 2511 in
726 2471 785 2510 his

131 2540 265 2575 vnam,
295 2539 371 2578 qua
397 2529 514 2579 priori
533 2529 617 2566 loco
639 2526 784 2567 causam

130 2582 242 2633 dicit,
284 2596 305 2621 a
327 2596 403 2638 quo
423 2584 585 2634 petitur,
616 2599 695 2624 non
718 2585 785 2624 ille

1377 1123 1525 1175 Quam

858 1245 922 1295 qui
943 1245 1051 1297 petit.
1111 1246 1197 1284 Hoc
1224 1244 1274 1284 ita
1295 1242 1399 1296 quod
1426 1242 1522 1296 (for-

857 1311 906 1348 te,
925 1302 1067 1353 itaque)
1088 1302 1236 1340 crimen
1261 1300 1440 1339 stultitiae
1466 1299 1521 1338 cst

856 1366 895 1393 et
914 1356 1214 1407 imprudentiae.
1255 1358 1311 1395 lta
1330 1355 1442 1394 status
1464 1354 1519 1395 est

857 1412 1026 1462 qualitas.
1070 1412 1156 1452 Alia
1175 1410 1436 1450 controuersia
1448 1411 1516 1458 est,

856 1480 930 1517 qua
943 1466 1122 1506 obiicitur
1130 1468 1331 1515 Terentio,
1353 1479 1454 1517 quae
1465 1479 1517 1505 ta-

851 1523 897 1560 lis
914 1522 987 1562 est:
1018 1526 1206 1563 Graecam
1218 1522 1515 1570 Commoediam

849 1578 892 1616 in
914 1579 1087 1618 Latinam
1111 1578 1320 1617 transferre
1338 1579 1429 1616 licet
1443 1579 1513 1630 (vi-

849 1631 1173 1674 deturexcidiss'e:
1189 1634 1263 1685 fid
1283 1635 1458 1673 Latinam
1472 1636 1513 1672 in

847 1687 1026 1729 Latinam
1055 1691 1262 1740 transferre
1297 1704 1371 1728 nort
1413 1689 1508 1728 licet.

845 1748 919 1797 Z).
967 1745 1198 1786 Eunuchum
1215 1746 1426 1786 Terentius
1445 1745 1509 1783 de-

844 1802 900 1842 dit
921 1801 1187 1848 comoediam,
1221 1802 1364 1854 paraliti
1384 1812 1421 1842 et
1440 1801 1507 1839 mi-

842 1858 929 1898 litis.
989 1857 1109 1908 Quod
1127 1858 1278 1897 Plautus
1299 1858 1340 1897 in
1364 1855 1427 1896 sua
1447 1870 1507 1895 co-

841 1912 999 1954 moedia
1018 1912 1204 1962 habuerit,
1231 1927 1339 1952 nunc
1355 1917 1504 1953 'seren-

840 1971 915 2010 tius
935 1971 976 2008 in
995 1970 1183 2010 Eunucho
1211 1967 1344 2022 posuit.
1404 1973 1506 2010 Reus

840 2026 896 2066 est
915 2026 1172 2077 quod-contra
1189 2027 1319 2079 legem
1346 2023 1501 2064 fecerit.

839 2084 914 2124 Hic
931 2082 1043 2121 status
1064 2083 1189 2133 primo
1212 2082 1371 2132 qualitas
1397 2079 1500 2120 abso-

837 2140 916 2178 luta
945 2151 995 2177 ex
1019 2138 1110 2176 iuris
1137 2138 1310 2183 ratione,
1351 2136 1500 2176 deinde

839 2195 999 2246 qualitas
1029 2194 1191 2232 venialis
1217 2207 1290 2245 per
1315 2193 1502 2246 ignoran-

837 2251 938 2289 tiam.
993 2252 1110 2289 Nunc
1138 2250 1213 2297 iam
1243 2248 1429 2302 lingulas,
1459 2259 1499 2286 vt

837 2303 1112 2358 proposuimus,
1141 2306 1401 2357 explicemus.»
1454 2303 1498 2342 Si

832 2361 1027 2415 quifisuam
1046 2361 1106 2415 est,
1128 2363 1192 2414 qui
1208 2360 1351 2413 placere
1365 2359 1404 2411 fi
1413 2358 1497 2411 stu-

830 2419 916 2456 'deut
927 2415 1048 2472 bonis]
1080 2417 1374 2457 Controuerliae
1393 2417 1497 2468 prin-

835 2473 979 2525 cipium
1005 2471 1153 2525 semper
1180 2472 1234 2511 est
1252 2473 1300 2512 ad
1319 2471 1495 2510 beneuo-

835 2529 995 2568 lentiam
1019 2529 1246 2581 captandam
1265 2528 1494 2575 auditorum,

833 2596 898 2624 aut
918 2599 939 2623 a
960 2585 1084 2625 nostra
1104 2582 1278 2638 persona,
1297 2595 1361 2624 aut
1370 2584 1417 2623 ab
1430 2596 1494 2620 au·

948 2645 977 2681 R
1008 2655 1030 2694 3
1392 2640 1492 2677 dito·
