1815 3168
301 187 394 221 222

691 171 853 216 ACT.
890 171 948 215 V.
997 168 1188 213 SCEN.
1218 169 1294 214 111.

432 301 564 346 Num
588 298 747 358 cogitat
763 295 870 360 quid
892 294 1031 342 dicat?
1068 311 1176 342 num
1207 292 1309 342 fasti
1330 293 1481 359 piget?

432 378 562 421 Num
583 375 674 418 eius
700 373 820 419 color
844 371 1026 435 pudoris
1049 367 1221 437 siguum
1241 370 1416 434 vsquam
1441 371 1631 419 indicat?

434 448 606 496 Adeon'
628 449 860 512 impotenti
883 443 965 492 effe
987 448 1147 498 anim0,
1170 456 1217 492 vt
1237 456 1409 509 praeter
1435 448 1599 495 ciuium

433 527 613 571 Morem
632 534 759 586 atque
781 523 937 582 legem,
961 530 1003 567 et
1022 520 1082 567 sui
1102 521 1371 568 'voluntatem
1387 524 1545 585 patri&

345 617 405 650 10
435 604 610 647 Tamen
631 600 742 645 hanc
765 599 925 645 habere
957 595 1123 643 studeat
1145 612 1247 643 cum
1276 595 1445 643 summo
1464 595 1669 662 probro?

298 818 556 866 Phormione,
600 818 724 857 Homo
762 813 958 868 confidens.

297 877 426 918 Aliter
447 875 509 913 hic
529 877 545 923 ζ
549 873 700 913 Excidit
721 886 850 925 quam,
881 871 956 921 seu,

298 945 343 972 ac
371 933 433 982 Z.)
457 928 567 981 supra
580 927 771 979 confidens,
792 942 862 979 pro
873 942 961 968 con-

298 987 415 1026 stanti
452 996 491 1024 et
524 985 646 1036 graui.
699 986 802 1035 Ergo
844 983 962 1022 coufi-

298 1042 435 1082 dentia
453 1040 654 1079 interdum
675 1039 716 1077 in
736 1038 839 1077 bona
849 1038 962 1091 signi-

297 1097 491 1144 ficatione,
512 1094 706 1134 interdum
731 1095 773 1133 in
785 1095 884 1132 mala
895 1106 961 1144 po-

298 1155 426 1194 nitur:
466 1150 533 1191 sed
569 1149 710 1190 fiducia
735 1147 890 1202 semper
915 1150 960 1188 in

297 1209 415 1250 bona.
471 1209 521 1249 D.
719 1222 722 1225 ·

356 1323 383 1363 6
418 1319 522 1359 Num
540 1321 684 1374 cogitat
712 1317 806 1372 quid
831 1317 965 1362 dicat?

289 1374 389 1417 'num
390 1375 492 1427 fizdli
494 1378 604 1429 piget
613 1375 646 1429 ?]
665 1378 815 1414 Amens
827 1374 880 1413 est
896 1374 963 1425 qui

299 1431 441 1473 nesciat
483 1430 574 1482 quid
603 1431 721 1470 dicat:
760 1430 961 1478 amentior,

300 1501 419 1540 quem
446 1501 528 1527 non
547 1488 749 1539 poeniteat
777 1486 868 1526 faffi
889 1483 958 1526 sui.

298 1546 406 1586 Num
427 1547 567 1598 cogitat
576 1544 665 1597 quid
674 1544 776 1584 dicat
787 1559 800 1581 :
808 1543 841 1597 ]
859 1543 962 1593 Quia

298 1601 528 1641 iniuriarum
563 1596 602 1638 se
635 1600 780 1654 alligat.
856 1599 962 1638 Num

289 1656 393 1710 fiec‘h’
407 1656 566 1712 piget?]
603 1657 709 1706 Quia
740 1656 835 1695 dicit
856 1667 963 1708 prae-

297 1715 437 1761 dicant,
457 1725 540 1751 non
559 1712 700 1757 dicunt,
754 1715 814 1759 Et,
845 1722 884 1751 vt
909 1709 963 1750 so-

299 1771 386 1809 lent
410 1766 633 1818 irascentes,
661 1771 798 1808 auertit
825 1769 964 1807 oratio·

299 1838 395 1865 nem
414 1839 435 1863 a
453 1822 619 1863 secunda
640 1825 688 1864 ad
708 1826 857 1864 tertiam
879 1836 963 1875 pei·-

300 1870 457 1920 souam:
486 1879 533 1918 ab
552 1892 609 1928 ea,
628 1893 715 1920 cum
734 1894 811 1932 qua
827 1880 964 1932 loque-

300 1936 423 1984 battu·,
442 1935 492 1975 ad
513 1935 638 1976 aliam.
696 1938 746 1977 D.

352 2059 382 2102 7
415 2047 522 2087 Num
539 2047 614 2086 eius
632 2046 731 2088 color
742 2047 902 2100 pudoris
909 2044 961 2099 fi*-

294 2116 416 2158 gnum
463 2102 618 2157 vsquam
662 2104 854 2158 indicat?]
903 2104 961 2142 Si-

289 2162 425 2214 gnum,
447 2160 501 2198 est
517 2172 636 2210 parua
648 2160 838 2211 quaedam
847 2159 961 2213 figni-

300 2216 440 2262 ficatio,
463 2216 638 2254 indicans
657 2217 773 2255 totius
792 2217 850 2254 rei
873 2230 962 2267 qua-

301 2272 462 2311 litatem.
519 2271 622 2311 Num
640 2275 715 2311 eius
736 2271 830 2312 color
845 2273 961 2323 pudo-

301 2329 357 2368 ris
391 2327 542 2382 fignrm
576 2328 729 2382 vfiluam
764 2327 959 2381 indit-1123]

303 2394 467 2436 paterno
489 2385 618 2423 animo
638 2385 742 2424 dicit.
781 2389 963 2435 Namque

302 2439 471 2490 patribus
492 2441 590 2479 velle
610 2438 836 2481 erubescere
853 2440 961 2488 filios,

302 2492 571 2547 pudentesque
583 2494 670 2546 effe,
689 2495 878 2536 familiare
889 2496 962 2536 est:

303 2552 369 2604 cui
408 2555 641 2592 contrarium
671 2552 745 2601 est,
784 2552 959 2602 Erubuit,

294 2605 406 2659 fizlua
424 2620 481 2645 res
501 2608 558 2659 est.
614 2612 701 2648 Hoc
728 2621 823 2661 ergo
847 2609 963 2648 dicit:

303 2665 389 2702 Nec
418 2663 544 2713 timet,
573 2665 720 2716 inquit,
750 2677 825 2703 nec
853 2664 962 2705 enim

306 2716 392 2771 (ΜΓ.
424 2717 573 2761 Βὸειιά.
606 2734 694 2761 cum
720 2721 811 2761 edit.
839 2724 901 2763 Du
920 2723 960 2761 B.

1511 673 1666 720 PA'M.

1008 814 1126 856 habet
1151 817 1248 870 eum)
1278 815 1474 868 poenitet,
1505 828 1579 856 nec
1601 829 1671 868 pu·

1010 873 1089 912 det.
1148 875 1198 912 D.
1509 916 1511 918 ,
1664 913 1666 915 ,

1065 929 1179 968 Color
1196 928 1350 981 pudoris
1358 926 1527 982 signum]
1557 928 1678 968 Alex?

1011 983 1101 1024 and.
1129 981 1331 1036 Aphrodis.
1350 982 1577 1035 problemat.
1598 983 1666 1023 lib.

1014 1052 1047 1081 1.
1078 1039 1142 1078 Ami
1169 1049 1201 1077 τὶ
1226 1038 1390 1085 αἰδέμενοι
1415 1042 1588 1086 ἒςυθςιῶω.
1619 1044 1674 1080 A·

1009 1094 1214 1146 ristophan.
1258 1097 1300 1134 in
1337 1095 1507 1146 Equitib.
1548 1093 1590 1138 ὥς
1631 1094 1670 1139 δὲ

1010 1149 1094 1197 πςδς
1123 1152 1187 1189 πᾶν
1214 1147 1425 1191 ἀναιδεύεται
1450 1150 1494 1198 ’tu‘
1515 1154 1669 1198 μεθίςησι

1009 1210 1058 1246 τέ·
1077 1203 1259 1252 χρώματος
1277 1209 1322 1251 'rii
1340 1205 1573 1253 παρεῖηκότος.
1600 1211 1641 1248 L.

1068 1264 1236 1302 Faernus
1273 1261 1384 1314 legit,
1405 1274 1547 1302 -v1DE
1583 1277 1671 1302 num

1014 1320 1090 1359 eius
1109 1329 1181 1357 ete.
1208 1329 1246 1358 et
1256 1329 1393 1357 omnes
1405 1315 1550 1368 vbique
1558 1318 1670 1359 codd.

1012 1377 1099 1428 Ego
1109 1373 1323 1427 legendum
1345 1384 1455 1426 puto,
1465 1400 1467 1402 v
1477 1373 1674 1414 Numnam·

1011 1433 1086 1470 eius
1104 1440 1240 1476 etQ-ne
1250 1425 1373 1470 versui
1383 1428 1477 1480 quid
1488 1428 1591 1469 defit.
1625 1432 1674 1474 13;

1070 1493 1091 1537 8
1129 1485 1348 1540 lmpozenti]
1381 1485 1502 1525 Nimis
1529 1496 1672 1539 poten-

1012 1544 1053 1582 ti.
1091 1544 1154 1583 vel
1187 1553 1293 1582 certe
1325 1540 1450 1582 debili
1470 1551 1525 1597 ¹et
1562 1540 1672 1582 deui-

1012 1600 1082 1640 510.
1137 1601 1188 1640 D.
1415 1642 1417 1644 ,

1061 1658 1125 1696 Ne
1150 1654 1384 1709 fugiendum
1400 1651 1444 1694 {it
1462 1666 1549 1693 cum
1560 1656 1671 1693 Faer-

1012 1726 1066 1752 no
1095 1711 1141 1751 ad
1161 1710 1386 1765 Synizefin,
1414 1709 1462 1750 ad
1483 1709 1672 1763 Pyrrichi-

1011 1780 1078 1807 um
1118 1767 1391 1816 efficiendum,
1430 1779 1501 1817 pro
1527 1766 1669 1806 Adeon·

1009 1825 1104 1878 lege
1123 1824 1238 1864 Adeo.
1295 1825 1336 1863 B.

1065 1893 1092 1933 9
1129 1881 1275 1920 Ciuium
1305 1892 1444 1918 morem
1480 1890 1592 1930 atque
1614 1877 1668 1916 Ie-

1009 1949 1109 1990 gem,
1137 1949 1174 1975 et
1185 1934 1256 2000 sqi
1281 1934 1507 1973 voluntatem
1520 1933 1667 1987 patris]

1008 1992 1100 2031 Tria
1121 2000 1317 2029 contemta
1335 1987 1437 2038 sunt,
1466 2002 1561 2038 mos,
1591 1990 1667 2039 lex,

1007 2048 1217 2099 imperium
1252 2045 1377 2096 patris.
1437 2045 1595 2085 Praeter
1621 2047 1670 2084 ci-

1010 2107 1111 2142 uium
1140 2102 1294 2156 morem]
1327 2101 1504 2148 Praeter,
1536 2112 1668 2142 contra

1011 2171 1119 2199 nunc
1138 2156 1334 2211 fignificat.
1391 2159 1441 2197 D.

1070 2227 1121 2257 10
1147 2214 1298 2268 Tamen]
1333 2215 1470 2264 Quum
1497 2225 1579 2251 non
1608 2211 1669 2251 di-

1009 2272 1109 2310 xerit
1127 2273 1306 2324 quamuis,
1338 2267 1501 2308 subiecit
1519 2282 1642 2307 tamen
1653 2284 1669 2307 :

1010 2339 1051 2369 et
1066 2326 1189 2380 figura
1207 2325 1260 2365 est
1277 2324 1486 2364 &vano'msssom
1542 2326 1592 2364 D.

1068 2384 1162 2423 Cum
1199 2381 1344 2432 stimmo
1375 2379 1570 2434 probro?]
1617 2382 1664 2419 In

1010 2436 1082 2482 Ms.
1109 2444 1150 2481 R.
1179 2439 1229 2477 fic
1246 2439 1403 2490 legitur:
1441 2436 1578 2475 Tamen
1601 2434 1668 2474 ha-

1012 2497 1094 2537 bere
1128 2499 1253 2548 cupiat
1287 2507 1370 2534 cum
1391 2491 1539 2542 ficmmo
1569 2504 1663 2545 pro-

1013 2553 1093 2594 br0.
1148 2556 1189 2593 L.

1066 2612 1141 2648 Pro
1151 2606 1300 2659 studeat
1319 2605 1360 2642 in
1378 2604 1477 2645 Edit.
1492 2602 1665 2656 Sandby-

1012 2663 1091 2704 enfi
1109 2664 1250 2718 legitur
1268 2664 1412 2714 cupiam
1442 2659 1547 2711 quod
1577 2658 1667 2699 sane

1011 2722 1158 2763 Simoni
1175 2721 1271 2760 irato
1286 2718 1408 2770 aptius
1428 2716 1587 2755 videtur.
1624 2719 1666 2757 Z.
