1815 3168
340 157 466 186 vax
544 108 548 112 ·
736 137 900 181 DAN.
934 135 1301 188 HEINSIVS,

340 260 623 313 Neoptolemo,
659 271 679 295 a
699 269 774 308 quo
793 256 979 307 pleraque
994 265 1203 306 'praecepta
1221 251 1283 292 sua
1304 254 1345 292 in
1366 251 1440 291 hoc
1460 251 1598 304 scripto
1618 251 1707 291 hau·

342 318 405 367 fit,
434 315 668 370 fugiendum
692 323 850 352 monet:

517 372 597 410 Nec
619 372 720 410 Deus
742 364 906 417 interfit,
938 364 1016 417 mfi
1027 365 1165 419 dignus
1191 363 1334 404 vindice
1359 365 1474 405 nodus

512 428 703 467 Incidet-it.

342 487 425 528 Vbi
456 487 573 524 nodus
597 481 651 521 est
679 487 697 525 ἡ
725 485 832 526 δέσις,
858 491 957 529 quae
983 475 1176 516 interdum
1208 487 1285 526 ope
1309 474 1477 516 humana
1505 472 1598 514 solui
1626 486 1708 514 non

344 542 482 596 potest.
539 540 618 590 Qui
646 536 825 587 quidem,
854 533 922 573 nili
953 544 1105 584 praeter
1128 535 1272 571 Poetae
1297 528 1531 582 voluntatem
1567 541 1632 569 aut
1659 543 1710 569 ex

343 597 566 652 argumenti
594 594 749 632 eueniat
779 589 1018 635 neceffitate,
1048 600 1130 625 non
1157 601 1179 626 a
1196 589 1302 633 Deo,
1329 587 1434 638 quod
1461 588 1625 625 cuiusuis
1654 598 1710 625 et-

344 657 423 696 iam
443 648 710 704 imperitiffimi
729 646 783 686 est
803 645 980 692 hominis,
1001 656 1135 683 verum
1152 657 1174 682 a
1191 646 1307 682 Poeta
1325 639 1416 681 solui
1436 642 1564 681 debet.
1619 645 1709 682 Rur-

346 710 405 752 sus
433 709 526 748 {icut
552 707 672 758 piclor
690 704 814 756 primo
834 701 1020 742 ambitum
1039 699 1234 747 delineat,
1260 698 1407 737 deinde
1424 697 1571 752 lingula
1592 696 1710 737 absol-

344 769 429 813 uit,
461 767 509 803 ita
537 760 684 814 sapiens
705 763 822 799 Poeta
851 758 1044 796 actionem
1068 753 1169 794 suam
1191 751 1473 807 circumscribit.
1527 756 1708 802 Primum,

346 834 387 862 vt
408 821 451 860 sit
470 831 570 859 tota:
603 817 676 856 hoc
696 815 769 864 est,
801 825 839 853 vt
858 812 1114 866 principium,
1144 822 1182 849 vt
1208 809 1329 850 finem
1359 809 1499 849 habeat
1524 821 1562 850 et
1587 810 1709 849 medi-

347 892 434 918 um:
461 888 561 928 quae
590 874 631 912 iu
659 871 829 911 minimis
861 881 1021 921 quoque
1051 864 1129 906 esse
1156 864 1323 919 poffunt.
1382 866 1551 909 Minima
1578 877 1709 905 autem

345 931 495 975 sensum
513 933 576 970 vix
594 928 818 968 admittunt:
850 938 992 977 magna
1011 923 1174 962 nimium
1194 921 1444 975 {disper-gunt.
1496 922 1555 962 Sic
1580 920 1712 961 formi-

345 1004 431 1030 cam
458 989 519 1027 vix
549 985 742 1043 fidemus:
766 983 808 1022 in
837 979 1042 1033 conspeetu
1068 977 1268 1031 elephanti
1297 978 1394 1018 visus
1425 978 1488 1017 vix
1504 977 1708 1031 colligitur.

348 1048 485 1098 Quare
506 1038 750 1085 Comoediae
768 1037 1093 1092 Tragoediaeque
1113 1034 1356 1088 magnitudo,
1386 1029 1426 1073 et
1444 1034 1640 1087 periodus,
1669 1044 1710 1072 vt

346 1116 435 1143 cum
454 1095 688 1150 Philosopho
710 1095 783 1135 hoc
804 1094 947 1142 dicam,
978 1105 1001 1131 e
1021 1103 1154 1131 natura
1172 1089 1367 1142 vtriusque
1388 1102 1427 1129 et
1449 1091 1597 1129 ratione
1626 1087 1740 1142 pets*
1758 1091 1761 1096 “

347 1158 506 1198 debent.
563 1157 631 1203 Et,
665 1152 879 1192 mutatione
907 1149 1061 1201 prima,
1081 1146 1158 1187 hoc
1183 1147 1258 1193 est,
1289 1160 1374 1185 cum
1401 1145 1629 1185 infelicitate
1659 1145 1710 1185 ad

345 1215 575 1256 felicitatem
604 1211 645 1249 in
677 1206 911 1255 Comoedia,
940 1216 1072 1244 contra
1100 1214 1228 1242 autem
1257 1203 1298 1242 in
1324 1202 1544 1255 Tragoedia
1570 1202 1709 1240 mutari

346 1269 472 1324 potest
499 1268 618 1307 auios
641 1267 693 1305 ita
721 1275 761 1304 vt
779 1277 827 1303 ex
848 1271 1077 1315 argumento
1105 1259 1221 1305 nihil,
1250 1257 1354 1310 quod
1385 1257 1431 1297 ad
1452 1270 1534 1296 rem
1555 1255 1710 1309 speclet,

346 1325 543 1380 praemitti
570 1321 613 1361 fit
640 1317 806 1360 necesse.
865 1321 1044 1359 Summus
1064 1315 1255 1356 Aristoteli
1285 1313 1450 1353 ambitus
1478 1312 1586 1351 vuius
1611 1312 1710 1352 Solis

347 1382 420 1423 est:
448 1379 569 1432 potest
596 1375 674 1417 effe
704 1377 850 1426 aliquot
880 1373 1073 1412 horarum.
1133 1372 1226 1420 Qua
1259 1370 1300 1407 in
1328 1379 1435 1421 parte
1459 1367 1711 1408 admirandus

346 1436 562 1489 Sophocles
581 1429 881 1482 Terentiusque.
937 1429 1089 1468 Plautus
1111 1439 1201 1466 vero
1219 1437 1365 1464 nouem
1381 1422 1529 1464 menses
1542 1438 1617 1464 vno
1627 1423 1713 1463 dra·

346 1491 452 1534 mate
470 1490 694 1542 complexus
713 1487 780 1527 est.
837 1489 891 1527 Vt
911 1485 973 1524 vix
992 1484 1114 1522 maior
1133 1479 1376 1534 ampliorque
1386 1482 1618 1521 Homericae
1627 1481 1712 1520 llia-

347 1551 438 1594 dos,
469 1561 583 1600 quam
603 1542 899 1596 Amphitryonis
917 1541 958 1580 fit
975 1538 1172 1593 periodus.
1225 1538 1445 1577 Alcumena
1472 1548 1601 1576 autem
1621 1550 1713 1590 con·

349 1607 444 1657 cipit
463 1616 502 1644 et
520 1603 630 1655 parit.
688 1599 806 1651 Quod
828 1597 853 1637 fi
873 1597 984 1636 fieret
1000 1595 1160 1646 vbique,
1190 1594 1298 1633 nullo
1318 1591 1492 1645 episodio
1519 1595 1595 1634 iam
1614 1606 1711 1643 opus

349 1660 464 1703 efl'et:
503 1659 671 1709 ideoque
698 1668 774 1696 nec
801 1667 858 1693 ars
886 1650 998 1701 esset,
1027 1649 1193 1690 scribere
1218 1649 1483 1692 Comoediam.
1541 1652 1713 1700 Praeter-

349 1732 467 1770 quam
485 1715 589 1767 quod
606 1713 649 1752 fit
668 1710 827 1751 monstri
846 1709 970 1755 instar,
994 1719 1032 1747 et
1054 1720 1143 1746 cum
1160 1707 1308 1749 ratione
1327 1718 1369 1744 ac
1388 1717 1522 1744 natura
1545 1715 1711 1758 pugnet,

349 1785 389 1814 vt
408 1785 508 1825 quae
529 1770 637 1810 simul
657 1779 697 1807 et
720 1766 912 1818 concipiat
933 1775 972 1803 et
989 1764 1120 1816 pariat.
1181 1763 1323 1813 Qualia
1349 1757 1540 1799 nonnulla
1567 1762 1609 1800 in
1630 1757 1713 1800 scri·

351 1842 465 1882 ptore
488 1828 558 1866 hoc
579 1824 745 1865 summus
771 1823 1004 1865 Crit‘icorum
1022 1816 1343 1871 CaesarScaliger
1361 1818 1526 1856 notauit.
1585 1821 1714 1869 Atque

350 1887 443 1926 haec
471 1885 684 1923 vitane-rant
709 1885 854 1921 Poetae
876 1878 1038 1924 Graeci,
1070 1888 1232 1926 quorum
1261 1873 1394 1926 scripta
1420 1873 1483 1912 hie
1508 1883 1715 1926 tantopere

350 1939 602 1982 commendat
622 1938 796 1978 Flaccus:
819 1933 1014 1975 Technici
1034 1930 1293 1978 Graecorum,
1331 1929 1528 1981 quomodo
1557 1930 1711 1969 vitanda

351 1997 477 2039 effent
502 2010 542 2035 ac
561 1993 755 2041 cauenda,
784 1988 897 2042 saepe
922 1990 1166 2028 inculcarunt
1183 1984 1268 2025 suis.
1321 1987 1473 2025 Plautus
1494 1982 1627 2037 susque
1646 1981 1712 2025 de-

351 2069 428 2107 que
453 2052 607 2097 habuit,
634 2061 671 2088 vt
696 2052 737 2088 in
759 2047 943 2098 Captiuis.
1005 2047 1134 2095 Quam
1157 2043 1345 2081 incuriam
1363 2045 1588 2094 Poeta-cum
1607 2037 1711 2082 vide-

352 2123 419 2160 ret,
444 2110 646 2148 continere
667 2103 705 2145 se
726 2117 807 2143 non
826 2103 961 2154 potuit,
985 2102 1079 2152 quin
1099 2099 1351 2139 exclamaret:

797 2172 865 2198 vos
893 2157 1115 2210 exemplaria
1141 2155 1284 2194 Graeca

465 2220 663 2260 Nocturna
680 2215 824 2266 verfiite
838 2227 972 2260 manu,
1002 2228 1066 2252 ver
1086 2225 1144 2250 ate
1166 2212 1315 2250 diurna.

351 2278 501 2319 Contra
533 2274 819 2328 negligentiam
839 2269 998 2310 'suorum
1024 2280 1062 2309 et
1095 2269 1283 2307 incuriam
1312 2263 1528 2320 grauissime
1557 2274 1714 2307 taxaret.

351 2330 503 2385 Quidni
526 2333 632 2369 enim
656 2331 721 2382 qui
741 2329 814 2367 hoc
833 2339 914 2367 tum
932 2325 1095 2380 agebat„
1122 2323 1228 2375 quod
1250 2333 1342 2361 ante
1359 2321 1450 2360 euni
1465 2320 1712 2362 Aristoteles:

301 2407 303 2416 2
353 2391 419 2441 qui
443 2389 584 2438 vbique
599 2385 828 2437 Euripidem
849 2394 888 2422 et
906 2384 998 2421 alios
1012 2383 1059 2421 in
1079 2377 1447 2431 illis‚1·eprehendit:
1477 2391 1566 2416 nam
1577 2377 1626 2415 de
1639 2381 1714 2420 Co-

351 2447 463 2485 micis
492 2457 591 2495 quae
622 2438 780 2494 scriplit,
808 2439 928 2478 hodie
956 2452 1037 2480 non
1059 2436 1215 2477 exstant.
1273 2432 1577 2474 Porro'fimulac
1594 2426 1713 2473 Poe'ta

353 2503 560 2543 Actionem
587 2498 724 2546 habet,
762 2498 890 2535 locum
917 2508 1074 2546 quoque
1104 2501 1140 2531 vt
1169 2489 1311 2534 affloni¹
1338 2488 1423 2536 det,
1463 2487 1614 2529 necesse
1639 2487 1707 2538 est,

353 2554 444 2609 quia
463 2557 541 2595 line
561 2556 647 2593 loco
667 2553 749 2592 fieri
770 2553 824 2591 nil
846 2550 980 2603 potest.
1039 2549 1113 2589 Hic
1142 2558 1271 2586 autem
1296 2547 1402 2589 locus
1430 2544 1527 2588 emm*
1548 2550 1714 2592 δράματος

349 2613 377 2668 ’ξι
396 2613 545 2657 Criticis
574 2622 750 2660 vocatur,
782 2608 888 2648 cuius
916 2606 1034 2647 finem
1061 2603 1246 2650 tranliliie
1272 2600 1396 2642 nefa's.
1452 2605 1581 2643 Nemo
1605 2600 1713 2641 enim

525 2667 530 2671 ’
763 2661 769 2666 ’
975 2659 982 2666 ’
1057 2657 1086 2665 ’“
1194 2657 1203 2662 ”
1315 2657 1349 2662 ..
1396 2668 1398 2670 ’
1537 2653 1714 2708 τῖῆῐηροῖθ
