1815 3168
622 119 703 164 IN
733 119 1052 167 EVNVCH.

137 238 256 284 xerit3
286 234 503 277 huiusmodi
522 238 628 278 enim
649 239 702 278 est
711 236 793 279 Lus-

139 294 187 331 cii
215 304 506 345 argumentum:
547 293 795 341 Adolescens,

139 349 205 399 qui
218 354 314 387 'rem
333 347 559 388 familiarem
590 350 639 390 ad
660 353 798 402 nequi-

140 406 232 443 tiam
257 404 510 457 prodegerat,
541 403 691 446 seruum
712 408 794 446 mit-

138 461 183 500 tit
191 459 239 499 ad
251 462 365 512 patris
376 461 796 515 monumentum,quod

130 513 258 556 Ienex
273 516 342 555 fibi
362 517 472 556 viuus
489 520 640 572 magnis
660 518 796 570 opibus

139 581 397 622 apparauerat‚
427 584 466 611 vt
483 572 523 612 id
543 576 728 627 aperiret,
754 575 798 613 il-

131 626 280 667 laturus
305 629 448 680 epulas,
478 642 570 680 quas
588 642 696 683 pater
713 629 798 684 post

138 697 283 723 annum
321 684 515 723 decimum
551 698 703 727 cauerat
730 686 797 726 fibi

137 737 280 778 inferri.
313 738 378 779 sed
388 753 477 780 eum
496 755 644 795 agrum,
664 743 705 782 in
719 755 797 794 quo

137 807 435 835 monumentum
455 809 550 845 erat,
577 797 695 838 senex
717 800 797 850 qui·

137 851 225 890 dam
253 865 388 891 auarus
415 852 462 891 ab
490 852 740 896 adolescente
758 868 797 893 e-

128 918 269 950 merat.
315 910 453 948 Seruus
478 909 525 948 ad
541 910 798 961 aperiendum

136 975 434 1003 monumentum
461 967 604 1005 auxilio
633 964 716 1006 vsus
744 964 798 1006 se-

134 1019 208 1068 nis,
228 1017 444 1074 thesaurum
457 1034 544 1061 cum
555 1022 717 1074 epistola
729 1023 799 1062 ibi-

137 1075 228 1114 dem
269 1077 422 1128 reperit.
477 1080 609 1119 Senex
652 1077 799 1118 thesau-

135 1145 219 1186 rum
240 1143 423 1184 tanquam
445 1148 468 1173 a
497 1132 535 1173 se
557 1147 627 1186 per
661 1136 798 1174 tumul-

137 1198 218 1226 tum
239 1187 417 1227 hostilem
437 1190 515 1229 illic
536 1189 727 1231 defofi'um
743 1204 800 1230 re-

135 1243 253 1290 tinet,
289 1254 329 1283 et
362 1243 430 1283 fibi
458 1246 636 1286 vindicat.
693 1248 797 1288 Ado-

136 1297 284 1353 lescens
327 1299 495 1340 iudicem
530 1304 652 1354 capit:
694 1303 796 1354 apud

137 1368 256 1406 quem
286 1358 391 1407 prior
411 1354 545 1404 senex,
576 1359 642 1408 qui
663 1372 798 1397 aurum

137 1412 301 1458 retinet,
332 1410 478 1450 causam
506 1409 608 1452 suam
627 1412 676 1452 fic
692 1415 796 1467 agit:

136 1467 397 1518 Athenierzfts,
436 1467 561 1507 bellum
590 1481 670 1508 cum
699 1470 796 1509 Rho-

136 1519 318 1572 dieitszbus
339 1521 603 1577 Qodfuerit,
623 1526 716 1578 quid
729 1539 796 1580 ego

136 1578 193 1617 hic
207 1579 436 1630 pmedicem?
456 1582 581 1631 (Haec
604 1580 719 1620 verba
730 1594 798 1619 no-

137 1646 224 1679 tata,
246 1631 323 1672 effe
338 1635 416 1673 duo
437 1632 560 1674 versus
578 1636 690 1686 ipsius
712 1633 796 1676 Lus-

136 1692 196 1738 cii,
217 1692 361 1742 primus
374 1689 635 1743 deprehendit
644 1693 796 1732 Bentle-

136 1747 204 1784 ius.
236 1750 293 1796 Z.)
324 1758 362 1784 et
382 1759 548 1795 caetera,
579 1760 682 1798 quae
705 1760 794 1787 con-

136 1813 193 1840 tra
217 1813 389 1840 naturam
408 1801 576 1854 iurisque
596 1801 796 1843 consuetu-

134 1859 268 1904 dinem
289 1858 407 1909 pofita
433 1869 663 1911 argumenta
685 1868 796 1899 notat

107 1920 112 1926 ”
131 1915 360 1953 Terentius:
391 1914 495 1965 quod
521 1915 585 1953 ille
607 1915 703 1955 'ordo
725 1928 794 1966 po-

133 1970 207 2008 tior
234 1980 335 2016 erat,
372 1980 411 2009 vt
438 1969 658 2010 adolescens
685 1973 791 2024 prior

134 2037 373 2077 proponeret
403 2024 571 2074 causam,
600 2029 666 2080 qui
694 2028 792 2080 peti-

133 2093 191 2132 tor
211 2081 416 2121 inducitur.
472 2086 525 2125 D.

190 2137 357 2190 82²·ipsz't,
393 2138 539 2190 casdim}
569 2139 706 2193 dicere]
745 2141 791 2180 In

134 2192 347 2234 Comoedia
387 2193 446 2233 sua
480 2194 553 2233 hoe
585 2209 792 2248 argumen-

135 2258 214 2286 tum
241 2249 313 2288 est:
347 2250 517 2301 Quidam
548 2256 681 2305 agrum
702 2265 792 2291 ven-

135 2303 252 2344 didit:
282 2306 357 2344 illic
383 2307 515 2346 habuit
532 2309 695 2359 patrium
711 2321 792 2347 mo-

136 2361 374 2411 nimentum,
417 2364 457 2401 in
486 2377 562 2414 quo
595 2361 791 2402 thesauros

134 2427 259 2454 emtor
271 2417 438 2457 inuenit:
461 2421 650 2471 comperit
663 2429 790 2458 emtor

133 2472 331 2522 (venditor
356 2477 436 2525 Z.):
464 2475 505 2513 in
528 2476 714 2514 iudicium
726 2488 789 2514 ve-

134 2528 248 2565 nitur.
309 2529 453 2580 Vtique
493 2544 541 2569 ex
569 2533 721 2571 ratione
750 2543 788 2571 et

133 2594 183 2621 ex
201 2581 479 2624 consuetudine
491 2588 596 2637 prior
611 2588 713 2639 loqui
725 2587 789 2627 de-

129 2635 201 2677 bet
221 2639 296 2687 ille,
319 2640 384 2691 qui
405 2642 513 2693 petit,
569 2644 714 2683 Petitor
727 2657 791 2683 au-

1412 124 1502 179 265

847 250 926 278 tem
945 236 1007 278 hic
1028 237 1209 278 venditor
1222 238 1296 277 est:
1329 250 1365 278 vt
1380 237 1508 278 secun·

847 293 897 333 do
917 295 1004 333 loco
1023 291 1266 346 respondeat,
1295 309 1316 333 a
1339 308 1415 346 quo
1441 308 1508 346 pe·

846 352 947 398 titur,
970 349 1046 389 hoc
1058 349 1122 398 est,
1139 361 1272 388 emtor.
1304 355 1355 390 At
1375 362 1509 389 contra

845 403 998 448 Luscius
1017 406 1215 446 Lanuinus
1235 404 1347 456 fecit,
1380 417 1417 444 vt
1436 407 1508 456 pri-

848 476 891 501 or
925 463 1166 514 loqueretur,
1212 462 1317 501 vnde
1353 462 1508 513 petitur,

847 532 963 570 quam
984 519 1064 563 ille,
1086 520 1153 570 qui
1173 519 1281 569 petit.
1313 521 1415 570 Ergo
1426 530 1512 568 pro·

847 574 985 627 politio
1014 575 1184 613 criminis
1223 572 1406 612 collocata
1434 571 1511 611 est:

845 631 987 683 incipit
1006 631 1112 669 enim
1141 631 1222 669 eius
1242 627 1374 668 causae
1394 642 1510 679 quae·

847 686 930 726 stio.
991 689 1051 726 Ac
1090 687 1217 739 primo
1249 683 1512 737 praescriptio-

848 743 913 781 nis
932 741 986 781 est
1007 741 1136 792 status,
1158 741 1359 793 potestque
1378 741 1509 780 dicere

846 796 1000 839 Luscius
1030 798 1240 842 Lanuinus,
1272 794 1508 849 reprebendi

847 868 928 893 non
964 852 1123 905 possum.
1178 854 1323 894 Placuit
1356 854 1396 892 in
1437 852 1532 893 hac,

849 910 1053 950 comoedia
1098 910 1198 949 hanc
1248 907 1509 960 praescriptio-

847 980 942 1006 nem
976 963 1071 1005 solui
1109 965 1177 1004 sic:
1216 966 1277 1005 Ne
1295 965 1510 1016 frustretur

848 1022 992 1075 ipftfi,
1022 1021 1153 1073 autfi'c
1171 1025 1329 1077 cogitet:
1363 1022 1509 1074 Defun-

846 1081 924 1118 ctus
950 1077 1132 1130 iamficm,
1153 1078 1252 1117 nihil
1268 1076 1315 1129 est
1334 1079 1434 1132 quod
1454 1078 1509 1117 di-

847 1148 907 1175 cat
934 1135 1036 1174 mihi.
1092 1133 1168 1174 Sed
1198 1133 1299 1173 hanc
1331 1133 1510 1184 praescri-

847 1192 1026 1243 ptionem
1041 1189 1171 1238 donat,
1194 1201 1232 1229 et
1243 1190 1438 1237 admonet,
1454 1203 1508 1229 ne

846 1258 1002 1299 peccet3
1042 1259 1157 1298 quam
1186 1260 1267 1285 rem
1296 1245 1423 1286 subtili
1450 1258 1509 1285 ac-

848 1300 1046 1341 cusatione
1074 1300 1301 1353 composuit.
1356 1305 1414 1342 Ex
1432 1300 1508 1340 hoc

847 1359 954 1397 enim
974 1358 1056 1407 plus
1077 1355 1292 1397 accusatur:
1317 1356 1508 1408 siquidem

847 1413 899 1452 de
927 1413 1145 1465 praeteritis
1164 1411 1214 1457 „se
1243 1413 1391 1452 donare
1421 1427 1507 1465 pro-

845 1471 964 1508 mittit
984 1469 1151 1514 crimen,
1189 1479 1385 1508 et³monet
1405 1468 1506 1520 quali

846 1525 987 1564 iterum
1009 1536 1271 1576 peccaturum.
1328 1526 1448 1565 Simul
1468 1535 1508 1563 et

846 1581 920 1619 alia
947 1581 1064 1618 multa
1096 1580 1256 1619 crimina
1292 1577 1331 1621 se
1359 1580 1508 1619 donare

847 1635 959 1680 dicit;
987 1648 1092 1673 nunc
1112 1636 1233 1681 nolle,
1257 1646 1295 1675 et
1312 1635 1507 1675 nihilomi-

845 1703 916 1730 nus
937 1690 1071 1743 postea
1094 1691 1202 1730 nolle
1228 1693 1361 1745 (lege,
1398 1691 1506 1744 velle)

843 1746 1096 1794 maledicere,
1127 1746 1154 1786 fi
1180 1757 1260 1786 tum
1287 1748 1414 1788 laedat
1433 1749 1506 1786 ini-

842 1803 985 1842 micus:
1016 1802 1153 1854 quibus
1183 1801 1295 1842 rebus
1323 1815 1362 1843 et
1385 1802 1506 1853 perso·

845 1872 936 1898 nam
966 1856 1069 1898 suam
1090 1859 1358 1908 commendat,
1386 1870 1425 1899 et
1442 1860 1507 1899 ad·

843 1912 1051 1954 uei-sarium
1061 1915 1108 1954 ad
1122 1914 1425 1956 confirmandam
1437 1917 1507 1955 im-

840 1970 1068 2024 pudentiam
1088 1971 1235 2010 iniecit.
1293 1974 1337 2012 E.

893 2030 1019 2080 Atque
1037 2026 1298 2081 aThensc'zuro]
1319 2030 1369 2067 Ita
1392 2026 1505 2076 pluri-

841 2084 895 2124 mi
915 2094 1005 2124 vett,
1026 2084 1067 2122 in
1079 2085 1200 2137 Regio
1223 2094 1354 2123 tamen
1373 2096 1505 2123 exem·

843 2141 960 2191 plari,
996 2152 1106 2192 atque
1135 2155 1156 2178 a
1175 2138 1363 2189 thesauro.
1424 2139 1504 2179 Sed

841 2195 1085 2246 Thmfhurm,
1097 2194 1337 2245 Formonfics,
1348 2195 1505 2247 aliaque

840 2250 975 2291 fimilia
1011 2251 1104 2289 olim
1139 2250 1346 2299 dicebant,
1383 2262 1422 2289 vt
1460 2252 1501 2290 in

840 2307 1032 2348 Pandeee
1044 2307 1282 2355 Florentino,
1295 2306 1503 2348 Codfrhe-

841 2361 945 2403 odos.
958 2362 1083 2403 Schol.
1099 2366 1234 2403 quen.
1253 2375 1291 2401 et
1303 2362 1392 2402 alibi
1407 2363 1502 2417 legi-

840 2429 909 2459 tur.
947 2417 1170 2470 Thqfiaurum
1182 2419 1400 2460 Menander
1420 2417 1502 2458 scri-

839 2474 965 2528 pserat
1005 2485 1044 2514 et
1086 2474 1287 2515 Philemo:
1332 2487 1502 2526 eamque

837 2532 989 2571 Plautus
1018 2532 1148 2580 vertit,
1185 2542 1222 2568 vt
1252 2529 1332 2582 ipse
1357 2533 1500 2582 inquit,

843 2589 1097 2628 Trinummum
1125 2602 1278 2627 vocans.
1334 2591 1372 2627 L.

947 2646 979 2684 R
1013 2654 1036 2697 5
1410 2644 1494 2679 xiil
