1815 3168
715 112 1011 162 ANDRIA.

1440 135 1569 188 237⁶*

302 239 374 285 De
397 252 544 288 vxore‚
570 238 629 282 ita
647 247 694 284 vt
714 236 894 302 poffedi,
915 240 1026 287 nihil
1039 252 1177 290 mutat
1189 244 1410 299 Chremes,
1433 250 1534 301 CH.

401 311 519 357 causa
545 310 796 376 optuma'st:

302 384 398 433 Nifi
429 386 534 449 quid
567 399 690 451 pater
723 392 780 435 ait
803 390 932 437 aliud.
969 388 1123 438 ΡΑΜ.
1162 411 1340 461 nempe.
1381 396 1455 446 SI.
1488 404 1535 450 id

398 462 566 509 scilicet.
607 459 713 510 CH.
755 464 847 518 dos,

302 541 470 584 Decem
503 539 671 587 talenta.
707 539 742 586 P
759 553 787 584 A
805 554 857 585 M.

868 467 1106 530 Pamphile,
1138 468 1198 514 est

896 544 1075 605 accipio.
1114 539 1220 592 CH.
1255 564 1451 613 propero
1480 553 1533 598 ad

398 611 545 661 filiam.
581 615 676 679 eho,
686 630 874 668 mecum,
901 618 1046 663 Crito:

167 880 244 919 quo
275 867 419 917 leporis
449 868 502 909 est
520 870 743 921 plurimum,
769 871 821 910 Ie-

163 925 273 977 pidus
299 922 444 964 dicitur.
501 929 601 967 Nam
639 928 740 980 lepos
767 926 822 966 est

167 978 353 1021 venustas.
410 984 459 1023 D.

221 1040 276 1088 46
308 1036 385 1076 Nil
408 1051 527 1077 mutat
560 1038 740 1092 Chremes]
767 1043 821 1080 Vt

169 1104 302 1145 neque
324 1093 588 1133 conditionem
608 1109 750 1134 nouam
764 1095 820 1136 fe-

168 1160 247 1195 rat,
285 1158 323 1186 et
348 1151 478 1189 omnia
508 1163 609 1201 quae
630 1153 712 1190 eius
741 1151 825 1192 fue·

170 1213 270 1255 runt,
293 1202 441 1244 habeat.
497 1209 540 1246 E.
810 1214 814 1221 ²

227 1273 283 1316 47
319 1259 460 1313 Nempe
475 1261 635 1313 seilicet]
672 1263 825 1315 Nempe,

170 1327 209 1354 et
233 1319 385 1363 Scilicet,
416 1316 602 1367 dicentes,
630 1332 747 1358 manu
763 1320 827 1357 vel

168 1374 437 1413 vultu-dotem
463 1372 687 1425 fignificant.
720 1375 825 1426 quod
851 1383 853 1386 ’

1411 739 1535 784 Nam

871 869 1116 926 seconiuges
1149 903 1157 912 .
1245 906 1253 915 .
1293 877 1532 930 an<s1nean

871 938 911 967 et
929 927 1038 980 fignn
1049 931 1213 969 lacunae
1225 929 1351 980 posuit
1364 935 1532 975 VVester-

870 984 1030 1036 houius)
1050 989 1336 1039 moreantiquo
1367 1021 1375 1030 .
1408 1022 1415 1030 .
1447 993 1532 1043 (co-

870 1052 1005 1079 emunt
1015 1043 1051 1092 ¹⁶)
1072 1055 1146 1092 qua
1162 1045 1383 1085 coemtione
1392 1059 1530 1086 mater.

868 1095 1028 1136 familias
1056 1098 1191 1136 dicitur
1227 1101 1257 1138 ’‘-
1311 1105 1356 1142 E.

938 1152 1023 1192 Dos
1083 1153 1131 1206 est
1185 1156 1302 1195 decem
1352 1158 1488 1198 talenta
1507 1159 1528 1214 ]

871 1208 1008 1248 Allufit
1035 1209 1081 1248 ad
1113 1209 1370 1252 hunc'locum
1395 1215 1530 1255 Sidon.

872 1266 1045 1315 Apollin.
1066 1265 1132 1304 lib.
1154 1280 1206 1306 11.
1231 1272 1302 1320 Ep.
1321 1282 1375 1309 x1.
1411 1273 1542 1310 Nam-‘
1560 1280 1568 1287 ’

874 1332 940 1371 que
961 1334 1004 1359 vt
1017 1320 1189 1372 sitmiliae
1202 1323 1390 1375 [iaperiori
1402 1340 1472 1378 prr
1481 1326 1530 1377 fi-

873 1376 962 1414 liam
981 1376 1137 1425 filum,
1174 1392 1388 1432 quamquam
1422 1383 1530 1422 hone·

169 1442 260 1468 mox
281 1429 466 1481 intelligit
488 1427 685 1469 Chreme&
742 1431 823 1470 Alii
862 1430 1046 1484 stgffimam
1065 1435 1300 1488 iungeretur,
1326 1450 1455 1477 contra
1477 1442 1530 1478 ri-

168 1486 238 1524 ἂπδ
263 1490 310 1524 τέ
329 1485 485 1537 [bilicet²
507 1484 728 1526 Chremetis
739 1499 822 1538 per-

170 1539 300 1581 sonam
333 1540 490 1587 faciunt
506 1542 699 1591 (Dacieria
730 1556 822 1580 con-

168 1598 294 1638 tendit
317 1608 438 1647 nempe
455 1606 494 1634 et
507 1596 656 1646 seilicet
676 1596 823 1636 habere

167 1655 245 1693 vim
263 1650 491 1692 affentiendi
510 1663 549 1691 et
568 1653 823 1703 comproban-

169 1710 220 1758 di,
245 1721 286 1748 et
305 1709 400 1749 haec
425 1705 531 1746 simul
553 1722 574 1746 a
595 1707 674 1746 filio
704 1719 742 1748 et
759 1724 824 1761 pa-

167 1777 280 1806 rente
307 1764 560 1817 pronunciari.
599 1767 636 1805 Z.
663 1770 673 1803 .’
723 1763 820 1814 Dos,

166 1821 362 1873 Pamphile,
383 1820 448 1873 est]
476 1819 520 1859 1d
539 1819 601 1868 est,
648 1821 821 1873 amphilo

168 1892 238 1931 pro
266 1891 383 1916 vxore
402 1875 593 1915 dabuntur
612 1876 750 1917 decern
770 1887 822 1919 ta-

166 1936 280 1974 lenta.
334 1936 382 1974 D.
714 1962 716 1965 .

150 2029 161 2037 ,,
222 1989 413 2042 Νξβῳιὶά
430 1993 557 2042 pater]
589 1988 683 2041 (Hie
710 1989 823 2044 intell·

166 2047 238 2100 ligi
267 2048 345 2085 vult
363 2043 568 2093 Chremes,
598 2045 697 2084 nihil
715 2043 752 2085 se
773 2046 824 2085 de

167 2103 280 2142 bonis
298 2101 469 2155 Glycerii
495 2101 728 2149 ablaturum,
759 2100 824 2144 sed

170 2171 355 2211 quaerere
378 2169 430 2196 ne
454 2156 617 2208 amplius
648 2158 740 2208 quid
760 2171 823 2198 ve-

169 2215 212 2255 lit
238 2214 289 2266 ⁴¹).
345 2216 497 2263 Nempe
520 2212 592 2252 hoc
619 2213 737 2253 verbo
766 2215 823 2254 in-

171 2271 268 2311 dicat
287 2269 449 2324 (dotem,
472 2279 514 2307 'et
533 2269 633 2320 quafi
650 2284 767 2309 manu
782 2272 820 2323 ¹⁵)

173 2357 181 2367 .
241 2357 249 2366 .
306 2351 319 2358 -
373 2324 482 2364 vestis
521 2334 720 2378 tangatur,
771 2327 822 2366 ita

169 2381 340 2436 intelligi*
355 2380 483 2429 debet,
507 2393 546 2420 vt
564 2381 696 2422 dotem
707 2395 823 2435 expe—

172 2450 256 2479 tere
290 2438 496 2479 videatur:
547 2438 640 2477 Ideo
682 2439 823 2478 adiecit

169 2494 320 2541 scilicet,
331 2494 530 2547 postquam
540 2494 764 2548 (plusquam,
774 2496 827 2535 le-

172 2554 243 2605 ge)
273 2551 462 2589 intellexit
493 2553 509 2571 '⁰
533 2553 632 2591 Nam
659 2553 822 2603 antiqui-

171 2617 230 2645 tus
250 2606 316 2645 dos
333 2606 491 2645 dabatur
501 2620 523 2644 a
533 2618 639 2657 patre
650 2609 817 2658 puellae.

172 2662 234 2703 Est
253 2675 276 2714 q
307 2692 316 2703 .
356 2693 364 2704 .
403 2665 550 2716 (autem
575 2662 615 2716 Ὀ
647 2662 714 2702 dos
742 2677 819 2715 quo

869 1502 996 1542 gorem
1016 1491 1122 1526 ciuici
1141 1494 1273 1540 inuris,
1292 1492 1528 1543 splendidam

870 1557 911 1582 vt
919 1544 1071 1594 ferunt,
1092 1546 1210 1584 dotem
1224 1548 1393 1588 Chremes
1406 1551 1529 1602 noster
1558 1564 1560 1566 ’

871 1599 1062 1650 Pamphilo
1074 1600 1146 1649 fico
1169 1604 1327 1643 dixerat.
1383 1608 1423 1644 L.

926 1658 1032 1707 Lege
1050 1655 1144 1707 Nisi·
1152 1656 1195 1708 fi
1216 1661 1325 1711 quid,
1352 1670 1391 1698 et
1408 1662 1448 1700 id
1465 1662 1528 1701 tri·

872 1709 998 1751 tribue
1024 1711 1094 1763 ipfi
1115 1713 1321 1764 Pamphilo*
1344 1717 1526 1768 loquenti

870 1779 1004 1818 nempe.
1060 1770 1088 1807 B

924 1831 975 1877 48
1010 1824 1178 1878 Accipio]
1219 1825 1289 1866 Ille
1316 1827 1385 1866 nifi
1414 1827 1526 1869 dixis-

874 1875 940 1927 set,
961 1883 1112 1932 accipio,
1140 1882 1210 1920 dos
1230 1897 1311 1921 non
1329 1882 1434 1923 effer.
1464 1885 1528 1925 da-

874 1936 928 1974 tio
948 1937 1054 1975 enim
1075 1936 1121 1975 ab
1142 1941 1371 1990 acceptione
1390 1941 1528 1981 confir-

872 2003 1016 2031 matur:
1047 2006 1119 2031 nec
1130 1996 1251 2044 potest
1261 1996 1381 2034 videri
1395 1998 1528 2038 <iatum

872 2047 923 2096 id,
946 2048 1051 2099 quod
1075 2063 1155 2088 non
1177 2050 1219 2089 si*
1235 2062 1445 2103 acceptum.
1478 2054 1527 2092 E-

873 2103 936 2150 ho]
970 2103 1050 2142 Eho
1079 2104 1142 2143 hic
1167 2106 1365 2146 admiratio
1393 2109 1447 2151 est
1466 2111 1526 2149 in—

871 2161 1055 2198 tentionis
1089 2162 1222 2214 (lege,
1248 2164 1454 2204 admonitio
1480 2166 1527 2218 est

870 2218 1096 2256 attentionis.
1119 2214 1183 2255 sed
1194 2219 1342 2258 Wielin
1348 2234 1384 2274 g.
1396 2235 1528 2262 emen-

869 2272 952 2317 dat3
983 2281 1094 2317 ΕῑΗο
1124 2272 1181 2312 hic
1199 2275 1452 2317 aduocationis
1478 2279 1527 2330 est

870 2329 1112 2379 interiectio),
1140 2329 1186 2368 ad
1206 2330 1246 2369 id
1267 2331 1370 2382 quod
1387 2332 1526 2374 dicturi

868 2382 1007 2424 sumus.
1060 2386 1109 2424 D.

925 2440 1079 2493 (Decem
1112 2441 1286 2497 Talenta]
1317 2446 1528 2488 Talentum

873 2495 928 2536 est
945 2510 1130 2549 magnum
1141 2499 1305 2550 pondus,
1325 2502 1529 2543 cuiuslibet

869 2555 1015 2593 metalli
1047 2555 1097 2605 Ὅ
1151 2557 1195 2594 Ε.

923 2609 1021 2650 Cod.
1041 2609 1221 2651 Academ.
1234 2623 1404 2666 propere.
1431 2614 1555 2657 rMav‘x'

871 2665 919 2706 le.
974 2669 1018 2709 B.
