1815 3168
341 151 440 196 490

739 131 895 180 ACT.
933 131 989 177 V.
1023 130 1214 177 SCEN.
1242 131 1295 177 V.

424 257 736 310 Achs
799 253 1147 325 QVINTI
1204 250 1496 303 SCENA
1558 251 1623 303 V.

714 343 973 387 LACHEs.
1011 342 1340 394 ,PARMENQ

476 477 610 590 Ex

694 559 837 606 modi:

675 503 710 530 M
741 503 764 528 π,
796 501 822 529 o
872 483 1128 547 propinquo
1164 495 1266 526 rure
1303 478 1387 525 hoc
1431 480 1555 542 capio
1589 492 1706 523 com·

477 643 639 700 ‚Neque
652 638 756 696 agri,
769 650 911 698 neque
923 632 1040 681 vrbis
1055 632 1206 678 odium
1219 646 1288 676 me
1300 644 1487 692 vnquam
1501 628 1703 694 percipit.

480 714 567 760 Vbi
583 712 700 758 satias
724 713 868 775 coepit
887 707 994 757 fieri,
1018 716 1244 755 commuto
1263 706 1424 752 locum.

400 943 416 971 1
460 928 523 967 Ex
558 941 634 967 meo
663 929 874 979 propinquo
910 939 998 966 rure

340 987 408 1025 Iros
436 988 535 1037 capio
563 985 742 1021 commodi
792 987 999 1021 Annotan-

340 1042 444 1089 dum,
477 1039 579 1090 quod
601 1038 713 1077 huius
748 1039 830 1075 enis
850 1048 996 1074 nomen

338 1097 442 1148 apud
474 1095 707 1135 Terentium
742 1106 823 1131 non
849 1093 922 1131 est:
961 1105 998 1130 a·

339 1152 419 1205 pud
448 1149 714 1193 Menandrum
742 1149 877 1189 Simon
903 1147 996 1187 dici-

338 1221 410 1248 tur.
469 1208 531 1245 Ex
565 1220 642 1244 meo
670 1208 883 1257 propinquo
911 1217 998 1243 rure

337 1263 408 1304 hoc
443 1266 544 1315 capio
574 1261 773 1315 commodz]
812 1262 998 1300 firmatur

337 1321 559 1371 (fbrmatur
589 1321 649 1370 Z.)
679 1316 791 1355 status
803 1315 997 1368 trepidan-

340 1380 387 1415 tis
405 1373 520 1419 senis,
541 1385 579 1412 vt
595 1384 791 1425 appareat,
813 1385 928 1423 quam
942 1372 997 1410 iu-

338 1432 498 1483 opinato
526 1430 626 1468 malo
657 1442 792 1467 amens
812 1428 894 1468 fieri
916 1424 999 1479 pos-

338 1488 401 1527 iit:
432 1486 537 1538 quod
556 1482 679 1537 ipsum
698 1482 869 1536 superius
896 1495 935 1523 et
954 1484 997 1522 in

336 1547 582 1593 Parmenone
600 1538 787 1584 seruatum
803 1538 866 1580 est.
922 1542 997 1579 Im-

337 1600 476 1652 paratis
514 1598 622 1637 enim
657 1597 853 1636 mentibus
897 1596 998 1635 mala

337 1657 482 1694 maiora
507 1652 604 1692 sunt.
659 1656 764 1706 Ergo
789 1665 897 1691 nunc
918 1662 995 1691 tam

336 1707 477 1750 otiosus
497 1708 642 1749 incedit
664 1706 795 1758 senex,
814 1719 852 1748 vt
863 1720 997 1759 neque

336 1780 464 1806 mores
491 1766 680 1818 increpet,
702 1764 996 1816 necquicquam

336 1819 543 1874 suspicetur
561 1822 664 1870 mali,
694 1819 759 1859 sed
779 1832 868 1873 agat
888 1824 995 1869 (aiat

338 1878 406 1930 Z.)
452 1878 588 1930 gratias
624 1877 822 1926 proximae
862 1877 994 1915 villae:

337 1936 439 1973 cuius
458 1931 652 1972 beneficio
679 1945 760 1970 non
789 1929 873 1975 scit,'
901 1930 994 1983 quid

336 1992 380 2030 iu
399 1989 493 2028 vrbe
510 1998 673 2041 agerent
690 1987 769 2026 filii.
823 1991 872 2027 Et
891 1999 995 2026 nunc

339 2044 456 2094 adest,
477 2044 537 2083 vbi
558 2056 654 2093 opus
676 2043 730 2082 est
747 2046 899 2083 Poetae.
945 2045 994 2083 Et

337 2101 429 2141 vide
455 2102 553 2142 hanc
581 2096 727 2138 causam
762 2096 890 2148 suiss'e,
929 2111 994 2137 cur

335 2157 497 2205 noirad
530 2156 658 2194 villam
677 2155 887 2195 diuerterit.
941 2155 994 2194 O-

333 2226 445 2253 mnes
483 2212 589 2251 villas
611 2212 772 2250 comicas
800 2208 993 2250 surburba-

333 2283 403 2309 Πᾶς
431 2265 509 2307 esse
529 2267 655 2320 (Ordo
675 2265 794 2306 debet
813 2262 890 2305 esse
911 2265 994 2305 hie:

332 2325 385 2364 Et
413 2325 510 2373 vide,
539 2337 658 2363 omnes
679 2322 785 2362 villas
805 2337 833 2361 c.
850 2322 891 2373 s
919 2323 992 2374 effe,

333 2395 370 2421 et
387 2381 477 2419 hanc
499 2379 644 2433 caufizm
653 2379 778 2431 fuisse,
806 2391 870 2418 cur
886 2380 988 2431 em),

331 2436 649 2475 commoditatem
676 2433 795 2487 ipsam
814 2447 921 2474 nune
931 2448 992 2473 ex-

330 2493 449 2546 plicat
474 2504 511 2531 et
531 2489 707 2530 ostendit.
769 2494 820 2531 D.

385 2551 445 2589 Ex
492 2560 568 2587 meo
603 2548 834 2602 propinquo]
883 2545 990 2588 Haec}

331 2604 460 2646 Scena
496 2604 761 2662 narrationem
804 2605 988 2655 continet,

1618 776 1703 825 Sed

1048 921 1376 977 quemadmodum
1402 921 1500 960 filius
1521 920 1603 958 eius
1621 917 1704 968 (Se.

1046 985 1104 1021 nis
1140 983 1200 1031 Z.)
1237 981 1277 1018 in
1328 979 1444 1017 domo
1490 974 1705 1014 meretricis

1048 1048 1118 1086 pro
1166 1035 1356 1076 Eunucho
1401 1044 1550 1085 captus:
1596 1029 1705 1069 fimul

1047 1105 1136 1134 cum
1163 1090 1389 1129 defenfione
1422 1100 1462 1128 et
1488 1085 1705 1127 adolescen-

1047 1150 1094 1186 tis
1115 1147 1182 1197 qui
1202 1157 1332 1197 captus
1356 1144 1419 1192 est,
1449 1155 1486 1184 et
1506 1144 1617 1195 iplius
1635 1142 1701 1194 qui

1047 1214 1186 1248 narrat,
1206 1216 1259 1242 ne
1277 1201 1452 1240 videatur
1473 1198 1553 1251 ipse
1570 1197 1640 1237 suis
1653 1198 1701 1236 ad

1046 1259 1265 1311 periculum
1297 1256 1462 1297 consiliis
1500 1255 1700 1293 dominum

1044 1310 1250 1367 impuliffe.
1308 1315 1370 1354 Ex
1379 1325 1453 1350 meo
1469 1314 1679 1364 propinquo

1044 1374 1102 1411 Ex
1121 1368 1199 1410 solo
1218 1380 1259 1408 et
1277 1369 1404 1407 vicino
1428 1380 1533 1420 agro,
1587 1369 1630 1405 E.
1672 1393 1676 1396 ·

1109 1427 1171 1465 Ex
1215 1439 1292 1464 meo
1337 1427 1542 1476 propinquo
1586 1420 1699 1475 rure]

1046 1479 1192 1525 Charis.
1212 1481 1298 1520 libr.
1321 1492 1357 1523 1.
1414 1482 1455 1520 L.

1100 1607 1127 1636 2
1160 1594 1290 1647 Neque
1304 1592 1412 1648 agri,
1437 1604 1549 1644 neque
1574 1587 1700 1643 vrbis]

1042 1652 1231 1704 Tragicus
1265 1659 1476 1701 apparatus.
1531 1646 1701 1687 Delicias

1043 1718 1252 1756 memorat,
1280 1706 1346 1757 qui
1374 1703 1538 1756 pericula
1565 1701 1701 1754 cogni-

1046 1774 1151 1802 turus
1186 1762 1250 1802 est.
1307 1761 1442 1800 Odium
1467 1773 1520 1798 me
1540 1770 1701 1810 vnquam

1039 1819 1218 1872 percipit]
1257 1816 1458 1857 Fastidium
1495 1828 1545 1853 ex
1574 1813 1698 1851 abun-

1045 1874 1174 1913 dantia
1193 1873 1247 1913 est
1266 1876 1374 1925 (Hoc
1399 1870 1552 1910 scholio
1570 1869 1697 1908 Satias

1044 1930 1266 1982 explicatur.
1293 1929 1366 1979 Z).
1421 1928 1470 1966 D.

1098 1997 1123 2037 3
1159 1983 1358 2034 Vbisae'ztias
1369 1985 1480 2033 coepit
1489 1979 1594 2034 fieri]
1613 1978 1697 2020 Suf-

1041 2040 1215 2081 fecerant
1247 2040 1293 2078 ad
1329 2037 1428 2078 hanc
1463 2036 1698 2076 sententiam

1044 2098 1123 2136 duo
1151 2094 1372 2148 superiores
1401 2096 1425 2132 ii
1453 2091 1598 2132 versus:
1628 2090 1695 2131 sed

1041 2158 1185 2200 ἐνέργεια
1215 2150 1269 2191 est
1294 2149 1421 2191 senilis
1445 2149 1612 2201 eloquii,
1640 2147 1698 2187 fa-

1043 2210 1119 2249 ceti
1134 2220 1172 2249 et
1191 2208 1333 2262 garruli
1352 2206 1470 2245 simul.
1530 2206 1696 2245 Commu·

1043 2279 1082 2305 to
1101 2264 1234 2317 locum]
1265 2264 1365 2303 Mira
1385 2262 1572 2301 breuitate
1601 2260 1694 2299 duas
1716 2302 1719 2303 ⁷

1041 2335 1103 2361 res
1142 2321 1325 2372 explicuit
1351 2317 1466 2357 fimul.
1533 2317 1598 2357 Vbi
1623 2317 1696 2367 sa-

1042 2381 1154 2418 tietas
1183 2375 1249 2428 est,
1279 2375 1386 2414 deest
1411 2373 1535 2413 Nam:
1573 2382 1613 2411 vt
1637 2370 1693 2420 sit,

1044 2435 1148 2473 Nam
1172 2433 1237 2470 vbi
1265 2432 1423 2483 finietur
1454 2430 1568 2482 coepit
1589 2426 1689 2478 fieri.

1039 2493 1087 2531 Et
1103 2490 1227 2540 coepit,
1256 2502 1325 2540 pro
1348 2489 1514 2538 coeperit.
1574 2485 1694 2523 Satic-

1037 2560 1106 2593 τας,
1127 2544 1279 2584 odium:
1309 2545 1356 2583 ab
1386 2557 1435 2582 eo
1461 2540 1564 2593 quod
1587 2552 1693 2592 prae-

1038 2601 1152 2652 cedit,
1170 2600 1210 2643 id
1230 2600 1336 2655 quod
1352 2598 1530 2653 sequitur.
1585 2601 1634 2640 D.
