1815 3168
341 139 436 185 5¹2

721 121 881 168 ACT.
911 123 964 168 V.
996 121 1192 167 SCEN.
1222 123 1334 169 Vnt.

473 247 519 298 S‘t
551 258 594 296 te
627 249 672 295 in
692 247 832 313 platea
864 244 1093 296 offendero
1115 248 1195 296 hac
1215 248 1314 316 post
1337 266 1549 316 vnquam,
1583 252 1704 316 quod

575 324 689 372 dicas
712 325 834 377 mihi,

379 418 439 466 35
474 400 624 447 Alium
648 400 932 463 quaerebam:
969 401 1050 446 iter
1071 399 1151 447 hac
1175 400 1335 448 habui:
1366 399 1544 467 periisti.
1584 398 1636 448 G
1653 371 1701 449 N.

571 479 648 528 eia,
679 476 785 521 haut
812 472 865 521 fic
891 475 1026 521 decet.

473 551 572 601 PH.
611 548 854 596 DiCtum'st.
896 546 1007 595 GN.

1058 567 1149 597 non
1171 551 1386 615 cognosco
1408 549 1600 601 vostrum
1612 562 1702 599 tam

571 625 825 692 superbum.
863 625 959 675 PH.
995 624 1050 672 fic
1072 628 1167 674 erit.

333 827 426 868 dum
448 826 501 867 est
518 825 615 880 (Effi
644 824 789 875 debeas,
814 823 994 876 fitbaudi·

333 886 464 925 endum
484 884 571 935 est).
628 882 743 922 Miles
773 883 873 921 edico
902 881 992 937 tibi]

330 944 419 983 Hoc
439 936 739 982 contumeliose,
769 949 809 977 et
840 939 995 989 proprie

330 1007 371 1037 vt
392 996 527 1035 militi:
555 994 689 1042 Miles,
715 994 860 1046 inquit,
891 994 992 1033 edico

329 1052 414 1093 tibi.
475 1052 524 1089 D.

386 1106 482 1146 Scin'
491 1105 734 1158 quamfretus
746 1104 781 1158 ?]
801 1103 875 1144 Etfi
885 1117 993 1156 prae·

329 1161 458 1210 sumis,
479 1162 626 1212 inquit,
658 1160 708 1200 de
723 1159 850 1207 nobis,
885 1173 992 1212 prae-

330 1219 432 1266 dico,
449 1227 489 1256 vt
506 1216 596 1257 scias
617 1216 723 1256 istam
743 1229 816 1256 nos
843 1216 991 1256 habere

325 1273 582 1317 sententiam:
611 1273 730 1324 quod,
755 1272 783 1311 fi
801 1282 840 1313 te
855 1273 897 1312 in
917 1272 988 1311 hac

326 1332 457 1384 platea
474 1329 682 1381 aliquando
700 1330 985 1375 inuenerimus,

328 1389 379 1426 ita
399 1386 608 1437 accipietis,
639 1396 677 1424 vt
698 1398 896 1436 nunquam
918 1383 988 1423 tibi

325 1442 535 1484 subuenire
564 1441 676 1493 poffit
711 1440 777 1480 ista
796 1439 982 1488 defenfio,

325 1498 433 1552 quod
453 1498 568 1537 alium
587 1496 811 1549 quaerebas,
830 1507 893 1536 aut
908 1498 989 1536 'iter

325 1553 434 1608 quod
454 1553 525 1592 hac
552 1564 591 1592 te
603 1553 747 1592 habere
766 1552 882 1591 dicas.
912 1557 957 1594 E.

383 1608 550 1650 Vortaffe
578 1610 655 1662 leg.
695 1607 804 1649 Vobis
824 1608 984 1659 fretum.

323 1666 425 1708 Scin'
454 1679 563 1719 quam
578 1664 764 1716 fretum?
793 1664 870 1705 Nifi
898 1676 985 1705 cum

324 1725 482 1765 Donato
493 1719 757 1761 soloecismum
768 1720 913 1760 statuas.
942 1725 983 1763 Β.

1589 705 1703 751 GN.

1045 840 1127 866 nou
1160 839 1278 879 quem
1305 836 1345 866 tu
1370 836 1500 878 putas:
1529 825 1607 866 hoc
1634 826 1700 875 est,

1043 884 1172 931 alium,
1207 896 1288 921 non
1307 881 1514 923 Thaidem.
1570 882 1649 923 Sed
1674 882 1700 922 fi

1043 940 1153 979 aliam
1180 938 1347 986 diceret,
1375 951 1506 991 neque
1533 951 1700 977 commo-

1043 995 1105 1043 de,
1125 1007 1255 1046 neque
1275 993 1428 1041 ε’μφῶνως
1447 994 1568 1047 (forte
1593 991 1701 1039 ἐυφῶ·

1045 1067 1112 1099 νως,
1132 1061 1196 1089 aut
1213 1054 1347 1096 εὐφυῶς
1371 1054 1434 1103 Ζ.)
1454 1051 1699 1101 loqueretur3

1044 1106 1242 1157 praeualet
1251 1107 1358 1146 enim
1368 1103 1617 1146 masculinum
1630 1119 1698 1160 ge·

1043 1174 1129 1202 nuS.
1187 1161 1332 1214 Peristi]
1365 1162 1471 1202 Ordo
1498 1161 1570 1211 est,
1599 1162 1696 1214 post-

1042 1231 1155 1270 quam
1175 1218 1217 1256 iu
1238 1218 1363 1270 platea
1372 1218 1443 1257 hac
1461 1229 1500 1258 te
1520 1216 1695 1259 offende-

1038 1287 1092 1322 ro,
1102 1272 1241 1325 peristi.
1289 1274 1379 1323 Eia]
1396 1274 1598 1314 Interdum
1610 1274 1696 1314 hor·

1038 1330 1153 1369 tantis
1172 1328 1226 1369 est
1239 1342 1249 1375 3
1281 1343 1377 1384 ergo
1400 1342 1507 1369 nunc
1526 1332 1592 1379 eia,
1615 1344 1705 1370 cor-¹

1037 1385 1466 1441 reffionemfignifieat,
1520 1388 1570 1427 D.

1087 1500 1143 1552 36
1181 1497 1274 1538 Non
1317 1497 1489 1554 cognofio
1534 1497 1718 1550 vestrum,

1036 1567 1113 1594 tam
1136 1552 1355 1609 superbum]
1383 1555 1541 1596 Locutio
1571 1568 1693 1594 anno-

1037 1611 1170 1650 tanda:
1201 1612 1300 1650 mire
1325 1610 1517 1658 laudauit,
1550 1622 1588 1649 vt
1608 1625 1691 1663 pet·-

1034 1664 1194 1706 suadere
1245 1664 1436 1720 potuisset.
1523 1667 1690 1719 Vestrum

1034 1736 1110 1762 tam
1130 1722 1347 1777 fitperbum]
1386 1727 1474 1764 Nou
1488 1753 1497 1771 ‚
1531 1724 1690 1775 vestrum

379 1792 434 1833 34
461 1779 568 1818 Si‘te
595 1780 635 1817 in
659 1777 781 1831 platea
799 1776 985 1828 offendero
1022 1778 1237 1830 fizperbum.
1293 1778 1686 1834 Vestrumfhperbum]

323 1833 406 1888 hac]
438 1836 524 1874 Hoc
560 1832 633 1882 est,
665 1834 705 1874 Si
732 1834 794 1872 vel
821 1831 904 1872 casu
925 1837 982 1873 in-

322 1903 483 1941 uenero,
536 1893 587 1930 Et
611 1890 651 1928 in
678 1888 813 1941 platea,
843 1890 981 1940 inquit,

322 1946 403 1986 uon
415 1948 514 1985 circa
525 1945 733 1985 meren-icis
745 1943 858 1983 fores.
910 1947 982 1984 Ni-

325 2003 381 2041 bil
393 2002 495 2055 quod
508 2001 624 2051 dicas]
657 2000 778 2045 Nihil,
798 2013 981 2051 pronon:

321 2070 361 2099 vt
378 2058 429 2106 fit,
454 2070 536 2097 non
559 2056 613 2096 est
630 2057 735 2107 quod
755 2055 856 2094 dicas
868 2056 980 2096 mihi:

320 2114 441 2162 idest,
463 2112 561 2152 nihil
583 2111 636 2150 est
655 2112 758 2163 quod
769 2112 881 2159 dicas,
897 2126 979 2165 pro,

320 2183 358 2211 vt
378 2171 482 2210 dicas
503 2168 609 2207 mihi.
642 2179 680 2206 vt
702 2167 758 2215 lit,
778 2169 887 2220 quod,
907 2183 978 2221 pro

316 2240 377 2266 vt:
399 2225 575 2279 (excidit,
597 2237 664 2262 aut
683 2224 795 2277 Q'eatl
818 2227 879 2276 Z.)
907 2239 978 2277 pro

319 2281 414 2334 quid
442 2281 546 2321 dicas
564 2279 672 2319 mihi.
732 2283 893 2320 Certum
925 2282 979 2320 est

1031 1832 1238 1876 Absolute:
1264 1847 1313 1886 vt,
1343 1835 1422 1882 Pol,
1453 1837 1570 1884 Crito,
1591 1838 1689 1875 anzi-

1030 1905 1142 1944 quum
1155 1890 1309 1931 obtines.
1362 1894 1465 1944 Ergo
1486 1888 1688 1930 subaudia-

1030 1960 1113 1985 mus
1134 1947 1195 1985 vel
1213 1949 1405 2002 ingenium,
1433 1947 1495 1985 vel
1513 1950 1684 1997 animum,

1031 2003 1092 2042 vel
1110 2015 1255 2050 morem,
1275 2003 1336 2042 vel
1356 2002 1572 2055 institutum.
1602 2005 1652 2044 D.

1082 2058 1173 2097 Non
1194 2059 1369 2113 cognofio
1386 2058 1564 2113 vestrum]
1599 2063 1685 2100 Hoc

1030 2113 1135 2164 quod
1154 2112 1392 2166 respondisti,
1412 2114 1682 2168 eststcperbum.

1030 2172 1129 2219 Nam
1148 2170 1303 2221 vestrum
1323 2168 1400 2210 esse
1422 2183 1505 2210 uon
1525 2170 1683 2224 coguos-

1029 2239 1089 2272 co,
1108 2239 1183 2265 nec
1202 2226 1330 2266 credo.
1384 2229 1427 2267 E.

1083 2282 1176 2322 Non
1204 2281 1379 2338 cognofiso
1407 2281 1565 2334 vestrum
1603 2294 1680 2321 tam
1742 2304 1745 2308 ·

318 2349 462 2387 autem,
485 2336 534 2376 fic
552 2347 700 2376 veteres
720 2336 868 2375 locutos
888 2335 976 2378 effe.
1014 2337 1102 2390 ficp.
1143 2337 1179 2376 h.
1208 2351 1242 2379 e.
1280 2352 1363 2378 non
1390 2336 1565 2378 solebatis
1601 2336 1679 2379 esse

289 2449 293 2452 ’
323 2396 427 2503 ¹235
462 2449 586 2488 Alium
621 2446 858 2502 quaerebam]
896 2452 977 2490 Aut

317 2507 443 2546 Alium
461 2519 530 2555 pro
548 2504 742 2558 Qendam
764 2502 908 2555 posuit:
941 2517 978 2543 vt

317 2561 371 2610 fit,
389 2564 567 2615 quendam
589 2562 815 2613 quaerebmu,
846 2560 887 2599 id
906 2560 971 2608 est,
1023 2573 1052 2614 4
1069 2590 1080 2610 ,
1116 2574 1183 2616 44.

1027 2405 1104 2433 tam
1129 2391 1302 2444 superbi3
1344 2394 1418 2433 hoc
1447 2406 1524 2434 tam
1552 2391 1682 2446 super·

1026 2449 1129 2494 bum2
1152 2463 1240 2489 'non
1259 2449 1419 2490 vestrum
1438 2450 1501 2500 est,
1520 2463 1600 2489 non
1619 2463 1681 2490 ve-

1025 2505 1087 2544 stri
1105 2507 1233 2547 moris.
1289 2509 1340 2545 Vt
1360 2507 1481 2547 Plaut.
1502 2507 1613 2547 Trin.
1633 2519 1677 2554 Π,

1261 2563 1369 2605 Ham
1414 2562 1523 2615 nosco
1572 2574 1677 2603 tuum

317 2618 500 2672 aliquem.
547 2627 614 2656 aut
635 2617 767 2666 alzum,
802 2616 876 2656 hoc
903 2616 969 2667 est,
1023 2629 1094 2659 etc.
1149 2621 1192 2660 B.
