1815 3168
510 125 1065 183 'HEAVTONTIM

177 253 483 307 ACTVS
543 254 904 326 QVARTI
959 255 1265 310 SCENA
1322 256 1393 310 Π.

660 345 904 388 SYRVS.

99 473 197 586 N
215 498 232 525 1
253 498 270 526 s
292 473 318 527 1¹
352 498 423 529 me
457 477 625 529 animu‘s
656 483 784 537 fallit,
825 483 1152 537 hautmultum
1180 500 1206 528 a
1226 497 1297 528 me
1329 482 1466 531 aberit·

431 558 745 605 infortunium:

233 636 298 680 Ita
322 634 402 680 hac
426 651 474 680 re
496 637 543 680 in
567 633 798 696 angustum
824 634 993 701 oppido
1014 651 1133 682 nunc
1156 648 1278 680 meae
1299 649 1465 694 cogun-

331 723 403 755 tur
427 712 577 774 copiae
591 728 602 766 ;

231 782 328 830 Nisi
360 785 521 848 aliquid
551 785 703 839 video,
733 801 791 832 ne
811 781 895 832 effe
918 785 1100 833 amicam
1121 784 1233 831 hanc
1256 785 1375 846 gnati
1394 800 1464 832 re-

328 859 465 906 sciscat
495 860 635 907 senex.
676 888 679 891 -

229 938 353 982 Nam
377 935 496 998 quod
521 935 573 981 de
598 946 779 997 argento
800 936 983 1003 sperem,
1012 946 1087 983 aut
1103 932 1225 1003 posse
1245 933 1464 1003 postulem

326 1025 400 1058 me
430 1011 591 1065 fallere,

151 1243 170 1273 1
206 1229 299 1283 NzJsz'
311 1243 366 1272 me
383 1234 522 1271 animus
529 1230 655 1285 fallit]
684 1234 754 1272 Re·

93 1289 256 1341 cognita
284 1287 509 1339 Antiphila,
545 1290 663 1342 Syrus
690 1303 754 1328 an-

92 1345 187 1389 xius,
217 1357 364 1382 nouum
382 1345 533 1394 quaerit
553 1344 753 1384 confilium

93 1400 146 1438 ‘de
172 1399 440 1451 extorquenda
469 1401 648 1451 pecunia.
705 1404 754 1440 Et

92 1455 198 1494 bene
234 1454 518 1494 deliberantem
548 1455 598 1494 de
621 1469 664 1494 re
689 1457 754 1494 ali-

93 1524 168 1562 qua
198 1512 392 1562 exprimit,
446 1511 509 1551 Est
535 1513 643 1551 enim
674 1511 753 1550 dia-

91 1565 274 1621 logismus
296 1568 395 1606 acuti
416 1568 567 1619 ingenii
586 1567 628 1605 in
654 1567 753 1607 mulss

92 1630 130 1662 ta
150 1623 391 1676 cogitatione
415 1621 609 1663 versantis.
652 1625 697 1665 C.

149 1679 245 1730 Nifi‘
265 1694 318 1718 me
336 1682 496 1725 animus]
527 1680 667 1719 Seruus
687 1678 752 1718 hic

90 1735 349 1777 vehementer
366 1734 517 1782 aestuat,
544 1734 650 1786 quod
670 1735 751 1774 ani·

89 1791 302 1831 maduertit
322 1790 404 1831 fie1i
429 1788 537 1843 posse
560 1801 598 1829 vt
618 1791 750 1842 puella

92 1845 341 1901 agnoscatur:
380 1857 420 1886 et
448 1847 617 1900 ingemit
643 1846 749 1897 quod

89 1904 157 1943 fibi
187 1904 350 1942 multum
376 1889 635 1941 infortunium
658 1901 750 1941 affu-

91 1972 254 2008 turumi
229 1958 283 1998 sit.
341 1959 432 1998 Non
445 1958 568 2014 longe]
589 1960 674 1998 Hoc
684 1956 749 2007 est,

89 2017 183 2057 haut
202 2015 374 2054 multum.
429 2018 474 2057 Ε.

144 2075 206 2112 Ne
240 2068 363 2110 versui
404 2068 551 2124 syllaba
585 2067 751 2123 deficiat,

87 2129 184 2181 lege
203 2127 293 2167 haut
309 2127 543 2180 permultum,
564 2136 639 2175 aut,
661 2126 751 2165 haut

86 2185 288 2238 perlonge;
316 2196 428 2235 quam
450 2183 659 2222 lectionem
675 2186 749 2223 Eu-

94 2239 275 2294 graphius
294 2236 468 2278 habuiss'e
484 2238 646 2278 videtui.
675 2240 716 2277 B.

150 2308 175 2336 2
204 2296 263 2335 Ita
288 2293 438 2341 Hercle]
474 2297 527 2346 Q
557 2293 595 2332 d.
632 2299 750 2346 Meus

93 2351 283 2392 exercitus
312 2352 388 2390 iam
415 2364 520 2402 pene
550 2347 654 2389 fusus
683 2343 748 2399 est,

91 2422 185 2448 narn
209 2407 357 2446 coaetus
375 2407 429 2446 est
447 2417 487 2446 et
505 2404 716 2458 impulsus
706 2418 749 2444 m

90 2462 304 2517 angustias,
340 2462 405 2503 vbi
424 2473 645 2503 conter·etui
659 2460 752 2502 faci-

92 2521 150 2568 le,
181 2519 217 2559 h.
239 2532 276 2560 e.
304 2519 382 2558 mei
402 2529 561 2558 conatus
579 2517 676 2557 adeo
695 2530 752 2558 ie-

94 2576 207 2628 prelii
231 2572 316 2615 sunt
338 2574 406 2613 hac
424 2587 478 2624 re,
511 2574 549 2617 h
568 2587 602 2614 e.
624 2574 697 2614 hac
717 2588 753 2613 a·

93 2633 271 2687 gnitione
291 2631 457 2684 pueuae,
480 2642 519 2672 vt
537 2629 652 2671 facile
670 2627 754 2684 pos-

584 2705 615 2719 ,ι

1315 1104 1341 1156 5
1381 1088 1463 1134 Ni-

801 1232 877 1272 fint
903 1232 1106 1272 contundi*
1129 1243 1174 1270 ac
1203 1231 1361 1270 conteri.
1413 1233 1463 1270 Et

803 1288 859 1328 est
887 1286 1087 1329 tianssatio
1116 1285 1237 1326 sumta
1263 1301 1284 1325 a
1303 1299 1344 1324 re
1366 1286 1465 1324 mili-

802 1346 884 1384 tari.
929 1345 1054 1393 Meae
1073 1344 1214 1397 copiae]
1241 1339 1462 1382 Translatio

801 1400 922 1440 sumta
950 1391 1005 1439 est
1030 1399 1078 1438 ab
1104 1403 1363 1451 Imperffatole
1396 1397 1464 1449 qui

801 1456 879 1496 iam
906 1469 1015 1508 pene
1032 1453 1130 1494 fusus
1149 1455 1197 1494 ab
1218 1453 1396 1501 hostibus,
1424 1450 1465 1493 se

801 1513 844 1551 in
876 1514 1049 1564 aliquem
1075 1511 1300 1551 tutiffimum
1334 1511 1463 1549 locum

802 1569 1011 1620 1·eceperit.-
1097 1568 1234 1621 Copiae
1294 1577 1463 1606 numero

800 1623 1057 1664 multitudinis
1084 1633 1125 1662 et
1151 1625 1263 1666 ἑνικῶς
1289 1621 1464 1661 deexer-

802 1682 883 1719 cim
913 1680 1059 1720 dicitur.
1113 1679 1308 1720 Sallustius
1325 1677 1460 1733 (Catil.

801 1738 851 1778 61
860 1737 901 1788 .‚)
937 1739 999 1778 Ex
1020 1738 1124 1776 omni
1142 1736 1253 1788 copia
1266 1734 1461 1774 Catilinae.

800 1792 940 1845 Viigil.
955 1795 1079 1843 (Aen.
1091 1803 1137 1841 11,
1159 1791 1277 1845 564.)
1305 1791 1356 1829 Et
1370 1802 1463 1842 quae

792 1846 845 1901 fit
864 1862 918 1886 me
940 1850 1075 1888 circum
1096 1848 1209 1900 copia
1227 1844 1350 1898 lustro.
1380 1845 1463 1886 Alii

801 1902 968 1945 Codices
994 1902 1142 1943 habent
1166 1905 1238 1942 ita:
1263 1902 1376 1942 Meae
1402 1914 1462 1940 co-

792 1962 882 2013 piae
911 1971 1117 2015 coguntur,
1158 1960 1183 1999 i.
1214 1973 1246 1999 e.
1276 1957 1462 1997 constrin-

799 2025 955 2079 guntur,
974 2019 1016 2056 in
1034 2014 1185 2070 angusto
1206 2014 1355 2068 oppido,
1382 2014 1405 2051 i.
1426 2026 1461 2053 e.

799 2073 841 2110 in
864 2072 992 2123 aliqua
1009 2072 1253 2118 munitione,
1281 2071 1323 2108 in
1343 2081 1461 2125 quam

799 2140 864 2167 me
885 2128 1062 2179 iecipeie
1083 2124 1238 2166 necesse
1255 2124 1342 2166 suit.
1371 2126 1419 2166 C

854 2183 901 2224 ln
927 2183 1115 2237 angustum
1143 2180 1293 2237 oppido]
1323 2177 1461 2220 Trans-

794 2232 890 2278 latio
917 2238 1013 2279 facia
1045 2239 1100 2278 est
1126 2238 1173 2278 ab
1196 2238 1263 2277 illo
1287 2239 1373 2276 cum
1394 2250 1461 2288 pe

799 2295 982 2334 riclitatui·
1008 2297 1225 2344 exercitus,
1264 2294 1308 2333 in
1339 2305 1459 2346 angu-

798 2345 896 2390 stuni
930 2354 1089 2393 εοειξὶυς.
1147 2350 1308 2405 Oppido,
1346 2347 1461 2389 valde

799 2405 998 2462 fignificat.
1055 2409 1100 2449 E.

857 2529 880 2571 3
911 2521 1018 2572 Lege
1036 2517 1151 2570 aliqui
1168 2517 1288 2564 video,
1313 2515 1376 2555 vel
1394 2513 1460 2553 ali

802 2587 894 2627 qua,
933 2573 975 2614 h.‘
1005 2587 1040 2614 e
1068 2574 1197 2628 aliqua
1230 2575 1309 2627 via,
1347 2571 1460 2613 latio·

803 2644 867 2672 ne.
921 2634 963 2670 B.

915 2688 969 2729 Ss
1000 2698 1024 2741 3

1376 132 1575 197 645s
