1815 3168
307 153 408 222 με
694 135 1262 199 ARGvMENTvM.

306 281 417 320 leStat
437 288 476 318 et
493 278 576 318 astu
594 287 634 316 et
654 275 752 322 stilo,
773 275 920 326 primae
938 282 1065 324 partes
1081 269 1166 311 sunt
1177 271 1409 312 Menedemi
1427 281 1469 312 et
1480 271 1666 315 Chreme·

308 339 376 376 tis:
407 333 597 374 secundae
617 332 773 374 Cliniae
792 341 831 370 et
851 328 1111 380 Clitiphonis:
1142 328 1278 367 tertiae
1296 328 1406 380 Syri:
1434 338 1474 366 et
1490 327 1538 367 fic
1555 328 1666 368 dein·

307 405 409 443 ceps.
464 393 571 430 Haec
589 389 716 436 etiam,
739 399 776 426 vt
794 397 977 431 caeterae,
999 385 1174 435 quinque
1191 383 1293 423 astus
1306 383 1436 430 habet,
1459 386 1668 437 Prologum

308 448 551 488 concitatum.
610 447 709 485 Nam
737 454 777 482 et
802 439 839 480 se
858 449 1004 492 purgat,
1025 450 1064 477 et
1082 440 1123 478 in
1141 439 1345 478 laedendis
1373 436 1595 478 aduersariis
1616 439 1670 479 est

307 513 528 555 occupatus.
583 504 869 551 Argumentum
889 507 1046 547 quoque
1064 507 1145 533 non
1164 494 1340 546 simplicis
1368 495 1518 547 negotii
1541 493 1669 543 habet,

310 573 387 600 nee
403 560 512 597 vuius
531 553 791 602 adolescentis,
817 563 854 592 vt
875 553 916 592 in
937 555 1110 605 Hecyra:
1138 547 1206 591 sed
1225 549 1401 600 duorum,
1430 560 1468 590 rt
1482 550 1526 590 in
1546 561 1671 591 caete-

309 617 361 656 ris
389 613 542 654 fabulis.

520 750 1067 800 ARGVMENTVM
1115 748 1460 796 EIVSDEM.

310 866 600 982 Cant-:Me
615 898 638 926 ε
668 884 851 938 grauidae
876 885 981 923 vxori
1007 883 1099 923 olim
1126 883 1414 933 interminatus,
1446 881 1475 922 fi
1502 883 1674 934 puellam

434 952 598 996 pareret,
626 942 733 979 nolle
752 941 846 979 tolli.
865 943 954 990 „At
982 939 1046 978 illa
1074 940 1171 980 clam
1196 941 1287 979 anui
1305 937 1531 980 Corinthiae
1558 941 1677 979 nutri-

311 1003 457 1044 endam
484 998 602 1039 dedit.
658 1000 772 1036 Hanc
797 994 963 1033 adultam
983 995 1121 1043 Clinia,
1143 996 1266 1034 inuito
1294 1006 1414 1047 patre,
1439 1009 1567 1035 amare
1586 1008 1675 1035 coe-

310 1060 392 1110 pit3
419 1056 535 1102 cuius,
552 1052 690 1091 duritia
719 1062 758 1090 et
776 1050 927 1090 affiduis
950 1050 1084 1102 iurgiis
1105 1051 1147 1089 in
1165 1051 1343 1090 militiam
1368 1049 1551 1103 proficisci
1573 1064 1676 1091 com-

311 1112 439 1168 pulsus
470 1110 536 1150 est.
590 1106 724 1148 Postea
749 1105 836 1145 facti
863 1116 1013 1157 patrem
1039 1105 1322 1146 Menedemum
1348 1106 1447 1146 adeo
1467 1109 1672 1159 poenituit,

310 1180 354 1209 vt
381 1167 513 1207 omnia
541 1163 748 1212 venderet,
780 1172 819 1200 et
838 1175 974 1215 agrum
993 1172 1159 1210 emeret,
1184 1163 1227 1201 in
1244 1175 1374 1213 eoque
1397 1160 1437 1201 se
1456 1175 1677 1204 exerceret:

312 1236 354 1264 vt
378 1224 425 1263 fic
450 1221 520 1261 filii
549 1221 731 1259 iniuriam
755 1215 1006 1257 vlcisceretur.
1062 1218 1179 1257 Paulo
1198 1217 1283 1270 post
1307 1219 1510 1258 reuertitur
1531 1221 1674 1266 Clinia,

312 1292 354 1320 et
379 1280 476 1319 clam
494 1287 601 1330 patre
623 1275 839 1314 deuertitur
856 1273 959 1325 apud
981 1272 1262 1326 Clitiphonem,
1287 1275 1352 1325 qui
1370 1284 1409 1312 et
1426 1272 1508 1326 ipse
1524 1275 1676 1315 amabat

310 1335 478 1376 scortum
493 1331 734 1374 Bacchidem.
793 1330 914 1371 Mittit
927 1329 1144 1369 arceffitum
1163 1330 1331 1381 cupitam
1347 1328 1589 1382 Antiphilam
1601 1333 1678 1372 Cli-

309 1393 401 1433 nia:
431 1404 519 1429 cum
547 1402 623 1440 qua
650 1399 689 1426 et
715 1385 874 1426 Bacchis
902 1398 977 1424 vna
1003 1387 1124 1426 venit.
1180 1388 1296 1425 Hanc
1314 1383 1578 1426 adolescentes
1599 1388 1677 1429 Cli-

309 1449 405 1488 niae
421 1447 570 1486 amicae
586 1443 761 1482 fimulant
777 1442 863 1495 Syri
883 1440 1043 1481 technis,
1098 1440 1300 1494 Antiphila
1317 1441 1364 1480 ad
1376 1453 1540 1483 matrem
1558 1442 1677 1482 dedu-

311 1505 431 1543 citur:
459 1502 567 1540 cuius
598 1497 793 1539 occafione
819 1500 933 1551 Syrus
952 1497 1091 1537 decem
1109 1500 1232 1537 minas
1258 1498 1531 1538 meretriculae
1551 1498 1676 1538 aufert

310 1574 336 1599 a
354 1558 581 1601 Chremete.
637 1554 799 1594 Dehinc
815 1553 1021 1606 Antiphila
1039 1553 1276 1606 Clitiphonis
1294 1551 1399 1592 soror
1416 1555 1614 1606 reperitur,
1636 1565 1679 1595 et

310 1616 468 1657 Cliniae
489 1614 532 1652 in
557 1625 718 1652 vxorem
747 1610 869 1648 datur.
926 1608 1118 1651 Chremes
1149 1609 1379 1650 Bacchidem
1401 1624 1422 1649 a
1448 1610 1679 1663 Clitiphone

310 1671 431 1713 'amari
465 1667 759 1709 animaduertit:
788 1664 980 1706 irascitur:
1008 1667 1223 1705 minitatur:
1252 1664 1338 1714 sed,
1372 1677 1411 1705 et
1435 1666 1676 1707 Menedemo

310 1726 543 1767 adhortante
557 1756 567 1774 ‚
596 1722 675 1763 filio
695 1720 879 1776 ignoscit:
910 1733 948 1761 et
963 1723 1078 1762 aliam
1105 1722 1162 1761 illi
1181 1721 1245 1761 dat
1262 1722 1485 1775 coniugem.
1543 1725 1589 1763 In
1601 1725 1680 1776 pri·

309 1798 373 1825 mo
399 1783 498 1823 Actu
526 1781 654 1834 agitur
683 1779 733 1818 de
751 1779 1029 1819 coniunctione
1050 1776 1202 1827 senum,
1231 1776 1372 1817 scilicet
1387 1776 1618 1819 Menedemi
1639 1791 1680 1818 et

311 1838 554 1883 Chremetis;
579 1835 687 1875 fimul
706 1846 744 1874 et
761 1836 813 1874 de
834 1835 1000 1874 amicitia
1017 1844 1056 1873 et
1074 1833 1329 1874 familiaritate
1354 1831 1678 1882 adolescentium;

310 1897 357 1935 in
374 1908 451 1946 qua
467 1891 640 1944 Clitipho
660 1890 938 1933 ardentislimus
958 1890 1180 1929 ostenditur,
1239 1889 1424 1929 Secundus
1441 1890 1558 1929 Atius
1586 1903 1679 1929 con-

311 1952 423 1998 tinet,
448 1946 776 2001 quemadmodum
797 1943 1064 1984 adolescentes
1081 1946 1217 1983 amicas
1235 1946 1483 1996 receperint;
1507 1945 1618 1986 simul
1637 1957 1677 1986 et

312 2007 399 2060 Syri
421 2005 600 2044 callidum
622 2002 831 2042 confilium.
893 2002 1039 2041 Tertius
1058 2001 1171 2040 Attus
1190 2001 1370 2052 exprimit
1382 2001 1468 2053 Syri
1486 1999 1678 2042 fallaciam

311 2064 357 2102 in
369 2060 588 2107 Chremem,
609 2070 647 2098 vt
666 2057 902 2098 Bacchidem
919 2057 1047 2097 credat
1055 2056 1212 2097 Cliniae
1231 2053 1309 2095 effe
1328 2057 1510 2106 amicam,
1539 2067 1580 2096 et
1596 2063 1677 2098 Au-

312 2118 493 2170 tiphilam
522 2113 726 2154 arrhaboni
755 2112 934 2152 Bacchidi
960 2113 1132 2151 relictam
1162 2109 1240 2151 effe
1263 2123 1376 2164 putet
1403 2125 1472 2163 pro
1496 2124 1675 2166 argento,

313 2173 420 2226 quod
439 2185 558 2212 anum
575 2169 818 2212 Corinthiam
837 2169 1031 2209 meretrici
1049 2167 1196 2207 debere
1215 2166 1337 2208 finxit.
1392 2171 1437 2208 In
1461 2182 1597 2221 quarto
1624 2174 1678 2209 A·

311 2231 375 2270 &u
399 2230 528 2282 agitur
546 2227 596 2266 de
615 2226 891 2279 recognitione
907 2224 1144 2276 Antiphilae‚
1173 2233 1214 2263 et
1231 2223 1281 2263 de
1301 2223 1518 2263 extorsione
1537 2237 1677 2277 argen-

312 2287 353 2334 ti,
376 2285 482 2337 quod
500 2282 680 2323 Bacchidi
699 2280 872 2333 Clitipho
891 2278 1125 2333 promiserat.
1179 2282 1350 2337 Qintus
1366 2280 1485 2320 Actus
1505 2283 1678 2321 continet

312 2342 490 2381 omnium
510 2352 636 2379 rerum
655 2336 949 2377 conuersionem
966 2336 1014 2377 ad
1023 2335 1212 2375 iucundos
1232 2338 1366 2384 exitus,
1387 2334 1574 2387 patefacta
1584 2349 1675 2376 cun-

313 2398 381 2437 &is
412 2397 638 2450 cognitione
662 2393 873 2448 gestorum:
905 2404 944 2433 et
970 2391 1296 2445 quemadmodum
1321 2390 1559 2442 Antiphilam
1587 2405 1675 2431 vxo-

314 2466 400 2493 rem
427 2454 558 2494 Clinia
594 2451 764 2493 duxerit:
801 2448 980 2504 Clitipho
1007 2461 1116 2502 vero,
1147 2444 1296 2494 dimifl'a
1320 2447 1531 2497 Bacchide,
1560 2448 1675 2502 aliam

314 2520 519 2563 acceperim

1404 2671 1408 2674 ⁴
1465 2686 1675 2748 FAssw
