1815 3168
465 152 996 199 HEAVTONTIM.

1311 160 1399 206 591

50 303 142 335 100
178 283 299 338 Quid
321 283 457 328 dixti?
495 277 587 329 Sy,
626 277 848 325 ademtum
882 274 960 323 tibi
992 278 1077 321 iam
1107 275 1202 322 faxo
1226 291 1406 322 omnem

273 368 439 403 metum
452 373 462 411 ·,

177 437 231 479 In
254 448 404 478 aurem
425 432 632 476 vtramuis
655 429 786 475 otiose
807 438 853 474 vt
873 426 1076 472 dormias.

178 505 362 553 CLl'r.
412 506 533 560 Quid
564 522 646 565 ago
681 500 833 551 nunc?
882 499 1066 547 CLlN.
1112 500 1252 547 tune?
1300 500 1407 562 quid

275 582 383 628 boni
408 579 480 626 est.
516 577 560 627 C
579 591 700 625 Ll'r.
737 582 856 640 Syre,
882 576 949 622 dic
976 573 1112 622 modo

178 662 361 705 Verum.
401 653 487 704 SY.
528 671 607 715 age
628 653 787 700 modo:
823 651 956 698 hodie
985 652 1105 703 sero,
1153 667 1199 695 ac
1232 651 1406 712 nequic-

276 749 406 795 quam
434 731 569 777 voles.

178 803 360 854 CLIN.
392 811 554 852 Datur:
590 805 734 850 fruare
760 802 865 850 dum
889 801 1010 848 licet:
1048 818 1150 847 nam
1176 799 1332 847 nescias

54 900 145 947 105
177 885 282 930 Eius
303 880 352 927 fit
373 879 558 945 potestas
579 878 769 943 posthac,
793 897 847 925 an
868 894 1108 940 nunquam,
1139 863 1250 923 tibi(

181 954 356 1004 CLIT.
396 960 518 1017 Syre,
550 957 745 1018 inquam.
784 951 871 1002 SY.
908 969 1047 1020 perge
1068 969 1232 1017 porro,
1263 961 1411 997 tamen

276 1030 382 1078 istuc
405 1047 503 1092 ago.

107 1265 184 1297 101
216 1253 264 1292 ln
274 1265 398 1292 aurem
409 1251 610 1306 vtramuis]
637 1256 706 1294 Lo·

50 1324 98 1350 co
119 1309 323 1362 prouerbii,
342 1311 382 1347 in
404 1322 479 1356 θος,
501 1311 567 1360 qui
589 1308 707 1348 securi

52 1378 92 1406 et
124 1365 230 1405 otiofi
249 1366 364 1404 vitam
385 1365 540 1403 ducunt.
598 1365 706 1405 Talis

52 1421 244 1462 sententia
263 1431 302 1459 et
320 1419 422 1471 apud
434 1420 706 1468 Menandrum,

50 1491 156 1529 quae
171 1477 309 1516 Latine
328 1475 375 1514 {ic
393 1477 639 1527 exprimitur:
665 1476 710 1513 In

55 1547 182 1574 aurem
206 1545 411 1583 veramque,
437 1544 546 1585 quum
566 1533 710 1585 quidem

55 1590 185 1629 dotata
212 1587 276 1640 est,
308 1587 426 1627 cubet.
487 1590 560 1626 Per
581 1602 711 1627 aurem

53 1646 227 1685 dextram
239 1644 414 1682 dextrum
425 1644 519 1682 latus
529 1643 604 1682 defi
609 1655 714 1697 gnat,

56 1714 129 1754 per
166 1699 349 1739 fiuistram
377 1712 466 1739 vero
494 1700 590 1739 latus
624 1699 715 1739 fini-

55 1757 183 1797 strum.
238 1757 284 1799 C.

114 1814 160 1851 In
181 1824 307 1851 aurem
328 1811 531 1866 vtramuis]
562 1810 713 1850 Basilius

58 1870 228 1921 Magnus
245 1866 328 1914 πρὸς
344 1867 406 1910 τές
436 1874 517 1910 νέες·
544 1866 594 1904 ἐπ’
613 1868 714 1912 ἄμφω

59 1921 252 1962 καθεᾶδυσι.
284 1924 398 1963 Plaut.
419 1922 590 1963 Pseudol.
622 1935 655 1971 Ι,
683 1936 713 1971 1,

62 1992 152 2023 121.
191 1979 249 2017 De
269 1977 380 2030 zsthac
402 1994 439 2017 re
464 1982 502 2017 in
520 1977 659 2017 oculum
676 1992 714 2016 v-

60 2038 219 2078 trumuis
256 2035 512 2088 conquiefiiw.
551 2037 634 2076 CA.
668 2034 716 2072 Ο-

61 2093 180 2131 culum
195 2104 333 2141 mrum,
353 2105 446 2130 anne
463 2095 611 2132 aurem?
638 2095 665 2131 P
681 2102 716 2130 s.

62 2150 117 2189 At
166 2147 231 2187 hoc
268 2149 531 2203 peruulgatam
571 2145 618 2200 est
651 2148 718 2185 mi-

63 2217 145 2244 nus.
203 2205 243 2243 L.

120 2258 343 2299 Menander
361 2257 465 2310 apud
483 2258 654 2298 Gellium
673 2269 721 2306 11,

65 2327 135 2367 23.
155 2315 215 2353 ἐπ’
235 2320 424 2362 ἀμφοτέραν
444 2314 484 2353 ἵν’
504 2316 666 2357 ἔπίκλινης
686 2307 720 2361 ἦν,

68 2374 190 2416 μέλλων
208 2370 432 2414 καθευδήσων.
490 2374 543 2410 Ita
576 2383 646 2408 nos
667 2369 721 2406 lo-

70 2439 159 2465 cum
188 2438 403 2476 corruptum
430 2425 721 2466 emendandum

71 2479 285 2523 censemus.
337 2485 377 2522 Z.

131 2550 208 2579 102
234 2536 341 2590 Qid
362 2552 433 2592 ago
460 2536 607 2591 nurch]
644 2538 723 2577 Du-

71 2593 158 2648 bius
179 2606 216 2633 et
233 2596 327 2632 cir‘ca
348 2594 534 2643 pericula,
567 2605 604 2632 et
624 2593 723 2630 circa

72 2652 233 2689 amicam
250 2678 263 2701 ,
314 2650 465 2701 quaerit
510 2647 721 2694 confihum.

1248 1106 1411 1150 CL1T.

755 1250 872 1307 Qud
901 1247 992 1287 boni
1020 1247 1085 1302 est]
1115 1249 1213 1287 Nam
1243 1245 1329 1285 boni
1356 1245 1413 1286 est

756 1308 859 1346 velle
877 1304 1082 1345 abscedere
1099 1302 1250 1343 lasciuas
1276 1303 1416 1342 mulie-

756 1376 827 1402 res.
881 1365 928 1401 Et
947 1361 1019 1399 hoc
1041 1369 1165 1399 totum
1176 1359 1270 1398 dicit
1287 1358 1416 1398 riden-

757 1418 807 1457 do
828 1430 928 1457 eum.
984 1418 1030 1457 C.

815 1474 942 1512 Tune?
980 1471 1072 1525 quid
1098 1469 1201 1524 boni]
1245 1467 1417 1511 Praecisa

758 1529 854 1569 haec
874 1528 996 1567 oratio
1015 1528 1153 1567 ordine
1171 1526 1253 1565 tali:
1285 1523 1418 1568 Tune?

762 1585 860 1639 quod
876 1584 966 1623 boni
986 1583 1043 1635 est,
1055 1585 1209 1635 fruare,
1225 1583 1309 1620 dum
1319 1582 1417 1621 licet.

761 1639 898 1682 Rursus
925 1640 998 1679 alia
1022 1637 1206 1691 praecisa:
1237 1639 1342 1677 Nam
1360 1651 1418 1677 ne·

750 1697 874 1750 scias]
904 1696 1026 1738 Cuius
1047 1693 1140 1733 ordo
1160 1693 1234 1740 est3
1273 1697 1347 1733 eius
1362 1694 1417 1744 fit

755 1752 928 1807 potestas,
958 1750 1103 1805 posthac
1120 1763 1320 1802 nunquam.
1349 1753 1395 1789 E.

822 1821 896 1861 103
927 1811 1010 1862 Age
1028 1806 1154 1859 modo]
1176 1806 1237 1845 Sic
1250 1818 1419 1856 pronunn

764 1865 944 1904 ciandum
965 1863 1028 1910 est,
1046 1872 1085 1901 vt
1102 1863 1216 1914 Syrus
1238 1859 1419 1906 discedas

764 1932 805 1960 et
825 1921 925 1959 dicat
943 1919 1090 1957 amicae
1109 1916 1360 1969 Clitiphonis,
1384 1932 1395 1954 ν.
1408 1929 1421 1953 -3

765 1976 922 2016 domum
942 1983 1167 2013 reuertatur.
1205 1975 1257 2013 Ac
1275 1976 1420 2026 nequic-

766 2032 891 2086 quam]
920 2030 963 2071 Id
976 2029 1040 2079 est,
1052 2028 1188 2068 frustra
1200 2030 1314 2078 voles,
1329 2043 1422 2080 quw

768 2091 874 2129 niam
893 2086 1015 2126 statim
1036 2084 1234 2123 reuocabis
1248 2086 1420 2124 volunta-

768 2156 870 2192 tem,
898 2153 937 2181 et
955 2141 1166 2193 impedies,
1198 2153 1275 2191 quo
1293 2141 1422 2179 minus

767 2201 892 2239 dicam
909 2209 1065 2244 verum,
1097 2206 1138 2235 vt
1163 2197 1268 2247 prius
1287 2195 1422 2236 fecisti.

766 2257 842 2296 Vel
867 2254 893 2293 fi
922 2268 966 2293 ne
984 2263 1023 2292 et
1040 2254 1233 2305 quicquam
1251 2251 1322 2292 fint
1348 2251 1423 2290 duo

768 2310 894 2358 verba,
919 2321 1011 2348 tunc
1030 2308 1078 2347 fic
1093 2306 1283 2357 construe,
1305 2310 1359 2347 Ac
1370 2322 1424 2356 ne,

769 2370 793 2407 i.
815 2380 847 2405 e.
868 2379 950 2404 non
968 2364 1083 2411 voles,
1113 2376 1194 2403 non
1213 2366 1425 2413 permittes)

770 2426 965 2477 quicquam
1006 2418 1147 2459 scilicet
1180 2418 1255 2457 dici
1288 2434 1309 2459 a
1350 2433 1426 2459 me.

771 2483 868 2520 Nam
888 2475 1090 2528 impedies,
1112 2486 1150 2513 vt
1168 2476 1284 2526 prius.
1324 2476 1371 2517 C.

832 2538 909 2577 106
938 2533 1037 2583 Syre,
1069 2531 1241 2585 inquam]
1272 2533 1429 2570 Interea

770 2593 888 2644 Syrus
921 2589 970 2630 ad
988 2587 1170 2626 mulieres
1199 2583 1237 2627 se
1254 2586 1428 2626 consere-

774 2646 848 2699 bat,
888 2658 1007 2698 quem
1027 2642 1237 2688 abeuntem
1255 2642 1428 2694 Gnipho

1301 2701 1426 2750 primu
