1815 3168
367 152 549 184 Lxxvnx
784 136 875 180 DE
912 135 1290 181 TH-EATRO.

371 257 488 299 etiam
508 269 557 296 ex
577 254 803 300 auEfflt-ibus,
826 255 892 306 qui
917 254 966 293 de
988 253 1058 293 hac
1082 250 1405 306 rescripserunt,
1434 255 1731 307 comprehendi-

369 327 468 354 mus.
501 315 635 363 ltaque
655 312 822 363 primum
843 310 1145 362 intelligendum
1167 311 1220 348 est
1238 311 1586 361 (quemadmodum
1616 313 1732 364 paulo

370 381 462 411 ante
481 367 738 419 docebamus)
755 367 967 406 Theatrum
981 364 1089 405 fuifl'e
1106 367 1147 403 in
1168 364 1391 405 semicirculi
1404 365 1565 420 figuram
1577 380 1732 421 compo-

367 425 495 475 fitum,
514 436 631 475 atque
650 425 699 462 ita
720 422 1013 465 conformatum,
1033 432 1072 460 vt
1090 432 1218 472 aeque
1236 420 1364 474 gestus
1382 420 1657 474 prospicerent,
1687 436 1732 463 ac

369 493 484 522 voces
503 480 681 520 audirent
699 479 800 530 (line
821 478 986 516 tumultu
1006 479 1155 526 tamen)
1176 478 1243 527 qui
1263 477 1310 515 ad
1331 478 1448 517 latera
1458 489 1498 517 et
1517 481 1558 517 in
1577 477 1733 519 summis

369 537 550 578 sederent
570 535 762 588 gradibus,
786 544 902 584 atque
924 534 962 580 ii,
983 533 1051 584 qui
1071 533 1111 570 in
1133 533 1218 571 imis
1229 533 1334 572 iuxta
1344 534 1518 574 Scenam.
1569 537 1732 576 caueam

369 607 509 634 vocare
538 591 688 631 videtur
717 590 865 629 Plinius
893 590 1022 627 locum
1043 588 1084 626 in
1101 585 1286 635 Theano,
1316 589 1497 641 gradibus
1515 604 1559 630 ac
1578 588 1732 631 sedibus

370 649 624 689 consti-ustum
643 657 759 697 atque
779 644 1038 696 compofitum,
1057 643 1099 682 in
1119 656 1198 696 quo
1215 638 1366 683 sederet
1385 646 1565 697 populus.
1597 650 1732 690 Cauea

367 704 448 758 ipsa
468 705 616 755 (inquit
641 701 691 741 de
707 700 880 741 Theatra
899 699 1052 752 Scauri)
1082 700 1186 752 cepit
1213 699 1418 739 hominum
1436 702 1632 756 octoginta
1650 703 1735 742 mil-

367 762 440 801 lia:
473 772 561 799 cum
581 758 758 809 Pompeii
774 756 934 796 Theatri
954 755 1019 808 (fic
1040 757 1144 797 enim
1165 754 1379 809 legendum
1399 756 1472 797 est:
1503 768 1605 810 nam}
1627 773 1734 798 nun-

369 830 486 869 quam
504 815 713 866 Pompeius
735 811 1050 864 Amphiteatrum
1067 812 1212 864 edidit)
1234 813 1349 851 toties
1359 810 1615 866 multiplicata
1626 815 1730 863 vrbe,

367 883 556 923 tantoque
575 871 722 910 maiore
731 870 889 922 populo,
901 866 1056 908 sufficiat
1066 869 1178 921 large
1190 869 1447 921 quadraginta
1458 870 1575 910 millia
1585 869 1730 910 sedere.

366 928 448 969 Nisi
468 928 590 966 mauis
610 929 782 968 Caueam
803 926 980 977 accipere
996 936 1067 977 pro
1094 935 1174 964 tota
1192 924 1350 965 Theatri
1370 927 1593 977 capacitate,
1622 938 1658 966 vt
1677 937 1732 965 et-

367 985 443 1025 iam
461 986 626 1025 Scenam
647 979 765 1035 ipsam
784 981 1104 1032 comprehendas,
1124 981 1230 1033 quod
1249 991 1379 1020 tamen
1399 982 1527 1020 minus
1547 983 1733 1033 probaue-

367 1042 454 1081 ritn.
517 1035 667 1078 Gradus
687 1049 818 1078 autem
835 1037 1058 1078 dicebantur
1075 1038 1116 1076 in
1136 1035 1215 1089 ipsa
1233 1035 1373 1076 leniter
1401 1040 1604 1089 pendente
1627 1037 1734 1078 thea-

368 1097 418 1136 tri
448 1095 593 1144 soi-ma,
621 1093 729 1135 sedes
750 1094 939 1147 lapideae,
974 1095 1015 1133 in
1032 1093 1288 1146 hemicyclum
1312 1094 1426 1132 etiam
1448 1094 1677 1143 exstructae,
1704 1105 1729 1134 e

368 1152 511 1206 quibus
523 1152 726 1191 commode
736 1149 992 1203 prospiciebat
1003 1151 1182 1202 populus.
1203 1151 1327 1201 Super
1339 1148 1396 1188 his
1406 1150 1600 1189 Gradibus
1614 1153 1728 1203 (quos

365 1223 448 1251 non
468 1206 630 1261 amplius
650 1208 876 1259 quindecim
905 1202 982 1246 effe
998 1207 1254 1252 coniecimus)
1284 1203 1468 1244 sedebant
1485 1203 1727 1256 spec‘latores,

366 1276 409 1305 et
427 1264 476 1304 ad
496 1278 566 1305 eos
583 1264 857 1315 vndecumque
874 1261 1163 1309 commeabant,
1197 1261 1304 1300 nullo
1334 1261 1440 1300 inter
1460 1259 1730 1300 conscenden-

366 1322 462 1362 dum
482 1318 594 1361 alteri
615 1334 759 1359 noxam
777 1318 979 1359 afferente.
1032 1318 1126 1357 Illuc
1152 1327 1282 1355 autem
1304 1328 1375 1366 per
1397 1319 1556 1357 Cuneos
1577 1317 1730 1357 accede-

365 1377 472 1423 bant,
493 1378 560 1428 qui
581 1388 663 1415 tum
685 1376 725 1414 in
748 1375 825 1413 ima
843 1378 878 1413 T
881 1373 1004 1413 heau-i
1024 1385 1153 1419 cauea,
1175 1383 1257 1411 tum
1267 1366 1512 1424 etiam'supra
1522 1369 1650 1424 ipsam,
1661 1372 1730 1412 ad'·

366 1447 416 1474 eo
437 1429 644 1485 ingeniose
665 1428 896 1469 conformati
917 1439 1046 1476 erant,
1081 1438 1120 1467 vt
1142 1427 1188 1467 ab
1212 1428 1257 1466 iis
1275 1440 1344 1479 pet·
1363 1427 1456 1467 alios
1474 1425 1628 1467 scalares
1648 1439 1730 1482 gra·

366 1490 439 1528 dus
459 1489 507 1527 ad
528 1486 748 1539 quemlibet
765 1486 927 1540 gradum
946 1483 1211 1537 spectatorium
1221 1483 1344 1523 facilis
1356 1495 1505 1535 pateret
1514 1482 1728 1525 adscensus.

369 1547 484 1586 Cunei
502 1542 804 1596 speclaculorum
825 1543 974 1594 (inquit
995 1541 1210 1593 Vitruuius)
1232 1541 1272 1579 in
1291 1539 1460 1580 Theatro
1479 1542 1533 1579 ita
1552 1540 1730 1581 diuidan-

369 1609 441 1650 tur,
463 1602 515 1639 ντὶ
535 1598 670 1653 anguli
690 1601 945 1653 trigonorum,
971 1598 1038 1650 qui
1063 1605 1222 1636 currunt
1242 1597 1386 1635 circum
1406 1607 1642 1637 curuaturam
1662 1597 1730 1636 cir-

366 1657 585 1703 cinadonis,
604 1656 778 1707 dirigant
796 1650 982 1702 ascensus,
1004 1650 1193 1703 scalasque
1212 1653 1314 1690 inter
1332 1654 1492 1692 Cuneos
1504 1653 1551 1691 ad
1563 1654 1727 1704 primam

364 1713 706 1767 praecinctionem.
736 1713 861 1762 Supra
887 1720 1019 1749 autem
1042 1703 1417 1747 alternisitineribus
1428 1705 1641 1759 superiores
1651 1711 1729 1750 Cu-

364 1771 432 1810 nei
478 1765 597 1808 medii
627 1768 855 1820 dirigantur.
932 1766 1064 1808 Cunei
1109 1765 1151 1803 in
1188 1765 1269 1803 imo
1305 1764 1520 1817 dirigentes
1562 1761 1729 1813 scalaria,

365 1835 479 1865 erant
527 1835 694 1863 numero
744 1819 902 1876 septem.
979 1820 1131 1864 Gradus
1181 1818 1504 1872 speiiaculorum,
1557 1822 1609 1860 vti
1645 1818 1730 1860 sub.

365 1878 471 1921 sellia
531 1879 739 1932 composita
757 1907 766 1929 ,
821 1888 930 1919 erant
985 1889 1067 1916 non
1123 1877 1254 1916 minus
1307 1876 1374 1914 alti
1430 1876 1560 1928 palmo
1605 1877 1723 1929 pede,

364 1948 447 1977 non
493 1935 580 1988 plus
623 1935 727 1988 pede
772 1942 816 1975 et>
858 1934 990 1988 digitis
1037 1932 1103 1972 sex
1121 1963 1129 1981 ,
1184 1931 1410 1971 latitudines
1457 1944 1593 1972 eorum
1643 1944 1727 1973 non

363 1995 451 2046 plus
474 1992 594 2044 pedes
611 1993 706 2031 duos
725 1987 845 2040 semis,
867 2004 951 2029 non
968 1991 1097 2029 minus
1119 1989 1238 2040 pedes
1256 1987 1351 2027 duos
1381 1988 1726 2039 constituebantur,

364 2060 407 2089 vt
424 2061 494 2101 per
512 2049 553 2087 id
574 2044 735 2100 spatium
752 2049 881 2095 latius,
903 2044 970 2085 seu
994 2058 1064 2098 per
1082 2043 1344 2084 ambulacrum
1375 2043 1589 2096 quoddam,
1615 2047 1725 2085 nullo

363 2106 538 2158 negotio,
557 2103 633 2143 huc
654 2111 772 2156 atque
790 2102 896 2154 illuc,
917 2103 1106 2152 aci-vacuas
1125 2099 1231 2140 sedes
1242 2100 1437 2141 deerraret
1454 2102 1635 2154 populus,
1648 2097 1727 2141 abs-

363 2173 445 2213 que
462 2173 596 2200 eorum
615 2158 878 2206 incommodo,
901 2160 968 2210 qui
993 2160 1070 2198 iarn
1089 2152 1358 2197 consedissent.
1416 2157 1502 2197 Post
1531 2167 1604 2196 tres
1632 2169 1726 2208 quo—

362 2229 442 2269 que
461 2217 632 2270 singulos
651 2216 802 2270 gradus,
823 2216 887 2268 qui
907 2226 1062 2267 quartus
1086 2216 1126 2253 in
1151 2213 1330 2253 ordinem
1348 2209 1582 2262 succedebat,
1601 2212 1723 2265 duplo

360 2274 476 2312 latior
494 2283 576 2312 erat
598 2274 770 2321 caeteris,
793 2273 839 2311 ad
861 2273 1052 2310 leuiorem
1064 2275 1097 2311 T
1103 2270 1223 2309 beatri
1241 2267 1534 2320 procliuitatem‚
1555 2279 1596 2308 et
1607 2280 1644 2308 vt
1654 2270 1726 2309 fin.

361 2329 465 2383 gulis
487 2327 692 2368 ordinibus
710 2329 850 2382 finguli
868 2337 943 2367 tres
960 2327 1101 2380 gradus
1126 2326 1449 2376 relinquerentur.
1503 2329 1562 2366 Ac
1587 2338 1639 2364 ne
1658 2339 1726 2378 pe—

361 2387 500 2424 tulanti
518 2393 585 2424 aut
604 2381 788 2424 insolenti
811 2385 959 2436 populo
989 2395 1134 2436 proper
1165 2379 1274 2421 sedes
1302 2377 1556 2432 quantumuis
1576 2378 1724 2422 accessu

358 2440 504 2486 faciles,
525 2441 778 2492 praeberetur
795 2443 902 2480 rixae
922 2437 1042 2487 causa,
1071 2448 1223 2478 cautum
1244 2449 1324 2476 erat
1341 2450 1394 2477 ne
1413 2437 1629 2489 quilibetin
1641 2438 1726 2490 qui-

361 2496 438 2536 bus
440 2497 536 2536 libet
551 2494 730 2537 sederent
747 2495 948 2551 gradibus:
978 2493 1100 2536 sedin
1119 2493 1236 2533 tribus
1254 2494 1401 2544 primis,
1421 2490 1726 2545 quiproximies-

361 2552 449 2593 sent
466 2556 619 2594 Scenae
638 2554 798 2605 pulpito,
818 2553 1069 2604 amplissimae
1088 2562 1128 2590 et
1147 2560 1342 2589 extremae
1360 2549 1558 2602 dignitatis
1579 2551 1659 2598 viri,
1680 2551 1724 2590 in

361 2608 612 2663 sequentibus
630 2608 858 2660 consulares,
879 2610 921 2649 in
939 2609 1023 2649 aliis
1043 2606 1215 2661 patricii,
1246 2618 1288 2645 ac
1306 2606 1492 2660 deinceps
1512 2606 1661 2658 plebeii
1679 2607 1724 2645 in

1567 2663 1727 2714 reliquis
