1815 3168
349 157 419 186 xz
760 145 925 191 DAN.
961 147 1308 206 HEINSIVS,

350 261 484 310 Quare
512 260 697 304 diuinitus
728 264 776 303 ab
799 264 1004 306 Aristotele
1025 267 1166 308 dietum
1194 269 1267 319 est,
1301 281 1452 323 partem
1472 271 1718 322 turpitudinis

349 313 450 364 esse,
480 318 520 356 id
540 321 644 371 quod
666 320 719 360 est
738 321 950 361 ridiculum.
1009 321 1163 363 Diserte
1181 327 1289 365 enim
1319 328 1390 376 ait,
1419 327 1471 366 ὅτι
1503 328 1545 366 τι)
1571 334 1712 377 «γελοῖον,

346 371 459 419 μόριον
488 378 533 413 τῦ
550 380 679 422 azam&
699 381 774 416 ε’ςιν.
832 380 886 416 lta
907 390 1008 429 quae
1026 380 1087 418 vel
1111 380 1153 418 in
1175 381 1300 420 verbis
1327 384 1522 423 {rufior-um
1549 384 1610 423 vel
1633 381 1718 423 sen·

348 428 467 475 sibus,
498 432 557 470 vel
579 433 618 471 in
637 431 816 472 sermone
833 432 1043 474 hominum
1063 445 1101 474 et
1120 434 1249 485 factis,
1281 449 1344 476 aut
1371 438 1520 479 detorta
1550 437 1632 478 sunt
1650 450 1717 479 aut

347 485 578 536 deprauata,
613 489 762 527 animos
780 489 959 540 plebeios
978 490 1234 531 vehementer
1259 505 1441 544 mouent,
1472 506 1512 535 et
1537 494 1609 534 hoc
1631 492 1713 546 ipso

344 539 458 579 risum
492 554 530 581 vt
559 544 767 594 plurimum
796 547 1007 585 excutiunt.
1064 545 1239 598 Ideoque
1264 548 1436 589 inusitata
1465 551 1561 590 dicta
1586 562 1623 589 et
1644 551 1711 590 ob·

345 595 508 644 scoena,
554 601 788 650 optimorum
825 601 1112 648 cauillationes,
1157 602 1403 657 singulorum
1439 607 1708 656 contumelias,

341 650 556 693 sententias
582 653 1003 709 pei-ue1·sas‚-ideoque
1031 655 1326 710 inexspefflatas‚
1351 660 1502 713 aliaque
1525 663 1564 701 id
1583 675 1708 716 genus

340 710 490 760 (qualis
518 711 683 749 imitatio
709 711 896 751 diciorum
924 714 984 752 vel
1013 712 1223 763 faetor-um,
1257 727 1296 755 et
1322 717 1497 769 inprimis
1517 719 1710 770 improbo-

339 767 451 817 rum)
481 764 593 806 risum
621 768 791 806 maxime
819 769 860 807 in
890 769 1125 818 Comoedia,
1151 785 1266 822 quam
1294 775 1480 813 Veterem
1509 774 1707 826 dicebant,

339 819 561 872 expreffist'e
585 823 745 864 constat.
802 825 923 873 Quod
943 826 1181 879 intelligunt,
1212 828 1276 879 qui
1296 830 1458 881 genium
1478 829 1626 869 ridiculi
1648 831 1708 869 in'-

340 879 524 930 telligunt
543 889 658 929 atque
677 878 866 918 indolem.
925 882 1048 922 Cuius
1075 880 1248 936 segetem
1273 884 1512 937 largissimam
1532 886 1592 925 vel
1611 899 1707 925 vnus

337 934 618 984 Aristophanes
639 932 870 986 suppeditat.
933 938 1015 988 Qui
1042 952 1123 979 non
1145 939 1265 979 modo
1285 941 1479 988 Plautum,
1511 939 1578 981 sed
1597 939 1707 993 quos-

337 1001 494 1040 cunque
521 988 591 1028 hac
623 991 664 1029 in
687 1001 797 1042 parte
826 988 1041 1044 superauit,
1071 992 1284 1047 omnesque
1308 1000 1354 1035 τὲ
1371 1004 1483 1046 γελοῖε
1507 997 1642 1037 modos
1660 1009 1705 1037 ac

335 1044 479 1097 figuras
506 1046 738 1097 lepidiffime
756 1048 962 1099 expr·effit.=
1004 1051 1192 1102 Denique
1210 1063 1248 1091 vt
1270 1063 1439 1102 acetum,
1473 1053 1541 1092 nifi
1568 1055 1704 1093 vinum

333 1101 380 1139 fit
395 1113 634 1153 corruptum,
673 1103 825 1142 bonum
846 1117 1049 1156 nunquam
1069 1108 1161 1153 e1·it;
1191 1108 1242 1146 ita
1263 1121 1365 1159 quae
1390 1108 1533 1149 fincera
1559 1107 1643 1148 sunt
1662 1119 1702 1148 et

336 1169 446 1203 vera,
495 1156 609 1196 risum
645 1172 853 1210 nunquam
889 1161 1121 1202 excitabunt.
1179 1163 1363 1215 Apposite
1399 1166 1699 1216 Quinftilianus,

333 1212 397 1252 vbi
423 1213 473 1253 de
491 1214 695 1255 Ridiculo:
724 1218 776 1255 Et
797 1215 938 1255 hercule
960 1217 1183 1269 omnisfizlst}
1202 1221 1346 1259 dicendi
1373 1223 1471 1260 ratio
1500 1224 1541 1259 in
1569 1234 1608 1259 eo
1639 1220 1698 1272 est,

333 1282 377 1307 vt
405 1270 512 1308 aliter
531 1284 639 1322 quam
666 1271 717 1324 est
743 1273 880 1312 redum
898 1287 1095 1327 verumque
1115 1275 1269 1315 dicatur.
1327 1278 1462 1326 Quare
1483 1287 1521 1315 et
1541 1289 1700 1328 compo-

330 1324 420 1364 §itus
440 1326 486 1364 ad
507 1324 621 1366 risum
643 1325 784 1375 sermo,
816 1327 863 1366 ab
886 1331 1063 1368 oratione
1087 1331 1208 1379 refta,
1241 1344 1357 1382 quam
1381 1332 1550 1375 πολιτικῆν
1577 1332 1697 1385 magi·

329 1381 394 1419 stri
414 1394 562 1429 vocant,
591 1396 708 1433 quam
729 1384 949 1436 longissime
968 1385 1082 1424 abeat
1103 1383 1257 1426 necesse
1279 1387 1351 1434 est,
1383 1389 1491 1426 cuius
1512 1388 1705 1440 propriae¹

329 1437 509 1482 virtutes,
541 1444 559 1479 a?
578 1437 766 1486 σαφήνεια,
797 1446 816 1481 ἡ
836 1444 1013 1490 &Ji-cecam,
1044 1448 1062 1484 ἡ
1092 1442 1253 1490 ἀλήθεια,
1279 1442 1545 1496 perspicuitas,
1572 1446 1694 1496 aequi-

327 1505 410 1537 tas,
424 1491 661 1545 simplicitas,
693 1496 851 1541 veritas,
880 1508 1094 1548 ponuntur.
1153 1500 1243 1549 Qua
1259 1499 1301 1538 in
1322 1511 1431 1552 parte
1448 1498 1557 1552 supra
1574 1500 1693 1539 admi·

325 1549 520 1587 rationem
541 1552 718 1603 omnium
739 1551 969 1598 Menander
988 1554 1090 1606 apud
1116 1556 1306 1604 Graecos,
1334 1558 1542 1596 Terentius
1553 1560 1695 1597 Roma-

327 1605 389 1643 nis
411 1604 530 1644 fuerit
560 1604 716 1646 neceffe
742 1607 819 1647 est:
851 1609 917 1660 qui
943 1620 982 1648 vt
1000 1611 1087 1650 viris
1104 1608 1336 1667 sapientibus
1353 1625 1396 1651 ac
1414 1613 1570 1651 eruditis
1591 1612 1693 1651 volu·

323 1671 472 1713 ptatem
501 1662 633 1712 potius,
662 1661 869 1711 afferrent,
901 1678 1280 1718 quam—quacunque
1308 1668 1460 1707 ratione
1482 1665 1597 1707 risum
1625 1681 1691 1708 ex-

323 1727 567 1767 torquerent,
587 1717 733 1770 duplici
756 1720 1001 1761 iucunditate
1020 1722 1218 1761 vtilitatem
1242 1724 1475 1771 (imitatione
1494 1725 1594 1763 vitae
1622 1721 1691 1762 sci-

322 1773 416 1812 licet
435 1771 646 1821 humanae,
677 1787 716 1813 et
739 1776 962 1815 inimitabili
980 1778 1133 1829 lepore)
1154 1777 1398 1818 condierunt.
1453 1782 1565 1819 Metu
1579 1780 1688 1820 enim

321 1828 604 1868 Macedonicae
626 1832 846 1883 potentiae,
878 1833 1033 1873 licentia
1059 1835 1273 1886 Antiquae,
1309 1845 1349 1874 vt
1380 1832 1583 1875 obseruant
1603 1836 1690 1876 Cri-

322 1884 410 1929 tici,
447 1883 604 1924 defecit.
663 1887 782 1928 Cuius
809 1889 938 1927 locum
968 1892 1170 1941 occupauit
1206 1893 1331 1930 Noua.
1394 1893 1513 1933 Cuius
1547 1903 1586 1930 et
1614 1889 1689 1930 sor·

286 1980 289 1983 ,
321 1953 426 1979 mam
456 1940 633 1981 nondum
660 1945 818 1994 penitus
849 1941 984 1984 vidifl'e
1011 1945 1240 1995 absolutam,
1272 1944 1336 1987 sed
1363 1948 1440 1987 iam
1467 1945 1686 1999 concepisse

320 1997 473 2044 animo,
511 2008 666 2049 putatur
698 1998 933 2041 Aristoteles.
991 2003 1085 2043 Eius
1117 2017 1209 2042 vero
1243 2004 1398 2067 vni'fium
1429 2004 1678 2056 propositum,

318 2051 510 2091 humanos
531 2051 639 2093 noffe
658 2056 934 2106 atqueimitari
953 2071 1094 2099 mores.
1149 2061 1242 2110 Quo
1269 2069 1318 2098 et'
1333 2063 1384 2100 D.
1408 2061 1574 2099 Hieron.
1593 2061 1683 2111 Epi-

316 2107 411 2147 stola
439 2107 486 2147 ad
510 2108 682 2159 Furiam,
712 2111 763 2152 de
788 2113 974 2153 viduitate
1005 2112 1191 2155 seruanda
1220 2113 1392 2168 respicit,
1424 2128 1510 2155 cum
1531 2117 1681 2166 inquit:

317 2164 398 2203 Nec
416 2167 573 2214 mirum,
604 2166 672 2205 hoc
686 2165 844 2222 figulum
863 2169 1007 2221 finfiffe
1034 2172 1077 2211 de
1097 2167 1261 2223 vzzfizth,
1296 2172 1395 2224 quod
1414 2170 1489 2225 ips&
1507 2171 1681 2222 fizbrica·

265 2268 270 2273 Ι
316 2232 377 2260 tus
399 2219 468 2273 cst,
496 2234 580 2260 cum
599 2224 709 2262 etiam
732 2225 920 2274 Comicus,
952 2230 1055 2266 cuius
1065 2225 1157 2279 finis
1178 2228 1423 2282 est‘humanos
1450 2242 1566 2268 mores
1585 2227 1679 2279 nosfi

314 2275 823 2330 atquedfiribere‚dixerit:
849 2294 977 2322 smr:
1008 2296 1219 2324 CERERE
1236 2294 1303 2324 ΕΤ
1324 2296 1536 2324 masao
1569 2295 1679 2323 Fiu-

315 2343 423 2372 Gss‘r
459 2345 651 2376 vEst.
719 2338 858 2377 Omnis
887 2348 1016 2378 autem
1049 2340 1231 2387 imitatio,
1271 2351 1312 2379 vt
1345 2340 1475 2392 postea
1504 2339 1676 2378 dicemus

341 2388 506 2438 Iuribus,
538 2401 672 2430 natura
701 2392 828 2444 placet
856 2404 896 2432 et
923 2390 1099 2435 delectat.
1156 2398 1244 2435 Hoc
1270 2396 1376 2435 enim
1407 2397 1601 2449 proprium
1622 2394 1677 2434 est

310 2401 504 2493 iiominis,
541 2457 581 2485 vt
608 2448 713 2487 re5‘ce
742 2449 989 2499 Aristoteles,
1022 2451 1090 2503 qui
1116 2461 1156 2491 et
1181 2449 1448 2498 μιμητικῶτατος
1474 2455 1538 2489 τῶν
1568 2448 1674 2499 ζώων,

309 2500 451 2539 merito
473 2500 520 2540 ab
543 2514 590 2541 eo
610 2503 760 2544 dicitur.
820 2506 904 2544 Ioci
932 2519 1043 2556 vero,
1077 2506 1102 2547 fi
1119 2518 1299 2560 petantur
1316 2508 1498 2561 vndique,
1522 2505 1675 2546 molesti

308 2569 353 2595 ae
370 2555 523 2609 frigidi,
550 2568 616 2597 aut
637 2558 841 2600 theatrales
860 2560 979 2612 fiunt,
1005 2562 1031 2602 fi
1051 2578 1073 2603 a
1091 2565 1168 2604 vita
1185 2562 1257 2603 fint
1273 2565 1413 2604 alieni:
1448 2565 1512 2615 qui
1533 2575 1570 2603 vt
1591 2563 1674 2614 ple-

310 2611 351 2652 ui
368 2608 491 2666 forte,
526 2615 578 2656 ita
606 2615 725 2658 doctis
742 2618 897 2672 placere
923 2630 966 2661 ac
983 2616 1217 2673 sapientibus
1235 2631 1318 2664 non
1345 2617 1510 2675 poffunt.
1541 2621 1673 2716 stCon-

424 2700 428 2702 ,
1573 2687 1672 2715 anus
