1815 3168
636 206 930 255 ANDRIA.

1394 220 1457 270 41

236 339 275 385 F
278 352 422 388 orma.
458 329 548 381 SO.
585 333 703 382 bona
721 332 907 383 fortasse.
949 327 1023 382 St.
1061 341 1106 380 et
1124 332 1262 386 vultu,
1295 331 1424 390 Sosia,

237 412 363 458 Adeo
385 407 605 464 modesto,
647 410 754 457 adeo
775 408 956 458 venusto
970 436 984 456 2
1020 418 1067 455 vt
1085 408 1196 454 nihil
1218 409 1361 474 supra.

237 488 354 541 Quia
374 496 471 533 tum
490 485 600 533 mihi
621 485 1040 552 lamentaripraeter
1065 493 1252 532 caeteras

746 612 850 674 Cs·

105 743 257 787 additur
292 745 426 799 pudor,
462 746 552 798 quia
577 746 759 788 meretrix

104 815 186 843 non
209 800 275 841 est.
328 805 377 843 D.

157 857 329 909 Adspicio
351 856 652 908 adolefientulam
663 859 759 910 for-

104 919 180 960 ma]
226 916 275 953 Et
300 912 363 952 hic
387 912 556 954 similiter
575 914 653 954 duo
675 914 759 953 teti-

102 971 180 1023 git:
196 980 371 1018 aetatem,
395 969 499 1022 quod
519 970 759 1016 adolescentu-

103 1027 177 1066 lam
190 1024 302 1065 dicit:
328 1027 532 1077 etvultutn‚
558 1026 664 1080 quod
671 1028 759 1079 sbr-

105 1095 200 1121 mam
229 1077 363 1134 posuit.
419 1085 463 1123 E.

161 1149 217 1190 92
245 1136 378 1176 Forma
406 1151 442 1177 et
459 1136 578 1190 vultu]
621 1140 760 1179 Forma

104 1191 313 1233 immobilis
335 1192 388 1234 est
405 1204 444 1233 et
460 1195 662 1236 naturalis:
684 1195 761 1234 vulo

104 1258 185 1297 ωε,
219 1260 396 1289 mouetur
424 1261 463 1291 et
486 1250 655 1305 fingitur.
710 1252 763 1291 Et

103 1305 223 1353 vultu,
237 1303 346 1358 Sosto,
359 1306 448 1345 adeo
461 1306 626 1359 modesto]
658 1307 763 1358 Quia

103 1358 254 1400 formae
272 1361 438 1400 laudatio
456 1375 543 1402 cum
559 1363 764 1403 meretrice

107 1412 301 1455 commifi'a
319 1416 441 1468 (forte
459 1421 679 1464 communis)
698 1418 762 1467 est,

108 1471 353 1524 progreditur
396 1472 531 1512 artifex
565 1478 681 1514 Poeta
715 1473 764 1513 ad

95 1527 304 1567 *laudanda
330 1542 396 1576 ea,
427 1542 528 1580 quae
546 1529 768 1569 honestiora

106 1580 213 1635 sunt,
251 1596 367 1634 quam
390 1582 525 1624 forma.
581 1585 633 1626 Et
659 1586 768 1625 vultu

110 1637 230 1692 Sofiiz]
269 1639 377 1690 Quid
396 1638 458 1678 hic
479 1639 595 1690 deest,
622 1652 660 1680 vt
680 1654 768 1681 eam

110 1708 254 1734 nurum
270 1695 452 1746 dignetur
469 1696 598 1745 Simo,
629 1696 696 1736 nisi
715 1694 769 1735 so-

111 1750 148 1789 la
178 1751 379 1803 cognitio?
416 1760 457 1789 et
481 1750 651 1791 formam
681 1765 769 1803 pro-

108 1804 176 1844 bat
208 1806 251 1845 in
277 1806 406 1858 puella
430 1806 622 1859 Pamphili
647 1818 769 1860 pater,

108 1871 152 1901 et
178 1861 433 1907 matronalem
457 1862 685 1903 modestiam
701 1863 770 1902 mi-

110 1927 213 1957 ratur
241 1917 284 1957 in
312 1917 436 1966 vultu,
473 1928 512 1958 et
529 1918 768 1960 venustatem

109 1973 247 2025 stupet.
305 1976 451 2014 Nonne
477 1987 572 2029 ergo
595 1976 673 2014 iam
691 1988 770 2014 cer-

108 2030 240 2075 nimus
259 2027 332 2069 hoc
346 2028 612 2082 praestruxisse
619 2033 769 2070 Teren-

108 2086 217 2134 tium,
244 2094 283 2124 vt
304 2099 390 2125 cum
410 2085 632 2128 Chremetis
649 2085 769 2126 filiam

109 2139 191 2181 effe
208 2142 441 2195 cognouerit
451 2144 571 2192 Simo,
591 2142 693 2183 hanc
703 2156 769 2193 po-

109 2198 185 2238 tius
205 2197 336 2250 eligat,
355 2211 470 2250 quam
489 2199 770 2247 Philumenam,

111 2254 278 2297 nurum?
308 2267 527 2307 quanquam
553 2268 604 2295 ex
632 2253 768 2294 sororis

94 2308 415 2363 .pulchi·itudine,
437 2322 476 2350 et
493 2324 625 2351 amore
637 2310 771 2352 Chari-

110 2367 164 2414 ni,
185 2375 223 2404 et
232 2367 338 2407 Daui
353 2366 586 2415 laudatione,
596 2367 636 2406 id
646 2364 770 2419 ipsum

113 2434 272 2473 quoque
289 2422 410 2472 probe
419 2422 689 2463 monstrauerit
700 2437 770 2462 no·

114 2476 185 2518 bis.
244 2477 373 2526 Vultu]
417 2482 527 2519 Haec
553 2481 634 2519 laus
662 2479 770 2518 adiu-

99 2542 183 2576 ,uat
211 2533 293 2584 post
323 2536 588 2589 cognitionem
603 2534 768 2576 futuram

117 2601 268 2629 nurum.
321 2593 370 2630 D.

170 2643 221 2684 Et
248 2645 355 2684 vultu
376 2644 491 2702 Sofi'a]
529 2645 646 2699 Quafi
667 2648 771 2687 terti-

117 2709 204 2753 um,
233 2701 383 2742 videtur
407 2701 585 2746 adiecifle
611 2705 769 2748 vultum.

1190 676 1193 679 ·
1261 621 1329 670 95
1365 605 1463 656 Visa

806 748 984 797 Namque
1000 741 1124 784 forma
1133 743 1314 783 naturalis
1324 741 1440 782 facies
1450 754 1465 780 ε

806 802 947 841 Vultus
975 813 1067 839 vero
1094 800 1215 839 animi
1234 809 1381 847 motus,
1410 796 1465 838 fa·

809 858 883 896 ciei
902 856 950 903 ad
971 867 1123 908 tempus
1142 866 1302 908 aptatus.
1359 857 1405 895 Ε.

860 913 967 952 Bona
995 911 1044 951 ad
1059 912 1227 952 Simonis
1246 911 1465 950 orationem

806 967 1055 1010 referendum
1082 964 1221 1006 censeo
1237 969 1467 1019 {propterea

808 1025 917 1078 quod
948 1025 1043 1064 ratio
1073 1037 1158 1063 non
1191 1022 1356 1072 constat,
1397 1034 1465 1061 cur

808 1081 921 1130 Sofia,
942 1081 1000 1120 rei
1018 1080 1190 1133 ignarus,
1214 1078 1264 1118 de
1284 1076 1466 1117 bonafor-

807 1151 872 1177 ma
896 1137 1042 1190 potius,
1076 1148 1191 1188 quam
1217 1135 1267 1174 de
1292 1134 1470 1173 mediocri.

808 1193 1030 1234 harioletur.
1088 1194 1222 1243 Itaque
1230 1190 1387 1244 fortaffi
1405 1189 1470 1230 ab·

809 1247 934 1290 solute
955 1247 1128 1301 positum,
1148 1246 1202 1287 est
1223 1245 1468 1286 consentien-

809 1307 856 1346 tis
876 1306 1056 1357 quidem,
1088 1301 1155 1343 sed
1185 1303 1407 1345 dubitanter
1426 1311 1469 1342 et

811 1361 956 1415 tepide.
1014 1363 1057 1400 Β.

866 1428 919 1470 93
952 1416 1056 1456 Adeo
1082 1414 1256 1467 modesto,
1288 1415 1378 1455 adeo
1404 1427 1469 1454 ve-

813 1472 930 1524 nusto]
959 1471 1157 1524 Modestus,
1176 1471 1224 1511 ad
1243 1471 1475 1521 probitatem

814 1528 954 1575 vultus,
976 1538 1014 1567 et
1028 1540 1181 1573 morum
1190 1529 1379 1579 pertinet:
1407 1527 1473 1567 Ve-

815 1583 958 1636 nustus,
995 1582 1044 1622 ad
1079 1594 1255 1623 naturam
1286 1583 1469 1633 corporis.

818 1646 947 1691 Atque
964 1637 1063 1677 adeo
1079 1638 1148 1677 fibi
1165 1639 1311 1678 vultum
1320 1638 1475 1692 fingere

816 1695 927 1734 multi
947 1690 1119 1744 pofi‘unt:
1146 1693 1312 1733 formam
1341 1707 1473 1734 nemo.

821 1751 873 1791 Vt
890 1748 1122 1802 nihilficpra]
1166 1746 1308 1792 ’ἔλλειψις
1324 1751 1474 1789 Teren·

818 1807 935 1846 tiana.
952 1819 1045 1845 nam
1057 1818 1139 1844 non
1151 1803 1306 1845 neceffe
1323 1805 1378 1845 est
1389 1804 1475 1845 sub-

816 1863 984 1916 iungere
1027 1861 1125 1901 duos
1168 1858 1308 1901 versus.
1349 1860 1477 1913 (forte

815 1920 911 1958 duas
940 1922 1074 1970 voces.)
1127 1915 1232 1971 Qia
1259 1931 1338 1957 tum
1363 1917 1474 1967 miln]

814 1971 1016 2016 Excusatio
1035 1973 1253 2013 neceffaria.
1305 1977 1354 2015 D.

872 2030 974 2071 Adeo
1023 2028 1196 2082 modesto]
1243 2027 1475 2083 Discrepant

817 2086 1054 2139 exemplaria
1079 2084 1258 2127 Prisciani
1293 2085 1360 2126 lib.
1396 2098 1475 2126 xlv.

816 2142 920 2183 Adeo
937 2140 1110 2192 modesta,
1129 2143 1219 2182 adeo
1235 2141 1392 2194 venusta.
1425 2143 1473 2182 L.

872 2209 929 2252 94
955 2198 1111 2238 Praeter
1129 2207 1305 2248 caeteras]
1345 2198 1390 2239 ld
1407 2197 1474 2249 est,
1502 2220 1507 2221 ⁷

817 2254 904 2308 plus
922 2267 1036 2306 quam
1055 2265 1240 2294 caeterae.
1297 2256 1347 2296 D.

873 2311 980 2368 Qia
1026 2314 1129 2363 tum]
1175 2315 1226 2352 V.
1280 2311 1325 2353 C.
1363 2309 1474 2366 Qae

818 2378 907 2407 tum.
963 2369 1004 2406 L.

872 2421 1001 2462 Nostri
1020 2422 1130 2462 codd.
1150 2420 1297 2464 summo
1317 2420 1475 2464 consen-

816 2474 859 2517 su
881 2489 919 2518 et
936 2478 1032 2519 Edd.
1044 2476 1186 2530 priscae
1196 2493 1268 2532 pro
1278 2480 1385 2532 ,Quia
1396 2494 1475 2521 tum

815 2535 958 2587 legunt
991 2536 1103 2591 Qae
1137 2547 1228 2575 tum.
1291 2539 1392 2576 Vera
1420 2538 1476 2576 le·

818 2590 894 2630 &io
919 2588 973 2647 est
994 2593 1103 2649 ‚Quae
1129 2604 1220 2632 cum.
1273 2593 1375 2632 Nam
1393 2606 1474 2632 tum

818 2645 997 2744 {norsum
1041 2650 1226 2704 pertineat
1243 2677 1255 2699 ‚
1303 2662 1376 2692 non
1413 2652 1475 2705 ‚vif

844 2715 898 2745 eo.
949 2705 994 2746 B.
