1815 3168
506 127 1068 185 VHEAVTONTIM.
1384 144 1484 192 705

254 264 425 312 Ganeo,
448 257 699 305 damnosus:
721 254 863 308 crede,
883 264 926 300 et
938 253 1132 309 nostrum
1142 264 1184 301 te
1201 252 1282 302 ess'e
1297 258 1477 306 credito.

252 334 357 385 CL.
391 339 502 381 Non
523 333 620 379 sunt
640 332 745 377 haec
766 332 958 396 parentis
979 327 1106 376 ἀίἑῖει.
1146 327 1254 379 CH.
1295 350 1414 388 non,
1445 333 1476 382 fi

353 426 404 456 ex
427 413 566 473 capite
587 407 637 453 fis
662 423 765 458 meo
1044 428 1046 431 ·

255 492 425 538 Natu8‚
462 487 566 531 item
587 495 633 530 vt
654 485 775 529 aiunt
798 482 1051 528 Mineruam
1073 477 1157 528 esse
1188 499 1238 529 ex
1260 486 1392 540 Ioue,
1429 502 1479 533 ea

353 559 472 608 causa
494 561 630 619 magis

255 640 410 690 Patiar,
432 637 640 700 Clitipho,
670 631 842 693 flagitiis
861 633 947 696 tuis
970 649 1042 678 me
1061 633 1269 679 infamem
1287 632 1397 682 fieri.

165 730 186 763 1
201 733 224 780 5
258 714 287 763 S
301 727 351 760 o.
396 714 456 759 Di
477 710 605 758 istaec
624 709 901 774 prohibeant.
939 706 1037 755 CH.
1075 713 1196 754 Deos
1211 710 1372 757 nescio:
1396 728 1482 772 ego

357 787 491 851 quod?
501 798 671 851 potero,
690 784 856 830 sedulo.

208 920 216 926 ο
261 865 446 920 Quaeris
470 862 515 908 id
535 859 655 926 quod
675 859 821 913 habes,
842 859 1057 924 parentis:
1092 849 1214 923 quot]
1235 859 1363 916 abest,
1389 879 1483 910 non

358 940 543 1002 quaeris,
572 937 684 1001 patri

196 1057 201 1070 2
261 1013 504 1071 Quomodo
535 1013 792 1075 obsequare:
831 1021 875 1059 et
907 1021 955 1058 vt
986 1009 1152 1065 serues,
1184 1010 1306 1075 quod
1334 1011 1485 1059 labore

358 1092 591 1138 inuenerit.

259 1171 373 1216 Non
395 1166 504 1218 mihi
523 1182 605 1232 per
616 1163 797 1212 fallacias
810 1162 1024 1211 adducere
1035 1176 1134 1210 ante
1146 1159 1327 1213 oculos?
1349 1163 1489 1228 pudet:

1330 1242 1491 1287 Dicere

186 1401 233 1432 11
256 1383 418 1440 Gamo]
462 1389 626 1428 Veteres
671 1398 784 1442 gane-
892 1397 941 1439 13
974 1384 1109 1439 Aiunt]
1140 1383 1492 1434 Beneaiunt‚dere

127 1460 211 1492 um,
237 1446 485 1485 meretricum
512 1443 711 1482 tabernam
730 1443 785 1481 di·
833 1438 1007 1481 fabulosa
1026 1454 1064 1480 et
1083 1441 1176 1480 ficia.
1239 1444 1285 1482 C.

129 1513 281 1548 xerunt,
310 1500 377 1538 ἀπδ
397 1503 458 1542 *rig
476 1501 550 1547 γῆς,
577 1499 681 1550 quod
709 1495 787 1548 ipsa
893 1511 939 1551 ¹5
971 1501 1072 1537 Deos
1100 1497 1237 1551 nefiio]
1268 1497 1415 1538 Modus
1441 1498 1497 1537 lo·

128 1558 176 1598 stt
194 1559 235 1597 in
258 1568 366 1596 terra.
416 1557 516 1595 Hinc
532 1569 647 1610 ganeo
668 1554 789 1592 dedu·
836 1553 987 1605 quendi
1030 1552 1252 1605 praesertim
1296 1555 1493 1594 iratorum.

130 1616 250 1660 citur,
281 1614 344 1664 qui
363 1613 583 1651 meretrices
604 1608 787 1662 sequitur.
837 1611 991 1664 Enitar]
1022 1612 1082 1649 Ne
1102 1609 1254 1649 infamis
1271 1608 1371 1649 fiam.
1403 1611 1452 1651 C.

129 1669 362 1723 Damnofics]
402 1668 518 1709 Recte
547 1667 620 1706 hoc
649 1666 789 1719 postre-
894 1667 1038 1704 Omnes
1065 1664 1154 1704 libri
1192 1665 1337 1705 habent
1371 1669 1498 1706 enitar

131 1741 241 1768 mum
261 1738 348 1764 eum
367 1722 627 1776 superioribus
647 1735 789 1762 conue-
826 1721 969 1774 fidum,
991 1733 1144 1773 praeter
1165 1722 1410 1772 Bembinum,
1430 1721 1499 1762 vbi

133 1785 204 1824 nit.
261 1779 494 1834 Damnosus]
537 1783 560 1820 1.
592 1793 625 1819 e.
655 1779 789 1818 damni
837 1788 964 1817 enitar
979 1778 1093 1817 abest.
1152 1782 1193 1818 Β.

135 1837 319 1891 quicquid
348 1838 421 1876 tuis
452 1835 676 1888 parentibus
695 1833 790 1874 affe·
897 1838 958 1877 16-
977 1836 1143 1891 Qaeris
1159 1834 1259 1887 quod
1274 1832 1401 1888 hahes]
1421 1835 1500 1875 Scl-

135 1909 240 1935 renS.
262 1905 299 1934 vt
316 1895 391 1933 iam
403 1891 535 1940 fecisti,
561 1902 792 1943 extorquen-
841 1891 933 1929 licet
951 1901 1143 1942 parentes,
1198 1889 1501 1944 deabestnon

136 1952 187 1991 do
206 1966 227 1990 a
243 1963 309 1989 me
320 1963 391 2002 per
411 1947 561 1990 seruum
576 1948 714 1988 decem
725 1947 795 1985 mi·
843 1947 1010 2001 quaeris]
1043 1949 1126 1986 Hoc
1147 1946 1220 1994 est,
1247 1949 1501 1998 quemadmo-

134 2021 204 2048 nas
235 2005 426 2048 Bacchidi.
484 2007 529 2047 C.
844 2003 936 2041 dum
972 2004 1069 2055 patri
1101 2002 1340 2054 obsequaris;
1376 2014 1417 2042 et
1446 2003 1502 2043 est

193 2063 339 2118 Ganeo]
389 2060 582 2102 Tabernis
632 2071 794 2113 operam
844 2059 1091 2110 compositum
1104 2071 1152 2097 ex
1171 2060 1383 2108 contrariis,
1401 2073 1503 2111 qnae

138 2117 234 2158 dans
281 2130 323 2159 et
369 2118 562 2158 conuiuiis
614 2117 795 2170 turpiori,
842 2115 969 2169 figura
987 2115 1127 2154 dicitur
1149 2120 1330 2162 ἀντίθετον,
1361 2116 1503 2155 vein-6-

138 2175 220 2216 bus.
272 2178 317 2215 E.
844 2187 943 2220 ρισον,
979 2172 1021 2210 id
1044 2171 1108 2220 est,
1140 2172 1319 2225 aequatio
1345 2168 1504 2213 senteu-

845 2230 934 2267 tiae.
991 2231 1035 2268 E.

167 2301 171 2304 ’
199 2299 251 2330 12
279 2285 473 2340 Parentis]
502 2285 657 2326 Scilicet
676 2284 742 2337 qui
758 2281 796 2322 fi·
904 2296 954 2338 17
982 2282 1196 2337 Inuenerit]
1221 2282 1263 2322 Id
1285 2281 1353 2331 est,
1376 2284 1506 2337 acqui.

140 2343 236 2383 lium
257 2355 371 2383 amet.
425 2344 538 2395 Non,
553 2342 594 2394 Ji
617 2357 663 2383 ex
681 2343 798 2394 capite
833 2338 980 2392 fiuerit.
1040 2339 1151 2380 Alibi,
1185 2340 1326 2379 Labore
1348 2342 1506 2380 inuenta

131 2400 187 2453 fis
205 2401 300 2454 meo]
332 2402 440 2439 Haec
465 2399 619 2453 ingenti
633 2399 804 2436 clamore
849 2411 925 2437 mea
943 2398 1001 2435 cui
1018 2396 1096 2435 dem
1113 2395 1221 2435 bona.
1280 2398 1323 2438 C.

144 2456 461 2508 pronuncianda:
490 2466 529 2495 et
559 2454 608 2494 fic
635 2453 802 2494 ostendit
905 2453 1109 2493 Bentleius
1147 2451 1272 2491 omifit
1314 2451 1412 2491 illud
1449 2465 1506 2494 vt..

142 2511 332 2552 Chremes
350 2510 471 2550 filium
491 2508 803 2550 nondebereab-
852 2510 979 2549 Recte.
1039 2509 1138 2548 Nam
1176 2509 1389 2560 corrumpit
1429 2510 1510 2548 ele*

144 2568 265 2607 iicere
293 2565 398 2619 spem
421 2569 558 2619 patris,
589 2567 657 2606 etfi
683 2566 733 2608 ab
752 2577 801 2606 eo
851 2567 1034 2620 gantiam.
1091 2568 1131 2605 Z.

145 2625 263 2666 verba
283 2622 549 2677 aspen-aiaudit.
602 2624 647 2667 C.
909 2633 929 2665 1
948 2627 969 2670 8
1022 2619 1234 2676 Abducere]
1283 2618 1511 2666 ἀποσιώπησις

983 2677 1019 2717 Y
1030 2688 1057 2731 y
1116 2726 1119 2730 Α
1388 2676 1513 2728 hone-
