1815 3168
693 73 849 120 ACT.
891 77 947 122 V.
979 75 1259 126 SCEN.11.

426 203 503 247 Ne
525 208 567 245 te
589 198 782 248 admisce.
821 218 955 251 nemo
978 204 1153 259 accusat,
1187 208 1310 269 Syre.
1340 212 1406 261 te3
1444 221 1525 255 nec
1547 215 1593 254 tu
1616 225 1661 256 a·

529 292 622 321 ram
655 276 750 329 tibi,

427 352 529 397 Nec
562 363 834 414 precatorem
861 355 1041 418 pararis.
1091 351 1182 403 SY.
1231 354 1339 420 quid
1371 352 1504 418 agis?
1551 353 1661 405 CH.

527 426 588 471 nil
614 426 852 480 succenseo,

427 504 530 548 Nec
551 501 652 554 tibi,
684 519 765 550 nec
787 502 888 552 tibi:
927 520 1009 554 nec
1030 522 1108 556 vos
1130 504 1192 555 est
1210 523 1422 572 aequom,
1452 507 1573 573 quod
1601 509 1666 557 fa-

525 577 608 630 cio,
640 578 765 625 mihi.

296 775 523 818 nunciasset.
577 777 682 819 Ilicet
713 791 806 834 ergo
832 782 957 824 incre-

294 834 400 884 patio
431 834 505 882 est,
536 836 625 885 quia
650 836 955 890 interloquendo

1595 673 1660 722 25

1005 783 1093 825 a''se
1121 784 1268 826 crimen
1294 784 1505 838 depellere.
1560 783 1667 824 Hinc

1005 843 1225 895 deprecatio,
1301 842 1415 881 Nihil
1450 839 1664 895 fitccenseo]

295 890 463 942 impedit
502 891 758 933 Chremetem
801 908 956 936 narran-
1003 896 1214 948 succensere
1239 898 1271 936 is
1297 897 1457 945 dicitur,
1490 897 1667 948 quicum

294 955 387 985 tem.
447 948 495 989 C.

348 1071 404 1100 22
441 1059 523 1099 Nec
554 1069 597 1100 tu
624 1060 748 1115 aram]
777 1060 958 1103 praefidi-

293 1127 372 1152 um.
427 1114 558 1156 Miseri
586 1116 633 1155 ad
661 1132 785 1166 aram,
826 1129 864 1156 vt
890 1119 959 1157 tuti

293 1170 387 1216 sint,
418 1171 637 1226 confugere
664 1170 797 1213 solent.
839 1174 956 1214 Ouid.

297 1226 497 1277 (TristAV,
531 1229 650 1281 5‚2.)
686 1231 798 1270 Vnica
822 1229 957 1283 praefi·

295 1282 367 1321 diis
388 1297 452 1322 ara
477 1297 619 1335 reperta
640 1288 737 1324 meis.
799 1287 846 1328 C.

353 1339 437 1376 Nec
458 1353 497 1377 m
516 1340 713 1392 aramtiln']
750 1343 958 1392 Quaecun-

296 1407 375 1446 que
405 1396 454 1433 de
486 1395 559 1434 hoe
587 1398 660 1435 ritu
690 1397 767 1436 dici
789 1396 956 1449 possunt,

295 1452 373 1490 iam
393 1451 484 1490 alibi
511 1463 653 1491 notata.
691 1453 881 1494 Plutarch.
901 1472 958 1493 πε-

295 1516 326 1554 ρ)
352 1513 524 1552 aereaere..
560 1509 712 1560 leial'l.
744 1509 812 1554 lib,
836 1523 897 1563 17.
924 1516 957 1562 §.

301 1575 363 1604 12.
393 1562 433 1602 ff.
468 1565 518 1602 de
536 1564 650 1604 aedil.
678 1565 791 1605 edi&
814 1566 957 1607 Achill.

298 1620 432 1659 Tatius
451 1620 536 1659 libr.
564 1628 600 1668 8.
628 1630 682 1659 καὶ
702 1627 770 1664 τοῖς
789 1622 851 1668 μὲν
868 1640 960 1671 myn-

297 1681 365 1724 groTe
384 1682 423 1713 αἱ
441 1680 505 1713 τῶν
527 1679 620 1724 ἱερῶν
643 1683 824 1723 ἰισῳάλειαι
849 1677 960 1717 διδέα-

296 1748 329 1771 σι
348 1731 561 1780 καταφυγιέν·
589 1733 656 1780 ἐγώ
675 1734 715 1772 δὲ
734 1733 831 1780 μηδὲν
848 1734 960 1779 ἀδική-

296 1805 370 1834 σας,
394 1794 501 1832 ἱκέτης
521 1789 558 1826 δέ
586 1793 647 1833 τῆς
666 1790 838 1836 Ᾰρτὲμιδος
861 1788 959 1839 γενέ-

295 1861 407 1893 μενος,
439 1844 608 1889 τύπτομαι
625 1847 702 1892 παρ’
721 1849 814 1891 αὐτῷ
834 1851 881 1893 τῷ
900 1855 961 1895 βω-

298 1903 361 1947 μιζῖ.
382 1899 385 1900 ’
407 1901 481 1940 Cui
517 1915 598 1939 non
641 1900 818 1941 absimilis
852 1904 959 1942 locus

295 1956 422 1999 Plauti
443 1957 483 1995 in
505 1956 671 1998 Rudent.
689 1971 757 2007 111,
781 1971 817 2011 3.
851 1960 960 2000 Euti-

296 2013 376 2066 pid.
397 2014 439 2051 in
462 2012 756 2054 Andromacha:
787 2010 870 2060 ἔχει
890 2015 960 2064 7⁶24»

296 2067 519 2115 καταφυγὴ,
547 2068 615 2115 ἃῆς
640 2068 701 2115 μὲν
727 2076 862 2120 πέτραν,
889 2074 960 2111 ΔΞ-

295 2140 346 2164 λοι
374 2124 412 2163 δὲ
433 2125 542 2172 βωμὲς
561 2128 660 2165 Θεῶν.
718 2127 823 2166 Hinc
841 2129 959 2167 etiam

296 2184 430 2228 ἑδρίτιιι
452 2188 483 2218 οἱ
515 2187 661 2226 οἰκέται,
691 2187 757 2220 &xo
784 2185 829 2221 τῦ
846 2184 961 2222 χκομι-ιι-

296 2234 439 2285 φειῗγειν
471 2243 514 2280 εἷς
549 2236 607 2275 τόν
639 2239 754 2288 ἐςίαν,
780 2242 955 2295 Etymol.

294 2307 497 2348 magnum.
559 2295 602 2335 L.

351 2418 403 2459 23
439 2406 571 2458 Neque
593 2416 825 2459 precatorem
845 2419 957 2461 para-

287 2465 369 2507 fris]
407 2461 513 2502 Alibi
540 2462 592 2501 ad
612 2474 842 2515 precatorem
873 2464 958 2504 abe.

296 2534 370 2560 am.
427 2520 475 2558 Et
501 2521 649 2569 precari
687 2520 897 2570 aliquando
929 2523 956 2559 i-

297 2577 387 2616 dem
399 2603 410 2624 ,
443 2574 548 2626 quod
567 2575 767 2628 deprecari,
794 2575 869 2617 hoc
889 2577 955 2623 est,

1006 966 1134 992 amare
1173 952 1336 1005 debeat,
1383 951 1507 994 laesus
1544 949 1667 1003 irasci(

1008 1018 1081 1048 tur.
1140 1007 1188 1049 C.

1063 1121 1141 1162 Nec
1155 1128 1384 1173 precatorem
1400 1123 1567 1174 pararis]
1593 1122 1667 1171 Ne,

1008 1177 1148 1228 inquit,
1169 1187 1205 1215 vt
1227 1172 1401 1215 adsolent
1427 1174 1544 1226 serui,
1574 1178 1670 1217 velis

1009 1244 1048 1272 et
1076 1244 1115 1271 tu
1144 1232 1287 1271 habere
1306 1244 1566 1284 precatorem,
1601 1234 1669 1285 qui

1007 1302 1079 1342 pro
1125 1299 1164 1328 te
1201 1299 1323 1342 roget.
1398 1288 1521 1328 Vobis
1560 1291 1670 1329 enim

1007 1359 1089 1384 non
1110 1342 1259 1390 irascor,
1280 1358 1367 1384 cum
1388 1345 1510 1384 multa
1530 1344 1672 1394 fecer-if

1006 1402 1074 1440 tis:
1111 1402 1162 1439 ita
1182 1413 1349 1452 aequum
1371 1401 1425 1441 est
1443 1413 1481 1441 et
1497 1401 1670 1441 mihivos

1008 1471 1060 1497 ne
1082 1454 1310 1496 irascamini.
1368 1456 1454 1497 Post
1480 1457 1673 1498 iracundi·

1010 1527 1070 1553 arn
1091 1523 1182 1566 apta
1200 1511 1391 1553 sententia
1409 1512 1473 1554 est.
1528 1518 1574 1556 E.

1067 1625 1149 1664 Nec
1175 1625 1428 1679 precatorem]
1458 1628 1520 1666 De
1539 1628 1671 1679 precass

1009 1692 1093 1720 tore
1118 1682 1268 1721 Plautus
1297 1682 1339 1720 in
1366 1682 1512 1722 Alinar.
1541 1696 1600 1730 11,
1628 1696 1667 1737 4,

1009 1751 1047 1792 9.
1096 1749 1266 1790 precator
1286 1735 1409 1792 affiet,
1441 1737 1572 1779 malam
1592 1753 1668 1778 rem

1010 1793 1161 1848 effagies
1188 1808 1385 1847 nunquam.
1416 1794 1524 1834 Idem
1550 1797 1589 1834 in
1620 1798 1670 1835 E-

1010 1851 1090 1902 pid.
1116 1863 1157 1899 V,
1178 1862 1213 1899 2,
1233 1863 1299 1893 21.
1354 1851 1430 1890 Nil
1452 1864 1579 1889 moror
1595 1854 1668 1889 mi·

1009 1906 1049 1944 hi
1068 1917 1311 1958 precatorem.
1342 1908 1477 1945 Paulus
1499 1910 1525 1945 1.
1548 1908 1595 1948 C.
1625 1908 1667 1947 in

1008 1961 1033 2000 l.
1052 1974 1116 2014 43.
1139 1966 1170 2012 §.
1195 1974 1227 2003 1-
1247 1960 1289 2001 ff.
1317 1961 1367 2002 de
1386 1963 1526 2005 aedilit.
1553 1963 1665 2004 ediec.

1009 2028 1050 2057 et
1067 2017 1159 2058 alibi
1177 2015 1303 2069 saepe.
1359 2021 1400 2061 L.

1062 2141 1118 2183 24
1146 2130 1273 2172 Nostri
1295 2129 1454 2180 habent,
1481 2133 1562 2172 Nec
1580 2130 1665 2183 tihi,

1007 2199 1071 2224 nec
1094 2186 1190 2226 huic.
1248 2186 1327 2227 Sed
1346 2185 1486 2227 Erasmi
1505 2191 1666 2228 etFaer-

1009 2242 1053 2281 ni
1075 2242 1156 2281 Nec
1173 2239 1259 2293 tibi,
1286 2256 1346 2281 nec
1363 2242 1434 2282 tibi
1455 2258 1537 2283 non
1559 2246 1666 2284 vide·

1008 2308 1071 2337 tur
1090 2297 1396 2350 repudiandum:
1427 2313 1574 2352 nempe
1587 2301 1667 2340 vul-

1008 2364 1050 2392 tu
1072 2365 1111 2394 et
1137 2364 1234 2393 nutu
1254 2354 1351 2394 haec
1372 2367 1557 2408 aguntur:
1587 2358 1669 2408 pri-

1006 2423 1073 2449 mo
1094 2411 1241 2463 Syrum,
1262 2410 1352 2450 dein
1370 2413 1512 2454 Filium
1538 2413 1667 2453 intue-

1007 2472 1089 2514 tur-‘3
1116 2476 1152 2505 vt
1172 2467 1289 2506 Plaut.
1314 2470 1427 2520 Capt.
1446 2481 1499 2517 11,
1531 2482 1568 2521 3,
1598 2476 1666 2523 87.

1005 2521 1058 2562 Et
1088 2535 1151 2561 tua
1171 2536 1206 2562 et
1223 2536 1287 2562 tua
1306 2537 1461 2567 ornatus
1482 2529 1667 2568 reueniam

1005 2593 1051 2618 ex
1069 2579 1265 2633 fimemia.
1329 2582 1368 2621 Β.

1787 1532 1803 1632 l

1799 1634 1803 1664 l
