1815 3168
680 108 971 158 ANDRIA.

1404 126 1502 178 ²39

167 233 520 287 ACTVS
594 232 941 302 QVINTI
1005 231 1298 286 SCENA
1359 238 1423 290 V.

430 321 769 362 CHARINVS.
824 322 1198 365 PAMPHILvs.

130 456 251 568 PR
268 478 295 508 o
316 479 346 509 v
367 478 387 506 1
405 477 424 505 s
444 476 470 506 0
525 458 630 522 quid
676 469 771 520 agat
812 459 1066 523 Pamphilus
1094 477 1103 504 ε
1166 471 1294 527 atque
1329 460 1501 512 eccum-¹

370 534 406 583 P
420 548 452 580 A
467 548 519 580 Μ.
559 535 712 597 aliquis
736 534 874 581 forsan
896 552 966 580 me
987 545 1114 599 putet

262 616 374 661 Non
395 620 549 675 putare
569 610 654 656 hoc
675 625 852 658 verum:
886 621 929 656 at
951 611 1060 657 mihi
1080 627 1199 658 nunc
1227 610 1282 659 fic
1303 610 1384 660 effe
1409 614 1500 663 hoc

365 702 517 734 verum
540 684 673 732 lubet.

262 767 362 825 Ego
395 766 596 808 Deorum
637 762 770 809 vitam
805 771 1040 827 propterea
1075 761 1377 829 sempiternam
1414 763 1501 815 effe

361 835 563 890 arbitror,

170 1052 211 1084 41
250 1037 407 1089 Prouifi)
445 1038 537 1092 quid
565 1051 653 1093 agat
676 1037 788 1077 'Pam-

127 1096 283 1151 philus]
331 1098 438 1135 Haec
465 1098 588 1136 Scena
624 1095 789 1134 alterum

134 1165 328 1207 generum
349 1151 547 1195 Chremeti
575 1162 787 1202 comparat:

133 1223 187 1251 ne
211 1220 274 1248 aut
287 1206 477 1248 Charinus
495 1206 605 1246 tristis
624 1206 789 1258 recedat,

136 1276 202 1305 aut
247 1277 330 1304 non
378 1260 574 1315 prouisum
617 1263 792 1311 vid-eatur

135 1320 400 1367 Philumenae.
459 1317 614 1368 Proutft
639 1318 730 1370 quid
755 1332 791 1356 a·

133 1376 219 1432 gat]
250 1378 336 1420 Hoc
354 1374 587 1425 colloquium
604 1372 687 1425 post
705 1376 790 1422 (pro

134 1432 215 1486 post
243 1432 336 1484 lege
359 1442 437 1483 per.
470 1428 515 1468 cf.
541 1431 716 1469 Donatus
744 1428 793 1467 ad

137 1502 176 1534 v,
196 1491 233 1535 6,
257 1501 293 1540 5,
314 1497 353 1525 et
372 1487 430 1537 8.)
443 1484 723 1536 compendium
742 1482 795 1523 fa»

136 1543 251 1582 bulae
267 1542 488 1581 inducitur.-
518 1551 557 1579 vt
577 1554 651 1578 vna
671 1554 793 1578 narra-

136 1600 246 1638 tione
273 1599 388 1638 etiam
411 1597 614 1649 negotium
631 1595 794 1635 Charini

137 1653 293 1708 tranligi
328 1653 448 1703 possit.
512 1650 672 1700 Prouifh
704 1651 795 1703 quid

137 1710 246 1765 agat]
279 1709 495 1760 Dupliciter
522 1720 581 1746 res
609 1705 655 1745 ab
675 1707 793 1745 oculis

136 1765 386 1818 spefi‘catorum
406 1774 631 1803 mouentur:
671 1773 734 1801 aut
760 1775 796 1801 e-

138 1824 221 1862 nim
250 1819 372 1859 sutura
406 1820 699 1871 promittuntur,
730 1828 795 1858 aut

124 1875 235 1918 ‘faeffa
253 1886 468 1915 narrantur.
529 1875 698 1925 Prouiso,
713 1874 794 1913 duo

137 1931 343 1986 fignificat:
375 1942 414 1971 et
444 1929 632 1983 prouideo
654 1940 693 1969 et
711 1943 796 1981 pro-

141 1989 249 2029 cedo.
306 1990 357 2028 D.

195 2043 355 2095 Prouzjsb
399 2043 489 2096 quid
532 2042 639 2098 agat]
685 2044 792 2082 Haec

141 2102 266 2142 Scena
306 2099 466 2142 Charini
497 2099 711 2138 aduentum
738 2109 793 2138 te-

141 2167 223 2204 net,
252 2166 290 2195 vt
309 2167 348 2195 et
367 2155 436 2207 ipfi
454 2156 596 2194 laetitia
614 2155 794 2208 generari

141 2213 251 2265 poffit
274 2226 321 2252 ex
338 2212 578 2264 cognitione.
631 2211 671 2250 Si
688 2212 796 2249 enim

111 2267 340 2319 Pamphilo
350 2268 573 2320 Glycerium
593 2266 713 2312 datm,
736 2266 798 2305 da-

144 2325 178 2364 ri
199 2323 321 2375 potest
348 2323 413 2375 ipfi
433 2323 662 2363 Philumena
682 2335 798 2374 quam

144 2378 343 2432 diligebat,
367 2392 466 2430 quae
483 2377 680 2430 Pamphilo
700 2377 796 2417 offe-

144 2434 311 2475 rebatur.
339 2434 482 2488 Aliquis
488 2434 677 2488 fhrfitan]
708 2437 798 2474 Lae-

146 2491 255 2530 titiae
276 2490 412 2541 plenus
428 2489 669 2540 Pamphilus,
696 2489 799 2530 forfi-

145 2557 225 2594 tan,
248 2546 386 2596 inquit,
404 2557 513 2598 putet
523 2546 616 2585 alius
634 2559 698 2586 me
709 2545 794 2594 hoc,

146 2601 250 2656 quod
269 2601 367 2643 mihi
379 2602 552 2658 contigit,
571 2614 703 2653 verum
712 2615 796 2651 non

1362 916 1500 971 Quod

838 1039 1009 1079 credere.
1064 1042 1118 1079 At
1134 1051 1226 1079 vero
1242 1038 1292 1080 fic
1313 1037 1399 1090 esse,
1419 1055 1497 1095 ego

838 1095 911 1134 hoc
940 1108 1033 1134 vero
1058 1095 1170 1134 credo
1192 1106 1230 1136 et
1249 1097 1423 1148 gaudee,
1452 1110 1497 1137 vt

839 1153 990 1191 deorum
1006 1153 1127 1191 vitam
1134 1163 1331 1204 propterea
1345 1155 1496 1194 credam

830 1208 1108 1261 fimpitermnm
1130 1210 1231 1260 quod
1250 1222 1371 1248 eorum
1390 1210 1500 1249 volu-

835 1276 959 1316 ptates
1000 1266 1180 1315 proprice
1211 1263 1316 1314 fient.
1393 1269 1498 1318 Ergo

841 1319 1168 1371 quemadmodum
1186 1319 1368 1374 intelligo
1380 1353 1390 1372 ‚
1421 1321 1499 1359 hoe

841 1388 974 1423 verum
1011 1388 1054 1413 vt
1072 1375 1335 1416 immortalitas
1359 1389 1500 1426 parata

830 1428 896 1481 stt,
905 1431 944 1483 st
958 1430 1055 1470 nulla
1071 1431 1211 1485 gaudio
1231 1434 1424 1487 aegritudo
1443 1435 1501 1472 in-

843 1485 1048 1538 tercesserit.
1103 1490 1146 1527 E.

897 1541 1039 1591 Forfim
1063 1556 1117 1580 me
1139 1543 1262 1596 putet]
1293 1541 1363 1586 Ms.
1397 1546 1440 1584 R.
1458 1553 1505 1585 et

842 1602 890 1640 V.
915 1598 1154 1649 Gfhrst'tan.
1210 1601 1251 1639 L.

897 1719 925 1749 2
954 1709 1006 1747 At
1033 1707 1126 1747 mihi
1150 1721 1247 1748 nunc
1267 1707 1321 1759 stc
1350 1708 1411 1761 effe
1429 1709 1499 1752 hoe

842 1778 966 1804 verum
981 1763 1098 1818 lubet]
1129 1766 1188 1804 Sic
1224 1765 1387 1803 delicate
1413 1779 1500 1817 pro-

843 1820 1108 1859 nunciandum
1131 1820 1203 1869 est,
1235 1832 1274 1859 et
1297 1817 1500 1873 separatim

843 1876 1171 1930 distinguendum.
1226 1879 1280 1916 At
1296 1879 1386 1916 mihi
1403 1891 1499 1917 nunc

835 1932 890 1984 fic
917 1933 979 1984 cgsse
1005 1931 1073 1971 hoc
1101 1945 1226 1972 verum
1253 1932 1367 1987 lubet]
1404 1935 1500 1974 Sen-

842 1985 903 2028 sus
923 1989 988 2028 hic
1006 1987 1077 2037 est,
1108 1989 1171 2027 alii
1190 2000 1326 2039 putent
1339 2020 1348 2037 ‚
1378 2000 1417 2027 vt
1435 2003 1500 2028 vo-

842 2045 947 2084 lunt:
987 2058 1061 2098 ego
1101 2055 1231 2084 autem
1261 2058 1394 2084 verum
1422 2042 1500 2098 effe

843 2100 1027 2140 confirmo
1038 2131 1047 2149 ‚
1076 2099 1180 2151 quod
1197 2100 1295 2139 mihi
1311 2099 1420 2140 lubet
1436 2115 1501 2143 ve.

845 2154 931 2197 rum
950 2157 1119 2196 credere.
1175 2158 1225 2195 D.

901 2213 1078 2263 Nuncszc
1105 2211 1186 2266 effi]
1216 2211 1258 2250 τδ
1272 2209 1328 2262 stc
1354 2212 1396 2251 in
1427 2210 1498 2255 Ms.

846 2267 965 2308 deest.
1022 2272 1062 2308 L.

902 2324 1001 2364 Illud
1020 2324 1119 2363 Iubet
1138 2337 1223 2362 cum
1252 2324 1421 2363 alienum
1448 2322 1502 2364 ef-

844 2378 946 2420 ficiat
974 2378 1140 2430 sensum,
1171 2391 1274 2418 muta
1300 2382 1339 2418 in
1371 2380 1501 2433 liquet,

847 2436 882 2477 h.
898 2450 931 2476 e.
953 2435 1108 2485 constat,
1139 2447 1283 2475 certum
1307 2435 1369 2475 est.
1397 2437 1496 2479 (jod.

845 2493 1097 2535 Academicus
1121 2492 1238 2530 habet
1255 2491 1348 2532 licet.
1404 2495 1444 2532 B.

902 2562 924 2601 3
964 2551 1044 2609 Ego
1082 2549 1233 2586 deorum
1269 2550 1385 2586 vitam
1410 2560 1501 2600 pro-

837 2605 1226 2662 ptereafimpizernam
1237 2602 1299 2657 effe
1308 2604 1499 2659 arbitror]

1369 2662 1500 2703 Omne
