1815 3168
295 162 388 220 ²38

668 160 830 211 ACT.
865 162 922 207 V.
958 162 1157 211 SCEN.
1191 163 1262 210 IV.

425 289 546 339 Nam
566 284 682 335 illam
706 305 777 335 me
801 289 931 336 credo
961 289 1068 336 haut
1087 286 1220 336 nosse.
1256 285 1286 336 S
1302 302 1335 336 1.
1373 307 1450 338 cur
1481 308 1574 340 non
1601 290 1651 341 ilss

522 361 607 407 lam
626 364 713 409 huc
736 364 957 410 transferri
979 363 1132 411 iubes?

328 451 397 500 50
424 435 577 486 PAM.
608 437 742 485 Rei-Re
763 440 986 485 admones.
1038 444 1168 486 Dauo
1190 455 1273 501 ego
1285 439 1390 487 istuc
1403 440 1556 488 dedam
1568 444 1653 491 iam

523 516 688 573 negoti.
729 511 803 560 SI.
845 532 936 561 non
959 513 1113 579 potest.

424 585 494 636 PA
507 602 559 633 M.
601 591 726 642 Qui'?
764 588 839 640 S1.
878 592 977 654 quia
1008 589 1139 636 habet
1168 591 1283 638 aliud
1315 594 1452 652 magis
1486 608 1536 638 ex
1557 592 1653 649 sese,

525 674 568 709 et
588 666 738 710 maius.
777 663 812 712 P
829 678 861 710 A
877 679 930 711 M.
969 664 1211 727 quidnam?
1251 663 1279 712 S
1294 680 1324 712 Ι.
1360 664 1532 714 νὶηᾶιιε
1548 668 1619 718 est.

422 735 505 788 ΡΑ
522 752 575 784 Μ.
616 743 763 788 Pater,
796 758 887 786 non
918 738 1035 786 reFte
1065 735 1296 788 viancus’st.
1342 741 1418 790 SI.
1454 743 1562 791 haut
1595 746 1652 792 ita

517 811 625 860 iuffi.
667 814 702 861 P
723 828 751 858 A
768 830 820 861 Μ.
855 815 956 861 iube
977 815 1096 868 solui,
1120 816 1309 864 obsecro.

424 891 500 938 Sl.
544 894 642 948 Age
673 886 758 935 fiat.
799 887 950 936 PAM.

1006 903 1047 937 at
1087 902 1266 937 matura.
1315 889 1393 939 SI.
1432 909 1485 941 eo
1517 896 1651 943 intro.

523 962 560 1012 P
575 976 608 1008 Α
625 977 675 1010 Μ.
716 981 742 1010 o
763 963 948 1012 faustum
976 976 1019 1013 et
1038 966 1207 1028 felicem
1224 967 1343 1016 hunc
1365 969 1503 1019 diem!

345 1264 399 1312 ξι)
430 1257 574 1298 Dedam
597 1256 690 1312 iam]
720 1257 883 1299 Addidit
908 1268 946 1299 et

290 1314 473 1365 temporis
489 1314 736 1353 celeritatem.
793 1317 845 1354 D.

348 1372 498 1410 Omnes
516 1370 614 1419 libri,
649 1370 782 1409 vetusti
809 1371 944 1423 impri-

289 1425 374 1472 mis,
387 1426 470 1477 post
482 1426 594 1465 Dauo
607 1425 753 1467 habent
772 1441 846 1480 ego.
876 1431 916 1466 B.

344 1495 395 1536 51
431 1482 552 1536 QN]
585 1482 861 1533 Quamobrem.
891 1485 942 1524 D.

345 1539 479 1593 QH]
506 1542 555 1578 V.
575 1539 622 1579 C.
652 1550 691 1578 vt
721 1550 759 1578 et
779 1541 946 1593 Regium

290 1595 458 1646 exempl.
487 1593 566 1648 Qi
582 1608 656 1633 non
669 1595 809 1648 potest?
863 1600 902 1637 L.

348 1662 399 1704 52
443 1652 536 1689 Non
570 1652 662 1690 rec‘te
694 1653 838 1692 vimus
877 1651 943 1706 est]

288 1706 334 1747 ld
358 1706 428 1754 est,
457 1717 540 1745 non
558 1706 662 1747 iuste.
723 1708 800 1749 Sed
819 1708 882 1747 hic
900 1707 948 1748 ad

290 1760 441 1802 causam
494 1764 627 1802 retulit
683 1764 778 1804 Non
834 1767 948 1805 rec't'e:

288 1817 408 1858 senex
447 1831 560 1866 vem,
609 1818 657 1858 ad
693 1834 773 1859 rem
808 1822 946 1860 retulit.

288 1875 398 1914 Haut
424 1875 476 1912 ita
508 1873 608 1927 iuffi]
645 1877 748 1925 Quia
787 1877 947 1927 quadru-

287 1929 431 1982 pedem
464 1928 599 1982 stringi
631 1929 803 1980 iuss'erat,
844 1931 946 1984 quafi

288 1986 394 2025 re‘ele
425 1998 468 2023 ae
503 1985 724 2039 diligenter.
793 1991 840 2028 Et
871 1988 947 2027 hoe

287 2039 410 2092 ipsum
448 2053 529 2080 non
568 2054 684 2082 vacat.
741 2046 839 2084 Nam
869 2045 946 2083 iam

287 2097 505 2138 ioculariter
526 2098 648 2149 loqui,
673 2109 712 2137 et
723 2096 946 2139 minusiras-

287 2154 412 2193 centis
432 2152 505 2201 est,
533 2165 572 2192 et
591 2154 786 2207 placabilis
809 2157 940 2195 animi.

287 2211 396 2250 Ham
423 2212 478 2248 ita
507 2207 606 2266 iuffi]
634 2212 844 2264 Eleganter
861 2212 945 2251 lufit

286 2265 337 2305 ad
353 2271 562 2315 ἀμφιβολίαν,
582 2279 620 2308 et
638 2267 745 2306 simul
766 2267 944 2316 ostendit,

288 2335 405 2373 quam
438 2324 626 2372 propitius
667 2322 712 2362 fit
743 2299 944 2375 Pamphilo²

287 2387 416 2428 pater,
455 2388 492 2416 et
502 2390 625 2428 quam
646 2378 760 2419 facile
789 2382 944 2420 veniam

288 2438 402 2476 Dauo
431 2433 639 2500 impeti--aie
664 2435 774 2500 potiit
800 2435 846 2475 ab
872 2450 942 2476 eo:

287 2491 438 2540 quippe
461 2490 527 2539 qui
548 2493 626 2532 iam
647 2492 765 2531 etiam
783 2493 942 2533 locetur.

285 2544 508 2596 Pamphilus
537 2559 664 2588 aurem
693 2547 840 2588 dixeiat
861 2563 942 2588 nou

289 2600 403 2640 iuste:
433 2600 499 2640 ille
527 2604 572 2643 fic
597 2600 812 2656 respondit,
841 2605 943 2657 quasi

289 2655 442 2708 dixerit,
463 2669 545 2702 non
564 2660 772 2715 diligenter
798 2661 943 2705 vineius

1387 1095 1651 1153 ACTVS

994 1257 1058 1298 est.
1114 1261 1162 1300 Et
1184 1258 1276 1299 haut
1295 1260 1349 1299 ita
1368 1258 1457 1314 iusti,
1480 1260 1529 1300 fic
1540 1244 1652 1304 enim

993 1326 1250 1367 praeceperat,
1266 1315 1551 1371 Qadrupedem
1567 1332 1653 1359 con·
1673 1367 1677 1370 ,

983 1371 1205 1425 stringito)d
1229 1375 1321 1412 Non
1357 1373 1459 1412 male
1496 1374 1654 1415 coniicit

993 1428 1190 1468 Bentleius
1220 1441 1268 1467 ex
1295 1428 1366 1467 hac
1391 1429 1654 1481 explicatione

994 1493 1138 1535 patere,
1167 1487 1377 1534 Donatum,
1397 1499 1468 1537 pro
1479 1484 1580 1533 haut,
1599 1487 1658 1527 le·

996 1537 1101 1594 giffe,
1121 1553 1175 1579 at.
1206 1542 1266 1592 Z.)
1324 1544 1373 1581 D.

1050 1597 1144 1635 Non
1155 1598 1247 1636 reae
1256 1597 1417 1659 vinam]
1445 1597 1654 1639 P1obatum

997 1652 1050 1692 est
1061 1655 1215 1692 Dauum
1239 1666 1320 1692 non
1331 1650 1408 1692 effe
1424 1655 1653 1694 mentitum:

999 1709 1085 1760 qui
1103 1707 1231 1748 nescio
1260 1722 1379 1759 quem
1407 1708 1555 1748 dixerat
1586 1723 1655 1749 ve-

997 1762 1112 1813 nifle,
1141 1766 1209 1815 qui
1228 1762 1334 1804 sciret
1353 1765 1576 1818 Glycerium
1604 1767 1654 1805 ci—

997 1834 1088 1861 uem
1107 1818 1185 1860 esse
1204 1822 1380 1862 Atticam.
1437 1821 1532 1861 Ideo
1557 1822 1656 1861 dixit

994 1879 1149 1917 Dauum
1161 1890 1243 1915 non
1254 1877 1358 1915 re&e
1370 1877 1549 1925 viadrum,
1561 1878 1654 1927 quia

994 1945 1075 1972 non
1107 1929 1196 1970 falsa
1234 1932 1494 1971 nunciauerit.
1545 1934 1654 1972 Haut

995 1990 1050 2026 ita
1078 1985 1177 2040 iuffi]
1209 1990 1294 2026 Hoc
1321 1987 1393 2035 est,
1428 2000 1511 2026 non
1538 1987 1653 2029 vehe-

994 2054 1150 2082 menter
1170 2042 1283 2095 ligari
1300 2043 1395 2082 iuffi.
1449 2047 1494 2084 E.

1049 2101 1125 2138 Pro
1144 2097 1245 2146 haut,
1274 2099 1379 2150 quod
1396 2099 1566 2138 alienum
1584 2098 1653 2148 est,

994 2154 1097 2194 mede
1115 2154 1199 2193 cod.
1220 2154 1339 2194 Acad.
1362 2154 1480 2193 habet
1496 2169 1545 2194 at.
1591 2158 1653 2194 Io-

993 2221 1099 2250 catur
1119 2211 1227 2249 enim
1245 2211 1377 2250 Senex
1398 2223 1446 2249 ex
1462 2210 1652 2264 ambiguo

993 2266 1101 2306 verbi
1116 2267 1231 2305 rec‘le:
1260 2267 1341 2306 iusii
1360 2279 1515 2319 nempe,
1534 2278 1573 2306 vt
1590 2278 1650 2306 re·

994 2322 1054 2362 uste
1075 2323 1294 2363 vincit-,emi
1351 2325 1390 2364 B.

1049 2447 1100 2488 53
1130 2436 1284 2475 Mature
1316 2435 1365 2474 T.
1396 2433 1517 2475 Faber
1541 2435 1669 2490 iefile¹

993 2503 1062 2543 rep
1067 2487 1173 2529 osuit.
1232 2489 1394 2530 Deinde
1420 2491 1515 2530 hunc
1541 2491 1648 2531 abest

992 2548 1035 2585 in
1038 2505 1241 2588 pBembino
1258 2547 1415 2587 etaliis·
1435 2558 1474 2586 et
1493 2560 1541 2586 ex
1553 2559 1649 2587 con-

991 2599 1192 2642 suetudine
1209 2603 1398 2654 loquendi
1421 2600 1548 2643 abeffe
1566 2599 1648 2656 pos-

991 2656 1040 2711 se,
1061 2659 1164 2701 recle
1187 2659 1281 2703 vidit
1298 2661 1478 2703 Faernus.
1533 2661 1575 2702 Β.
