1815 3168
595 168 1002 217 EVNVCHVS.

1385 188 1477 236 453

246 303 308 347 Vt
325 306 374 345 tu
401 297 498 344 illos
521 297 678 361 procul
700 296 805 343 hinc
829 313 880 343 ex
910 296 1081 344 occulto
1112 296 1335 346 caederes:
1370 300 1475 348 face-

343 385 441 420 rent
464 373 629 432 fugam.

244 443 399 495 THR.
445 447 529 495 Sed
563 465 706 495 eccam
742 447 963 495 Thaidem
999 447 1133 513 ipsam
1170 447 1315 496 video.
1360 444 1474 496 GN.

342 540 474 589 quam
495 540 598 571 mox
622 525 865 571 irruimus?
902 519 1052 572 THR.
1091 539 1243 572 mane:

753 598 886 661 Ff3

1311 601 1474 646 Omnia

53 702 56 706 ’
107 705 178 745 tim
206 718 228 743 a
253 704 434 744 violentis
462 714 581 755 atque
614 703 763 743 acribus
812 713 881 744 tur
907 702 992 754 Z.);
1021 710 1061 742 vt
1089 715 1137 742 ex
1162 702 1236 742 hoc
1264 703 1470 743 interuallo

105 761 309 812 principiis
336 760 382 799 ad
411 771 599 799 terrorem
628 759 763 799 defidi-

104 829 249 867 amque
283 815 457 868 perducit
481 817 606 856 timor.
663 819 761 856 Nam

103 872 229 924 primo
267 870 349 923 ipse
378 871 590 924 praecedit,
629 882 761 921 vtpote

102 929 169 979 qui
207 926 306 966 dicat
323 956 333 973 ‚
381 929 593 980 Sequimini.
652 931 759 967 Dum

100 983 276 1034 denique
290 983 448 1035 propius
465 982 678 1022 deuentum
691 983 755 1030 est,

97 1038 178 1092 post
180 1040 367 1092 principia
377 1038 493 1078 refert
502 1039 655 1091 pedem.
674 1038 760 1079 Post

99 1096 177 1135 iam
195 1094 296 1134 nihil
315 1092 393 1145 ipse
409 1094 533 1141 audet,
563 1093 626 1135 sed
644 1108 759 1146 quae-

100 1152 151 1191 rit
186 1150 383 1190 confilium
418 1150 577 1203 parasiti.
631 1152 756 1190 Deni-

100 1219 199 1259 que,
228 1207 289 1246 vbi
309 1208 484 1246 eominus
503 1220 564 1246 res
583 1207 756 1260 gerenda

99 1262 169 1311 est,
191 1262 287 1302 dixit
308 1263 439 1312 Mane,
461 1274 501 1301 et
521 1264 754 1302 continetir-

99 1330 273 1358 ruentes.
328 1318 392 1358 Ad
425 1318 660 1370 postremum
689 1317 757 1358 dif-

99 1372 199 1423 fisus,
219 1371 337 1413 nescit
363 1374 458 1425 quid
485 1384 595 1426 agat:
626 1373 674 1412 ad
694 1389 757 1425 pa—

75 1474 78 1477 ,
99 1429 252 1469 rafitum
270 1427 453 1482 specstans,
471 1429 577 1483 Qz‘d
586 1431 757 1484 agimus?

99 1486 241 1537 inquit.
309 1485 476 1524 Fundam
524 1484 593 1524 tibi
638 1486 755 1540 nunc]

99 1543 205 1582 Mire
223 1540 399 1593 parasitus
419 1540 571 1586 hocai12
592 1543 653 1580 vel
665 1542 756 1593 quia

98 1597 263 1636 militem
291 1597 397 1636 nolle
426 1596 548 1643 videt,
579 1598 641 1636 vel
664 1598 756 1648 quia

97 1655 194 1705 (non
224 1649 381 1691 inseruit
397 1651 584 1692 VVesterh.
640 1657 755 1694 Forte

96 1710 176 1761 leg.
209 1709 277 1748 Vel
291 1710 378 1761 quia
404 1709 558 1747 militem
575 1707 669 1747 nolle
689 1710 754 1748 im-

94 1775 263 1820 pugnare
279 1765 389 1812 videt,
415 1766 476 1804 vel
490 1767 578 1817 quia
595 1777 673 1804 eum
692 1778 753 1804 au-

96 1821 159 1859 det
183 1819 229 1859 ab
249 1820 495 1872 impugnando
517 1834 670 1860 auocare
693 1821 753 1872 Z.)

97 1875 214 1916 audet
247 1876 502 1929 impugnare,
552 1876 753 1915 consilium

96 1928 388 1973 formidolosum
417 1942 456 1970 et
482 1942 616 1983 aptum
633 1942 754 1971 metu-

96 1989 182 2028 enti
214 1980 344 2034 de,dit,
377 1984 566 2026 subtiliter
598 1998 750 2028 tamen:

97 2043 319 2094 namfunda
337 2053 527 2097 pugnant,
546 2044 613 2095 qui
636 2044 753 2083 comi-

97 2113 171 2140 nus
196 2112 277 2138 non
305 2097 478 2151 pofl'unt:
508 2110 546 2140 et
574 2113 619 2140 ex
635 2101 752 2139 occul·

97 2169 149 2202 to,
167 2156 233 2206 qui
253 2168 333 2194 non
350 2156 643 2209 audentpalarn.
674 2155 752 2196 Sed

96 2210 257 2250 honesta
274 2209 388 2258 causa,
408 2225 504 2258 non,
535 2213 626 2263 quia
643 2215 754 2251 time·

98 2280 148 2314 as,
169 2267 304 2319 iuquit,
323 2265 387 2308 sed
404 2280 449 2307 ω
454 2269 640 2323 fugiant:
666 2279 751 2308 tan-

99 2334 214 2372 quam
233 2321 298 2361 nifi
319 2322 443 2364 hostes
463 2323 648 2377 fugerint,
667 2338 749 2364 non

98 2377 143 2417 fit
178 2388 299 2417 tutum
332 2379 527 2420 accedere.
584 2379 750 2420 Fundam

98 2431 189 2487 tibi]
229 2436 316 2473 Non
347 2435 442 2474 dixit
467 2435 633 2485 hastam,
685 2447 750 2475 aut

99 2490 293 2528 lanceam:
340 2488 403 2531 sed
437 2489 629 2545 sagittam,
658 2492 749 2542 fian-¹

98 2545 202 2593 dam,
230 2558 328 2596 quae
356 2548 536 2587 nimirum
560 2549 680 2601 longe
699 2551 750 2588 ia-

99 2601 217 2640 &atur
234 2601 330 2650 (Sed
339 2602 439 2655 finis
456 2606 554 2649 mire,
573 2603 749 2654 fundam,

99 2669 170 2711 qua
200 2659 375 2700 nimirum
402 2657 493 2714 lapis
511 2657 617 2717 longe
640 2661 752 2701 iaeta-

813 771 1001 810 pauorem
1043 757 1265 798 ostenderet
1300 773 1382 798 non
1410 774 1471 798 au-

812 814 941 853 dentis
969 813 1166 854 accedere.
1223 818 1270 855 Et
1298 817 1395 854 mire
1425 819 1471 854 ti-

810 869 850 909 bi
862 884 870 909 :
902 881 1085 921 tanquam
1103 868 1183 922 ipse
1201 871 1380 923 parafitus
1396 883 1471 910 nec

809 926 884 966 hoc
911 926 1060 966 audeat.
1119 928 1218 966 Sunt
1247 939 1373 966 autem
1403 928 1472 978 qui

807 993 948 1035 putent
965 981 1060 1021 haec
1077 994 1099 1019 a
1114 982 1267 1023 Thaide
1283 983 1331 1022 ad
1350 983 1470 1024 Chre-

807 1049 953 1079 metem
981 1039 1079 1083 dici;
1110 1036 1174 1078 sed
1201 1040 1316 1078 male.
1376 1042 1469 1078 Nou

808 1096 916 1135 enim
946 1095 1187 1133 conueniunt
1210 1095 1277 1134 ista
1299 1096 1470 1134 meretri-

807 1151 862 1189 cis
875 1150 983 1189 die‘iis
994 1147 1272 1202 superioribus:
1293 1151 1362 1190 nifi
1377 1151 1470 1202 quia

804 1216 943 1245 mouet
961 1220 1037 1253 me,
1055 1206 1164 1257 quod
1182 1221 1230 1245 ex
1249 1208 1390 1246 occulto
1411 1206 1467 1246 di-

806 1263 876 1301 cit:
905 1261 1008 1313 quafi
1033 1262 1467 1302 consteteiiamdudum

807 1318 931 1358 videri
957 1318 1140 1364 militem,
1175 1330 1215 1357 et
1240 1316 1363 1370 ipsum
1383 1333 1465 1358 non

805 1370 961 1467 pidisse,
1001 1386 1088 1413 cum
1118 1387 1193 1425 qua
1227 1386 1467 1428 pugnaturus

821 1439 858 1468 it.
912 1431 962 1469 D.

872 1528 923 1569 17
954 1519 1005 1558 Vt
1022 1531 1065 1558 tu
1087 1518 1187 1572 illos]
1216 1518 1466 1561 Mei-enicem

804 1571 947 1614 scilicet
964 1588 1050 1613 cum
1071 1572 1165 1617 suis,
1194 1575 1341 1623 vtalibi‚
1376 1576 1466 1614 Nos

798 1633 906 1684 prius
916 1674 918 1676 ,
930 1631 1172 1670 introducant
1203 1633 1332 1683 (Lege
1344 1662 1352 1678 ,
1380 1632 1463 1669 Hos

796 1689 905 1739 prius
923 1687 1172 1725 introducam.
1196 1690 1295 1726 Eun.
1318 1700 1392 1734 111,
1422 1699 1464 1736 2,

802 1746 901 1794 39).
964 1743 1016 1782 Vt
1035 1742 1216 1797 caederes]
1254 1744 1347 1788 Pro,
1380 1754 1465 1781 cae-

804 1796 935 1837 dendo
966 1811 1128 1851 cogeres
1155 1809 1191 1837 vt
1209 1797 1379 1839 facerent
1406 1797 1464 1836 su-

803 1866 905 1906 gam.
960 1853 1139 1893 Facerem
1158 1853 1317 1909 fugam]
1342 1853 1463 1894 Deest

801 1906 925 1948 rursus
941 1922 1003 1958 vt,
1034 1909 1101 1958 fic,
1133 1910 1182 1949 Vt
1198 1911 1369 1960 fheerem
1391 1910 1462 1961 fu-

798 1979 905 2021 gam,
934 1966 996 2003 vel
1021 1970 1195 2009 ἂσυνδέτως
1225 1967 1369 2004 illatum
1389 1966 1457 2006 est.

801 2022 977 2061 Facerem
976 2020 1028 2073 fic
1029 2023 1133 2076 gam]
1155 2022 1358 2064 Desiderat
1369 2035 1461 2061 con-

800 2077 1045 2117 iunffionem
1064 2082 1183 2118 enim.-
1212 2089 1250 2117 vt
1269 2077 1322 2128 fit,
1348 2078 1459 2118 Fuce-

803 2147 887 2174 rent
908 2136 1002 2173 enim
1012 2135 1164 2189 fugam.
1217 2137 1267 2174 D.

858 2220 906 2262 18
928 2213 1000 2253 Sed
1007 2226 1122 2252 eccam
1139 2212 1310 2254 Thaidem
1322 2212 1455 2268 ipfizm]

800 2266 934 2307 Eccam
954 2279 993 2307 et
1015 2267 1275 2321 ipfinn.figu1·a
1290 2267 1456 2315 ἐ’μφιισιςς

798 2324 901 2376 quaii
920 2338 1034 2363 eccam
1053 2325 1270 2377 principem
1287 2324 1397 2366 belli:
1418 2338 1458 2366 et

798 2379 932 2433 ipfizm,
962 2391 1095 2420 contra
1119 2394 1234 2432 quam
1261 2393 1454 2435 pugnatu-

800 2450 864 2476 rus
885 2437 951 2479 est.
1006 2436 1129 2488 Quam
1147 2451 1235 2476 mox
1253 2439 1452 2493 irruimus]

798 2495 884 2533 Hoc
902 2492 1081 2546 parasitus
1100 2493 1266 2532 irridens
1285 2495 1453 2534 militem

799 2549 908 2588 dixit.
959 2553 1008 2590 Et
1041 2553 1180 2589 irruere
1211 2551 1367 2601 proprie
1394 2550 1452 2588 di-

799 2616 944 2652 cuntur,
972 2606 1142 2657 quicum
1165 2605 1299 2647 furore
1316 2607 1453 2659 praeli-

800 2675 865 2701 um
887 2663 1034 2703 ineunt.
1089 2665 1139 2704 D.
