<?xml version="1.0" encoding="UTF-8"?>
<!DOCTYPE html PUBLIC "-//W3C//DTD XHTML 1.0 Transitional//EN"
    "http://www.w3.org/TR/xhtml1/DTD/xhtml1-transitional.dtd">
<html xmlns="http://www.w3.org/1999/xhtml" xml:lang="en" lang="en">
 <head>
  <title>
</title>
<meta http-equiv="Content-Type" content="text/html;charset=utf-8" />
  <meta name='ocr-system' content='tesseract 3.04.00' />
  <meta name='ocr-capabilities' content='ocr_page ocr_carea ocr_par ocr_line ocrx_word'/>
</head>
<body>
  <div class='ocr_page' id='page_1' title='image "./comoediaesexexre01tereuoft_0725.png"; bbox 0 0 1815 3168; ppageno 0'>
   <div class='ocr_carea' id='block_1_1' title="bbox 486 164 1076 214">
    <p class='ocr_par' dir='ltr' id='par_1_1' title="bbox 486 164 1076 214">
     <span class='ocr_line' id='line_1_1' title="bbox 486 164 1076 214; baseline -0.003 -1"><span class='ocrx_word' id='word_1_1' title='bbox 486 174 489 176; x_wconf 78' lang='grc'><strong>’</strong></span> <span class='ocrx_word' id='word_1_2' title='bbox 543 164 1076 214; x_wconf 89' lang='lat' dir='ltr'><strong>HEAVTONTIM.</strong></span> 
     </span>
    </p>
   </div>
   <div class='ocr_carea' id='block_1_2' title="bbox 1373 168 1476 227">
    <p class='ocr_par' dir='ltr' id='par_1_2' title="bbox 1373 168 1476 227">
     <span class='ocr_line' id='line_1_2' title="bbox 1373 168 1476 227; baseline 0 -15"><span class='ocrx_word' id='word_1_3' title='bbox 1373 168 1476 227; x_wconf 76' lang='lat'><strong>627</strong></span> 
     </span>
    </p>
   </div>
   <div class='ocr_carea' id='block_1_3' title="bbox 189 282 1471 504">
    <p class='ocr_par' dir='ltr' id='par_1_3' title="bbox 189 282 1471 504">
     <span class='ocr_line' id='line_1_3' title="bbox 189 282 1471 355; baseline -0.013 -9"><span class='ocrx_word' id='word_1_4' title='bbox 189 282 192 283; x_wconf 24' lang='lat'><em>⁷</em></span> <span class='ocrx_word' id='word_1_5' title='bbox 241 294 466 346; x_wconf 74' lang='lat' dir='ltr'><strong>inserere?</strong></span> <span class='ocrx_word' id='word_1_6' title='bbox 504 291 592 341; x_wconf 76' lang='lat' dir='ltr'><strong>Sv.</strong></span> <span class='ocrx_word' id='word_1_7' title='bbox 635 290 728 339; x_wconf 56' lang='lat' dir='ltr'><strong>acia</strong></span> <span class='ocrx_word' id='word_1_8' title='bbox 747 291 853 338; x_wconf 88' lang='lat' dir='ltr'><strong>haec</strong></span> <span class='ocrx_word' id='word_1_9' title='bbox 870 308 940 337; x_wconf 86' lang='lat' dir='ltr'><strong>res</strong></span> <span class='ocrx_word' id='word_1_10' title='bbox 954 290 1028 337; x_wconf 88' lang='lat' dir='ltr'><strong>est.</strong></span> <span class='ocrx_word' id='word_1_11' title='bbox 1064 286 1202 355; x_wconf 85' lang='lat' dir='ltr'><strong>perii!</strong></span> <span class='ocrx_word' id='word_1_12' title='bbox 1238 286 1339 340; x_wconf 83' lang='lat' dir='ltr'><strong>CL.</strong></span> <span class='ocrx_word' id='word_1_13' title='bbox 1375 308 1471 340; x_wconf 82' lang='lat' dir='ltr'><strong>me-</strong></span> 
     </span>
     <span class='ocr_line' id='line_1_4' title="bbox 339 365 1115 425; baseline -0.01 -7"><span class='ocrx_word' id='word_1_14' title='bbox 339 371 426 418; x_wconf 88' lang='lat' dir='ltr'><strong>ne?</strong></span> <span class='ocrx_word' id='word_1_15' title='bbox 465 365 572 417; x_wconf 81' lang='lat' dir='ltr'><strong>CH.</strong></span> <span class='ocrx_word' id='word_1_16' title='bbox 607 368 719 415; x_wconf 88' lang='lat' dir='ltr'><strong>hisce</strong></span> <span class='ocrx_word' id='word_1_17' title='bbox 741 367 890 419; x_wconf 83' lang='lat' dir='ltr'><strong>oculis,</strong></span> <span class='ocrx_word' id='word_1_18' title='bbox 913 383 968 411; x_wconf 89' lang='lat' dir='ltr'><strong>ne</strong></span> <span class='ocrx_word' id='word_1_19' title='bbox 989 381 1115 425; x_wconf 84' lang='lat' dir='ltr'><strong>nega.</strong></span> 
     </span>
     <span class='ocr_line' id='line_1_5' title="bbox 240 441 1469 504; baseline -0.003 -10"><span class='ocrx_word' id='word_1_20' title='bbox 240 446 363 496; x_wconf 85' lang='lat' dir='ltr'>Facis</span> <span class='ocrx_word' id='word_1_21' title='bbox 386 445 494 491; x_wconf 86' lang='lat' dir='ltr'><strong>adeo</strong></span> <span class='ocrx_word' id='word_1_22' title='bbox 513 444 694 504; x_wconf 81' lang='lat' dir='ltr'><strong>indigne</strong></span> <span class='ocrx_word' id='word_1_23' title='bbox 718 444 927 499; x_wconf 82' lang='lat' dir='ltr'><strong>iniuriam</strong></span> <span class='ocrx_word' id='word_1_24' title='bbox 941 441 1018 494; x_wconf 82' lang='lat' dir='ltr'><strong>illi,</strong></span> <span class='ocrx_word' id='word_1_25' title='bbox 1042 441 1119 504; x_wconf 85' lang='lat' dir='ltr'><strong>qui</strong></span> <span class='ocrx_word' id='word_1_26' title='bbox 1140 457 1235 488; x_wconf 89' lang='lat' dir='ltr'><strong>non</strong></span> <span class='ocrx_word' id='word_1_27' title='bbox 1262 441 1469 491; x_wconf 75' lang='lat' dir='ltr'><strong>abstineas</strong></span> 
     </span>
    </p>
   </div>
   <div class='ocr_carea' id='block_1_4' title="bbox 344 537 540 566">
    <p class='ocr_par' dir='ltr' id='par_1_4' title="bbox 344 537 540 566">
     <span class='ocr_line' id='line_1_6' title="bbox 344 537 540 566; baseline -0.01 0"><span class='ocrx_word' id='word_1_28' title='bbox 344 537 540 566; x_wconf 79' lang='lat' dir='ltr'><strong>manum.</strong></span> 
     </span>
    </p>
   </div>
   <div class='ocr_carea' id='block_1_5' title="bbox 177 589 1474 732">
    <p class='ocr_par' dir='ltr' id='par_1_5' title="bbox 177 589 1474 732">
     <span class='ocr_line' id='line_1_7' title="bbox 177 589 1084 662; baseline -0.007 -19"><span class='ocrx_word' id='word_1_29' title='bbox 177 613 205 662; x_wconf 82' lang='lat'><em>5</em></span> <span class='ocrx_word' id='word_1_30' title='bbox 245 601 365 643; x_wconf 88' lang='lat' dir='ltr'><strong>Nam</strong></span> <span class='ocrx_word' id='word_1_31' title='bbox 388 595 510 641; x_wconf 80' lang='lat' dir='ltr'><strong>istaec</strong></span> <span class='ocrx_word' id='word_1_32' title='bbox 534 594 713 658; x_wconf 87' lang='lat' dir='ltr'><strong>quidem</strong></span> <span class='ocrx_word' id='word_1_33' title='bbox 732 592 993 639; x_wconf 80' lang='lat' dir='ltr'><strong>contumelia</strong></span> <span class='ocrx_word' id='word_1_34' title='bbox 1013 589 1084 644; x_wconf 87' lang='lat' dir='ltr'><strong>est,</strong></span> 
     </span>
     <span class='ocr_line' id='line_1_8' title="bbox 244 668 1474 732; baseline -0.001 -14"><span class='ocrx_word' id='word_1_35' title='bbox 244 673 492 718; x_wconf 84' lang='lat' dir='ltr'>Hominem</span> <span class='ocrx_word' id='word_1_36' title='bbox 515 672 701 716; x_wconf 86' lang='lat' dir='ltr'><strong>amicum</strong></span> <span class='ocrx_word' id='word_1_37' title='bbox 721 669 916 731; x_wconf 83' lang='lat' dir='ltr'><strong>recipere</strong></span> <span class='ocrx_word' id='word_1_38' title='bbox 936 668 989 713; x_wconf 85' lang='lat' dir='ltr'><strong>ad</strong></span> <span class='ocrx_word' id='word_1_39' title='bbox 1015 679 1071 721; x_wconf 84' lang='lat' dir='ltr'><strong>te,</strong></span> <span class='ocrx_word' id='word_1_40' title='bbox 1105 677 1235 732; x_wconf 82' lang='lat' dir='ltr'><strong>atque</strong></span> <span class='ocrx_word' id='word_1_41' title='bbox 1258 669 1350 716; x_wconf 88' lang='lat' dir='ltr'><strong>eius</strong></span> <span class='ocrx_word' id='word_1_42' title='bbox 1371 672 1474 717; x_wconf 81' lang='lat' dir='ltr'><strong>atni·</strong></span> 
     </span>
    </p>
   </div>
   <div class='ocr_carea' id='block_1_6' title="bbox 343 744 727 804">
    <p class='ocr_par' dir='ltr' id='par_1_6' title="bbox 343 744 727 804">
     <span class='ocr_line' id='line_1_9' title="bbox 343 744 727 804; baseline -0.01 -12"><span class='ocrx_word' id='word_1_43' title='bbox 343 763 436 792; x_wconf 90' lang='lat' dir='ltr'><strong>cam</strong></span> <span class='ocrx_word' id='word_1_44' title='bbox 468 744 727 804; x_wconf 80' lang='lat' dir='ltr'><strong>subagitare:</strong></span> 
     </span>
    </p>
   </div>
   <div class='ocr_carea' id='block_1_7' title="bbox 244 816 1476 958">
    <p class='ocr_par' dir='ltr' id='par_1_7' title="bbox 244 816 1476 958">
     <span class='ocr_line' id='line_1_10' title="bbox 244 816 1476 885; baseline 0 -18"><span class='ocrx_word' id='word_1_45' title='bbox 244 821 330 871; x_wconf 86' lang='lat' dir='ltr'><strong>Vel</strong></span> <span class='ocrx_word' id='word_1_46' title='bbox 350 821 445 866; x_wconf 86' lang='lat' dir='ltr'><strong>heri</strong></span> <span class='ocrx_word' id='word_1_47' title='bbox 467 822 514 866; x_wconf 88' lang='lat' dir='ltr'><strong>in</strong></span> <span class='ocrx_word' id='word_1_48' title='bbox 536 820 748 885; x_wconf 45' lang='lat' dir='ltr'><strong>¹conuiuio</strong></span> <span class='ocrx_word' id='word_1_49' title='bbox 772 834 903 880; x_wconf 87' lang='lat' dir='ltr'><strong>quam</strong></span> <span class='ocrx_word' id='word_1_50' title='bbox 922 816 1203 865; x_wconf 87' lang='lat' dir='ltr'><strong>immodestus</strong></span> <span class='ocrx_word' id='word_1_51' title='bbox 1225 817 1363 867; x_wconf 76' lang='lat' dir='ltr'><strong>fuisti!</strong></span> <span class='ocrx_word' id='word_1_52' title='bbox 1386 817 1476 866; x_wconf 75' lang='lat' dir='ltr'><strong>SY-</strong></span> 
     </span>
     <span class='ocr_line' id='line_1_11' title="bbox 342 888 1078 958; baseline -0.003 -15"><span class='ocrx_word' id='word_1_53' title='bbox 342 893 522 944; x_wconf 68' lang='lat' dir='ltr'><strong>fastum.</strong></span> <span class='ocrx_word' id='word_1_54' title='bbox 557 888 662 941; x_wconf 83' lang='lat' dir='ltr'><strong>CH.</strong></span> <span class='ocrx_word' id='word_1_55' title='bbox 699 909 832 958; x_wconf 84' lang='lat' dir='ltr'><strong>quam</strong></span> <span class='ocrx_word' id='word_1_56' title='bbox 852 891 1078 941; x_wconf 84' lang='lat' dir='ltr'><strong>molestus!</strong></span> 
     </span>
    </p>
   </div>
   <div class='ocr_carea' id='block_1_8' title="bbox 112 1098 795 2590">
    <p class='ocr_par' dir='ltr' id='par_1_8' title="bbox 112 1098 782 1873">
     <span class='ocr_line' id='line_1_12' title="bbox 112 1098 770 1143; baseline -0.006 -5"><span class='ocrx_word' id='word_1_57' title='bbox 112 1100 233 1142; x_wconf 68' lang='grc' dir='ltr'>θλίψον</span> <span class='ocrx_word' id='word_1_58' title='bbox 259 1101 438 1143; x_wconf 72' lang='grc' dir='ltr'><em>δάκτυλον,</em></span> <span class='ocrx_word' id='word_1_59' title='bbox 479 1098 599 1143; x_wconf 64' lang='grc' dir='ltr'><strong><em>θλίβων</em></strong></span> <span class='ocrx_word' id='word_1_60' title='bbox 627 1100 770 1135; x_wconf 75' lang='grc' dir='ltr'><strong><em>ςὲνεισον.</em></strong></span> 
     </span>
     <span class='ocr_line' id='line_1_13' title="bbox 114 1150 771 1205; baseline -0.011 -10"><span class='ocrx_word' id='word_1_61' title='bbox 114 1156 220 1195; x_wconf 85' lang='lat' dir='ltr'><strong>Hinc</strong></span> <span class='ocrx_word' id='word_1_62' title='bbox 257 1153 358 1205; x_wconf 84' lang='lat' dir='ltr'><strong>apud</strong></span> <span class='ocrx_word' id='word_1_63' title='bbox 387 1154 561 1193; x_wconf 87' lang='lat' dir='ltr'><strong>Plautum</strong></span> <span class='ocrx_word' id='word_1_64' title='bbox 598 1151 640 1189; x_wconf 88' lang='lat' dir='ltr'><strong>in</strong></span> <span class='ocrx_word' id='word_1_65' title='bbox 667 1150 771 1191; x_wconf 80' lang='lat' dir='ltr'><strong>Afin.</strong></span> 
     </span>
     <span class='ocr_line' id='line_1_14' title="bbox 114 1207 772 1262; baseline -0.011 -11"><span class='ocrx_word' id='word_1_66' title='bbox 114 1223 175 1259; x_wconf 76' lang='lat' dir='ltr'><strong>lv,</strong></span> <span class='ocrx_word' id='word_1_67' title='bbox 203 1222 233 1257; x_wconf 85' lang='grc' dir='ltr'><strong>Ι,</strong></span> <span class='ocrx_word' id='word_1_68' title='bbox 257 1221 320 1260; x_wconf 88' lang='lat'><strong>32.</strong></span> <span class='ocrx_word' id='word_1_69' title='bbox 340 1210 382 1247; x_wconf 88' lang='lat' dir='ltr'><strong>in</strong></span> <span class='ocrx_word' id='word_1_70' title='bbox 406 1209 510 1262; x_wconf 84' lang='lat' dir='ltr'><strong>lege,</strong></span> <span class='ocrx_word' id='word_1_71' title='bbox 530 1220 645 1260; x_wconf 87' lang='lat' dir='ltr'><strong>qnam</strong></span> <span class='ocrx_word' id='word_1_72' title='bbox 662 1207 772 1245; x_wconf 88' lang='lat' dir='ltr'><strong>iuue-</strong></span> 
     </span>
     <span class='ocr_line' id='line_1_15' title="bbox 118 1262 774 1308; baseline -0.008 -3"><span class='ocrx_word' id='word_1_73' title='bbox 118 1267 180 1306; x_wconf 84' lang='lat' dir='ltr'><strong>nis</strong></span> <span class='ocrx_word' id='word_1_74' title='bbox 210 1264 370 1304; x_wconf 77' lang='lat' dir='ltr'><strong>amasiae</strong></span> <span class='ocrx_word' id='word_1_75' title='bbox 397 1262 483 1304; x_wconf 86' lang='lat' dir='ltr'><strong>suae</strong></span> <span class='ocrx_word' id='word_1_76' title='bbox 514 1263 691 1308; x_wconf 81' lang='lat' dir='ltr'>dederat,</span> <span class='ocrx_word' id='word_1_77' title='bbox 724 1264 774 1301; x_wconf 84' lang='lat' dir='ltr'><strong>ita</strong></span> 
     </span>
     <span class='ocr_line' id='line_1_16' title="bbox 117 1318 775 1373; baseline -0.008 -13"><span class='ocrx_word' id='word_1_78' title='bbox 117 1333 277 1373; x_wconf 85' lang='lat' dir='ltr'><strong>quoque</strong></span> <span class='ocrx_word' id='word_1_79' title='bbox 316 1331 468 1359; x_wconf 85' lang='lat' dir='ltr'><strong>cautum</strong></span> <span class='ocrx_word' id='word_1_80' title='bbox 509 1318 610 1359; x_wconf 81' lang='lat' dir='ltr'><strong>fuit:</strong></span> <span class='ocrx_word' id='word_1_81' title='bbox 654 1321 775 1372; x_wconf 77' lang='lat' dir='ltr'><strong>Neque</strong></span> 
     </span>
     <span class='ocr_line' id='line_1_17' title="bbox 119 1375 776 1427; baseline -0.006 -11"><span class='ocrx_word' id='word_1_82' title='bbox 119 1391 198 1416; x_wconf 88' lang='lat' dir='ltr'><strong>cum</strong></span> <span class='ocrx_word' id='word_1_83' title='bbox 219 1377 434 1427; x_wconf 67' lang='lat' dir='ltr'><strong>descendat,</strong></span> <span class='ocrx_word' id='word_1_84' title='bbox 461 1377 548 1415; x_wconf 81' lang='lat' dir='ltr'><strong>inde</strong></span> <span class='ocrx_word' id='word_1_85' title='bbox 565 1375 629 1414; x_wconf 84' lang='lat' dir='ltr'><strong>det</strong></span> <span class='ocrx_word' id='word_1_86' title='bbox 649 1377 776 1426; x_wconf 78' lang='lat' dir='ltr'><strong>cuique</strong></span> 
     </span>
     <span class='ocr_line' id='line_1_18' title="bbox 116 1426 778 1473; baseline -0.009 0"><span class='ocrx_word' id='word_1_87' title='bbox 116 1447 275 1473; x_wconf 86' lang='lat' dir='ltr'><strong>manum.</strong></span> <span class='ocrx_word' id='word_1_88' title='bbox 332 1435 393 1472; x_wconf 89' lang='lat' dir='ltr'><strong>Ne</strong></span> <span class='ocrx_word' id='word_1_89' title='bbox 418 1442 562 1470; x_wconf 83' lang='lat' dir='ltr'><strong>amator</strong></span> <span class='ocrx_word' id='word_1_90' title='bbox 589 1426 713 1469; x_wconf 81' lang='lat' dir='ltr'>forsan</span> <span class='ocrx_word' id='word_1_91' title='bbox 741 1443 778 1468; x_wconf 78' lang='lat' dir='ltr'><strong>a·</strong></span> 
     </span>
     <span class='ocr_line' id='line_1_19' title="bbox 116 1485 778 1532; baseline -0.009 -4"><span class='ocrx_word' id='word_1_92' title='bbox 116 1491 191 1529; x_wconf 75' lang='lat' dir='ltr'><strong>llus</strong></span> <span class='ocrx_word' id='word_1_93' title='bbox 211 1495 279 1531; x_wconf 66' lang='grc' dir='ltr'><strong>τοῖς</strong></span> <span class='ocrx_word' id='word_1_94' title='bbox 298 1493 411 1532; x_wconf 70' lang='grc' dir='ltr'><strong>ἐκείνης</strong></span> <span class='ocrx_word' id='word_1_95' title='bbox 430 1486 600 1529; x_wconf 68' lang='grc' dir='ltr'><em>δακτύλοις</em></span> <span class='ocrx_word' id='word_1_96' title='bbox 618 1485 681 1528; x_wconf 57' lang='grc' dir='ltr'><strong>’τι-ἔς</strong></span> <span class='ocrx_word' id='word_1_97' title='bbox 700 1487 778 1522; x_wconf 72' lang='grc' dir='ltr'><strong><em>ἔαυ-</em></strong></span> 
     </span>
     <span class='ocr_line' id='line_1_20' title="bbox 116 1540 781 1591; baseline -0.006 -8"><span class='ocrx_word' id='word_1_98' title='bbox 116 1549 163 1583; x_wconf 71' lang='grc' dir='ltr'><em>τέ</em></span> <span class='ocrx_word' id='word_1_99' title='bbox 189 1549 395 1591; x_wconf 71' lang='grc' dir='ltr'><strong>περιπλέξας,</strong></span> <span class='ocrx_word' id='word_1_100' title='bbox 421 1544 481 1581; x_wconf 85' lang='lat' dir='ltr'><strong>vel</strong></span> <span class='ocrx_word' id='word_1_101' title='bbox 500 1542 548 1580; x_wconf 81' lang='lat' dir='ltr'><strong>fic</strong></span> <span class='ocrx_word' id='word_1_102' title='bbox 559 1540 689 1581; x_wconf 81' lang='lat' dir='ltr'><strong>saltem</strong></span> <span class='ocrx_word' id='word_1_103' title='bbox 701 1554 781 1580; x_wconf 85' lang='lat' dir='ltr'><strong>ma-</strong></span> 
     </span>
     <span class='ocr_line' id='line_1_21' title="bbox 120 1596 778 1641; baseline -0.009 0"><span class='ocrx_word' id='word_1_104' title='bbox 120 1614 177 1641; x_wconf 83' lang='lat' dir='ltr'><strong>nu</strong></span> <span class='ocrx_word' id='word_1_105' title='bbox 202 1598 311 1639; x_wconf 88' lang='lat' dir='ltr'><strong>salaci</strong></span> <span class='ocrx_word' id='word_1_106' title='bbox 329 1599 610 1638; x_wconf 88' lang='lat' dir='ltr'><strong>libidinaretur.</strong></span> <span class='ocrx_word' id='word_1_107' title='bbox 641 1596 778 1637; x_wconf 85' lang='lat' dir='ltr'><strong>Ariste-</strong></span> 
     </span>
     <span class='ocr_line' id='line_1_22' title="bbox 119 1651 778 1707; baseline -0.006 -12"><span class='ocrx_word' id='word_1_108' title='bbox 119 1667 223 1696; x_wconf 83' lang='lat' dir='ltr'><strong>naet.</strong></span> <span class='ocrx_word' id='word_1_109' title='bbox 245 1656 329 1694; x_wconf 85' lang='lat' dir='ltr'>libr.</span> <span class='ocrx_word' id='word_1_110' title='bbox 353 1669 379 1694; x_wconf 91' lang='lat'><strong>1.</strong></span> <span class='ocrx_word' id='word_1_111' title='bbox 411 1655 571 1707; x_wconf 86' lang='lat' dir='ltr'><strong>Epist.9.</strong></span> <span class='ocrx_word' id='word_1_112' title='bbox 591 1651 778 1693; x_wconf 81' lang='lat' dir='ltr'><strong>Themist.</strong></span> 
     </span>
     <span class='ocr_line' id='line_1_23' title="bbox 121 1708 782 1765; baseline -0.009 -13"><span class='ocrx_word' id='word_1_113' title='bbox 121 1715 229 1752; x_wconf 80' lang='lat' dir='ltr'><strong>Orat.</strong></span> <span class='ocrx_word' id='word_1_114' title='bbox 259 1725 294 1765; x_wconf 86' lang='lat'><strong>3.</strong></span> <span class='ocrx_word' id='word_1_115' title='bbox 342 1711 487 1752; x_wconf 85' lang='lat' dir='ltr'><strong>Laudat</strong></span> <span class='ocrx_word' id='word_1_116' title='bbox 521 1720 652 1749; x_wconf 88' lang='lat' dir='ltr'><strong>autem</strong></span> <span class='ocrx_word' id='word_1_117' title='bbox 675 1708 782 1747; x_wconf 84' lang='lat' dir='ltr'><strong>hune</strong></span> 
     </span>
     <span class='ocr_line' id='line_1_24' title="bbox 121 1763 782 1807; baseline -0.008 0"><span class='ocrx_word' id='word_1_118' title='bbox 121 1768 304 1807; x_wconf 81' lang='lat' dir='ltr'>Terentii</span> <span class='ocrx_word' id='word_1_119' title='bbox 333 1767 459 1805; x_wconf 86' lang='lat' dir='ltr'><strong>locum</strong></span> <span class='ocrx_word' id='word_1_120' title='bbox 479 1767 596 1805; x_wconf 82' lang='lat' dir='ltr'><strong>lulius</strong></span> <span class='ocrx_word' id='word_1_121' title='bbox 618 1763 782 1806; x_wconf 83' lang='lat' dir='ltr'><strong>Rufinia-</strong></span> 
     </span>
     <span class='ocr_line' id='line_1_25' title="bbox 121 1822 698 1873; baseline -0.007 -9"><span class='ocrx_word' id='word_1_122' title='bbox 121 1837 196 1864; x_wconf 86' lang='lat' dir='ltr'><strong>nus</strong></span> <span class='ocrx_word' id='word_1_123' title='bbox 217 1823 329 1864; x_wconf 87' lang='lat' dir='ltr'><strong>Rhet.</strong></span> <span class='ocrx_word' id='word_1_124' title='bbox 350 1824 390 1861; x_wconf 89' lang='lat' dir='ltr'><strong>in</strong></span> <span class='ocrx_word' id='word_1_125' title='bbox 409 1822 602 1873; x_wconf 84' lang='lat' dir='ltr'><strong>Epiplexi.</strong></span> <span class='ocrx_word' id='word_1_126' title='bbox 658 1824 698 1861; x_wconf 91' lang='lat' dir='ltr'><strong>L.</strong></span> 
     </span>
    </p>

    <p class='ocr_par' dir='ltr' id='par_1_9' title="bbox 122 1875 795 2590">
     <span class='ocr_line' id='line_1_26' title="bbox 183 1875 783 1932; baseline -0.008 -14"><span class='ocrx_word' id='word_1_127' title='bbox 183 1893 203 1932; x_wconf 89' lang='lat'><em>3</em></span> <span class='ocrx_word' id='word_1_128' title='bbox 247 1879 337 1918; x_wconf 66' lang='lat' dir='ltr'><strong>Ac‘t‘a</strong></span> <span class='ocrx_word' id='word_1_129' title='bbox 374 1878 458 1917; x_wconf 80' lang='lat' dir='ltr'><strong>haec</strong></span> <span class='ocrx_word' id='word_1_130' title='bbox 488 1878 564 1925; x_wconf 80' lang='lat' dir='ltr'><strong>res]</strong></span> <span class='ocrx_word' id='word_1_131' title='bbox 605 1875 783 1918; x_wconf 82' lang='lat' dir='ltr'>Verbum</span> 
     </span>
     <span class='ocr_line' id='line_1_27' title="bbox 122 1932 783 1987; baseline -0.011 -11"><span class='ocrx_word' id='word_1_132' title='bbox 122 1934 374 1987; x_wconf 59' lang='lat' dir='ltr'><strong>desperanti&amp;</strong></span> <span class='ocrx_word' id='word_1_133' title='bbox 438 1932 624 1973; x_wconf 83' lang='lat' dir='ltr'>Timebat</span> <span class='ocrx_word' id='word_1_134' title='bbox 673 1933 783 1971; x_wconf 87' lang='lat' dir='ltr'><strong>enim</strong></span> 
     </span>
     <span class='ocr_line' id='line_1_28' title="bbox 126 1988 785 2044; baseline -0.012 -11"><span class='ocrx_word' id='word_1_135' title='bbox 126 1995 266 2044; x_wconf 84' lang='lat' dir='ltr'><strong>Syrus,</strong></span> <span class='ocrx_word' id='word_1_136' title='bbox 298 2004 350 2030; x_wconf 90' lang='lat' dir='ltr'><strong>ne</strong></span> <span class='ocrx_word' id='word_1_137' title='bbox 370 1988 420 2028; x_wconf 92' lang='lat' dir='ltr'><strong>ob</strong></span> <span class='ocrx_word' id='word_1_138' title='bbox 440 1988 514 2028; x_wconf 90' lang='lat' dir='ltr'><strong>hoc</strong></span> <span class='ocrx_word' id='word_1_139' title='bbox 533 1988 683 2028; x_wconf 67' lang='lat' dir='ltr'><strong>fallacia</strong></span> <span class='ocrx_word' id='word_1_140' title='bbox 702 1988 785 2026; x_wconf 89' lang='lat' dir='ltr'><strong>eius</strong></span> 
     </span>
     <span class='ocr_line' id='line_1_29' title="bbox 125 2044 787 2100; baseline -0.009 -12"><span class='ocrx_word' id='word_1_141' title='bbox 125 2048 388 2100; x_wconf 83' lang='lat' dir='ltr'><strong>detegeretur.</strong></span> <span class='ocrx_word' id='word_1_142' title='bbox 459 2044 623 2097; x_wconf 79' lang='lat' dir='ltr'><strong>Mene?]</strong></span> <span class='ocrx_word' id='word_1_143' title='bbox 667 2049 787 2086; x_wconf 87' lang='lat' dir='ltr'><strong>More</strong></span> 
     </span>
     <span class='ocr_line' id='line_1_30' title="bbox 125 2098 787 2153; baseline -0.008 -10"><span class='ocrx_word' id='word_1_144' title='bbox 125 2104 308 2150; x_wconf 84' lang='lat' dir='ltr'><strong>filiorum,</strong></span> <span class='ocrx_word' id='word_1_145' title='bbox 328 2100 434 2153; x_wconf 89' lang='lat' dir='ltr'><strong>quod</strong></span> <span class='ocrx_word' id='word_1_146' title='bbox 454 2098 703 2149; x_wconf 86' lang='lat' dir='ltr'>commiserat,</span> <span class='ocrx_word' id='word_1_147' title='bbox 723 2114 787 2151; x_wconf 89' lang='lat' dir='ltr'><strong>pa-</strong></span> 
     </span>
     <span class='ocr_line' id='line_1_31' title="bbox 125 2157 787 2210; baseline -0.006 -12"><span class='ocrx_word' id='word_1_148' title='bbox 125 2161 176 2199; x_wconf 86' lang='lat' dir='ltr'><strong>tri</strong></span> <span class='ocrx_word' id='word_1_149' title='bbox 193 2158 370 2198; x_wconf 63' lang='lat' dir='ltr'><strong>audacter</strong></span> <span class='ocrx_word' id='word_1_150' title='bbox 390 2166 522 2210; x_wconf 85' lang='lat' dir='ltr'><strong>negat.</strong></span> <span class='ocrx_word' id='word_1_151' title='bbox 578 2157 634 2196; x_wconf 85' lang='lat' dir='ltr'><strong>Hi</strong></span> <span class='ocrx_word' id='word_1_152' title='bbox 653 2170 688 2195; x_wconf 87' lang='lat' dir='ltr'><strong>ce</strong></span> <span class='ocrx_word' id='word_1_153' title='bbox 705 2168 787 2194; x_wconf 87' lang='lat' dir='ltr'><strong>ocu-</strong></span> 
     </span>
     <span class='ocr_line' id='line_1_32' title="bbox 125 2210 786 2265; baseline -0.008 -10"><span class='ocrx_word' id='word_1_154' title='bbox 125 2217 194 2265; x_wconf 73' lang='lat' dir='ltr'><strong>lis]</strong></span> <span class='ocrx_word' id='word_1_155' title='bbox 224 2217 400 2257; x_wconf 74' lang='grc' dir='ltr'><strong>Δεικτικῶς</strong></span> <span class='ocrx_word' id='word_1_156' title='bbox 425 2223 463 2253; x_wconf 82' lang='lat' dir='ltr'><strong>et</strong></span> <span class='ocrx_word' id='word_1_157' title='bbox 490 2226 577 2253; x_wconf 85' lang='lat' dir='ltr'><strong>cum</strong></span> <span class='ocrx_word' id='word_1_158' title='bbox 606 2210 786 2265; x_wconf 68' lang='lat' dir='ltr'><strong>emphasi.</strong></span> 
     </span>
     <span class='ocr_line' id='line_1_33' title="bbox 187 2319 791 2380; baseline -0.008 -14"><span class='ocrx_word' id='word_1_159' title='bbox 187 2327 279 2366; x_wconf 69' lang='lat' dir='ltr'><strong>Aeta</strong></span> <span class='ocrx_word' id='word_1_160' title='bbox 305 2325 389 2366; x_wconf 85' lang='lat' dir='ltr'><strong>haec</strong></span> <span class='ocrx_word' id='word_1_161' title='bbox 408 2338 464 2366; x_wconf 87' lang='lat' dir='ltr'><strong>res</strong></span> <span class='ocrx_word' id='word_1_162' title='bbox 485 2324 550 2380; x_wconf 79' lang='lat' dir='ltr'><strong>est]</strong></span> <span class='ocrx_word' id='word_1_163' title='bbox 580 2326 697 2378; x_wconf 86' lang='lat' dir='ltr'><strong>Syrus</strong></span> <span class='ocrx_word' id='word_1_164' title='bbox 718 2319 791 2362; x_wconf 48' lang='lat' dir='ltr'><strong>serm</strong></span> 
     </span>
     <span class='ocr_line' id='line_1_34' title="bbox 131 2377 791 2422; baseline -0.006 -1"><span class='ocrx_word' id='word_1_165' title='bbox 131 2395 204 2422; x_wconf 86' lang='lat' dir='ltr'><strong>uus</strong></span> <span class='ocrx_word' id='word_1_166' title='bbox 232 2381 352 2421; x_wconf 90' lang='lat' dir='ltr'><strong>credit</strong></span> <span class='ocrx_word' id='word_1_167' title='bbox 378 2381 511 2421; x_wconf 86' lang='lat' dir='ltr'><strong>senem</strong></span> <span class='ocrx_word' id='word_1_168' title='bbox 535 2377 730 2420; x_wconf 80' lang='lat' dir='ltr'><strong>inueniffe</strong></span> <span class='ocrx_word' id='word_1_169' title='bbox 749 2377 791 2417; x_wconf 86' lang='lat' dir='ltr'><strong>fi·</strong></span> 
     </span>
     <span class='ocr_line' id='line_1_35' title="bbox 132 2438 794 2487; baseline -0.006 -9"><span class='ocrx_word' id='word_1_170' title='bbox 132 2439 231 2478; x_wconf 88' lang='lat' dir='ltr'><strong>lium</strong></span> <span class='ocrx_word' id='word_1_171' title='bbox 248 2451 375 2477; x_wconf 88' lang='lat' dir='ltr'><strong>amare</strong></span> <span class='ocrx_word' id='word_1_172' title='bbox 397 2438 639 2479; x_wconf 83' lang='lat' dir='ltr'><strong>meretricem</strong></span> <span class='ocrx_word' id='word_1_173' title='bbox 653 2468 662 2486; x_wconf 93' lang='lat'>‚</span> <span class='ocrx_word' id='word_1_174' title='bbox 693 2447 794 2487; x_wconf 82' lang='lat' dir='ltr'><strong>quae</strong></span> 
     </span>
     <span class='ocr_line' id='line_1_36' title="bbox 130 2492 795 2545; baseline -0.006 -11"><span class='ocrx_word' id='word_1_175' title='bbox 130 2507 196 2534; x_wconf 71' lang='lat' dir='ltr'><strong>res</strong></span> <span class='ocrx_word' id='word_1_176' title='bbox 214 2504 327 2533; x_wconf 84' lang='lat' dir='ltr'><strong>antea</strong></span> <span class='ocrx_word' id='word_1_177' title='bbox 348 2506 418 2545; x_wconf 88' lang='lat' dir='ltr'><strong>per</strong></span> <span class='ocrx_word' id='word_1_178' title='bbox 428 2494 561 2533; x_wconf 89' lang='lat' dir='ltr'><strong>dolum</strong></span> <span class='ocrx_word' id='word_1_179' title='bbox 573 2492 795 2532; x_wconf 81' lang='lat' dir='ltr'><strong>celabatur:</strong></span> 
     </span>
     <span class='ocr_line' id='line_1_37' title="bbox 133 2549 744 2590; baseline -0.005 0"><span class='ocrx_word' id='word_1_180' title='bbox 133 2550 229 2590; x_wconf 90' lang='lat' dir='ltr'><strong>ideo</strong></span> <span class='ocrx_word' id='word_1_181' title='bbox 249 2549 503 2589; x_wconf 88' lang='lat' dir='ltr'><strong>vehementer</strong></span> <span class='ocrx_word' id='word_1_182' title='bbox 521 2549 670 2589; x_wconf 84' lang='lat' dir='ltr'><strong>metuit.</strong></span> <span class='ocrx_word' id='word_1_183' title='bbox 699 2550 744 2588; x_wconf 91' lang='lat' dir='ltr'><strong>E.</strong></span> 
     </span>
    </p>
   </div>
   <div class='ocr_carea' id='block_1_9' title="bbox 192 2603 799 2655">
    <p class='ocr_par' dir='ltr' id='par_1_10' title="bbox 192 2603 799 2655">
     <span class='ocr_line' id='line_1_38' title="bbox 192 2603 799 2655; baseline -0.008 -9"><span class='ocrx_word' id='word_1_184' title='bbox 192 2610 264 2646; x_wconf 84' lang='lat' dir='ltr'><strong>Pro</strong></span> <span class='ocrx_word' id='word_1_185' title='bbox 284 2604 445 2655; x_wconf 80' lang='lat' dir='ltr'><strong>infirere</strong></span> <span class='ocrx_word' id='word_1_186' title='bbox 462 2605 593 2645; x_wconf 87' lang='lat' dir='ltr'><strong>Bemb.</strong></span> <span class='ocrx_word' id='word_1_187' title='bbox 616 2603 733 2644; x_wconf 88' lang='lat' dir='ltr'><strong>habet</strong></span> <span class='ocrx_word' id='word_1_188' title='bbox 744 2604 799 2642; x_wconf 84' lang='lat' dir='ltr'><strong>in·</strong></span> 
     </span>
    </p>
   </div>
   <div class='ocr_carea' id='block_1_10' title="bbox 134 2661 797 2719">
    <p class='ocr_par' dir='ltr' id='par_1_11' title="bbox 134 2661 797 2719">
     <span class='ocr_line' id='line_1_39' title="bbox 134 2661 797 2719; baseline -0.005 -18"><span class='ocrx_word' id='word_1_189' title='bbox 134 2675 285 2719; x_wconf 76' lang='lat' dir='ltr'><strong>gerere,</strong></span> <span class='ocrx_word' id='word_1_190' title='bbox 336 2661 444 2715; x_wconf 83' lang='lat' dir='ltr'><strong>quod</strong></span> <span class='ocrx_word' id='word_1_191' title='bbox 486 2662 615 2703; x_wconf 78' lang='lat' dir='ltr'><strong>minus</strong></span> <span class='ocrx_word' id='word_1_192' title='bbox 659 2661 797 2713; x_wconf 79' lang='lat' dir='ltr'><strong>placet.</strong></span> 
     </span>
    </p>
   </div>
   <div class='ocr_carea' id='block_1_11' title="bbox 1419 973 1481 1018">
    <p class='ocr_par' dir='ltr' id='par_1_12' title="bbox 1419 973 1481 1018">
     <span class='ocr_line' id='line_1_40' title="bbox 1419 973 1481 1018; baseline -0.016 0"><span class='ocrx_word' id='word_1_193' title='bbox 1419 973 1481 1018; x_wconf 85' lang='lat' dir='ltr'><strong>Vt</strong></span> 
     </span>
    </p>
   </div>
   <div class='ocr_carea' id='block_1_12' title="bbox 821 1091 1495 1985">
    <p class='ocr_par' dir='ltr' id='par_1_13' title="bbox 821 1091 1483 1259">
     <span class='ocr_line' id='line_1_41' title="bbox 821 1091 1483 1149; baseline -0.003 -13"><span class='ocrx_word' id='word_1_194' title='bbox 821 1095 940 1136; x_wconf 73' lang='lat' dir='ltr'><strong>Cene</strong></span> <span class='ocrx_word' id='word_1_195' title='bbox 956 1091 1059 1134; x_wconf 86' lang='lat' dir='ltr'>Naso</span> <span class='ocrx_word' id='word_1_196' title='bbox 1076 1097 1208 1137; x_wconf 87' lang='lat' dir='ltr'><strong>Amor.</strong></span> <span class='ocrx_word' id='word_1_197' title='bbox 1226 1106 1280 1142; x_wconf 86' lang='lat'><strong>11,</strong></span> <span class='ocrx_word' id='word_1_198' title='bbox 1315 1105 1384 1149; x_wconf 84' lang='lat'><strong>15,</strong></span> <span class='ocrx_word' id='word_1_199' title='bbox 1415 1092 1483 1134; x_wconf 85' lang='lat' dir='ltr'><strong>ha·</strong></span> 
     </span>
     <span class='ocr_line' id='line_1_42' title="bbox 822 1149 1482 1205; baseline 0 -16"><span class='ocrx_word' id='word_1_200' title='bbox 822 1150 909 1198; x_wconf 90' lang='lat' dir='ltr'><strong>bet,</strong></span> <span class='ocrx_word' id='word_1_201' title='bbox 946 1149 999 1190; x_wconf 87' lang='lat' dir='ltr'><strong>Et</strong></span> <span class='ocrx_word' id='word_1_202' title='bbox 1030 1152 1174 1191; x_wconf 78' lang='lat' dir='ltr'><strong>laeuam</strong></span> <span class='ocrx_word' id='word_1_203' title='bbox 1200 1152 1338 1191; x_wconf 85' lang='lat' dir='ltr'><strong>tunicis</strong></span> <span class='ocrx_word' id='word_1_204' title='bbox 1365 1151 1482 1205; x_wconf 76' lang='lat' dir='ltr'><strong>infir-</strong></span> 
     </span>
     <span class='ocr_line' id='line_1_43' title="bbox 822 1206 1177 1259; baseline 0.006 -14"><span class='ocrx_word' id='word_1_205' title='bbox 822 1206 905 1259; x_wconf 69' lang='lat' dir='ltr'><strong>utffi²</strong></span> <span class='ocrx_word' id='word_1_206' title='bbox 923 1220 1079 1246; x_wconf 85' lang='lat' dir='ltr'><strong>manum.</strong></span> <span class='ocrx_word' id='word_1_207' title='bbox 1138 1210 1177 1247; x_wconf 86' lang='lat' dir='ltr'><strong>B.</strong></span> 
     </span>
    </p>

    <p class='ocr_par' dir='ltr' id='par_1_14' title="bbox 824 1263 1485 1480">
     <span class='ocr_line' id='line_1_44' title="bbox 877 1263 1484 1318; baseline 0 -17"><span class='ocrx_word' id='word_1_208' title='bbox 877 1276 904 1315; x_wconf 93' lang='lat'>4</span> <span class='ocrx_word' id='word_1_209' title='bbox 935 1263 1039 1301; x_wconf 75' lang='lat' dir='ltr'><strong>Facis</strong></span> <span class='ocrx_word' id='word_1_210' title='bbox 1064 1263 1151 1302; x_wconf 85' lang='lat' dir='ltr'><strong>adeo</strong></span> <span class='ocrx_word' id='word_1_211' title='bbox 1172 1263 1323 1318; x_wconf 81' lang='lat' dir='ltr'><strong>indigne</strong></span> <span class='ocrx_word' id='word_1_212' title='bbox 1343 1264 1484 1301; x_wconf 75' lang='lat' dir='ltr'><strong>iniuri-</strong></span> 
     </span>
     <span class='ocr_line' id='line_1_45' title="bbox 824 1317 1485 1370; baseline 0 -13"><span class='ocrx_word' id='word_1_213' title='bbox 824 1331 884 1357; x_wconf 84' lang='lat' dir='ltr'><strong>am</strong></span> <span class='ocrx_word' id='word_1_214' title='bbox 903 1317 973 1366; x_wconf 78' lang='lat' dir='ltr'><strong>illi]</strong></span> <span class='ocrx_word' id='word_1_215' title='bbox 1003 1321 1113 1358; x_wconf 84' lang='lat' dir='ltr'><strong>Bene</strong></span> <span class='ocrx_word' id='word_1_216' title='bbox 1130 1330 1241 1370; x_wconf 83' lang='lat' dir='ltr'><strong>pater</strong></span> <span class='ocrx_word' id='word_1_217' title='bbox 1262 1318 1346 1369; x_wconf 86' lang='lat' dir='ltr'><strong>post</strong></span> <span class='ocrx_word' id='word_1_218' title='bbox 1357 1318 1485 1357; x_wconf 87' lang='lat' dir='ltr'><strong>obiur-</strong></span> 
     </span>
     <span class='ocr_line' id='line_1_46' title="bbox 826 1370 1484 1427; baseline 0.003 -15"><span class='ocrx_word' id='word_1_219' title='bbox 826 1370 1052 1427; x_wconf 69' lang='lat' dir='ltr'><strong>gationem‚&#39;</strong></span> <span class='ocrx_word' id='word_1_220' title='bbox 1083 1374 1133 1412; x_wconf 89' lang='lat' dir='ltr'><strong>ad</strong></span> <span class='ocrx_word' id='word_1_221' title='bbox 1171 1373 1484 1414; x_wconf 81' lang='lat' dir='ltr'><strong>admonitionem</strong></span> 
     </span>
     <span class='ocr_line' id='line_1_47' title="bbox 824 1429 1130 1480; baseline 0.01 -12"><span class='ocrx_word' id='word_1_222' title='bbox 824 1429 963 1469; x_wconf 84' lang='lat' dir='ltr'><strong>transit.</strong></span> <span class='ocrx_word' id='word_1_223' title='bbox 1024 1431 1070 1471; x_wconf 90' lang='lat' dir='ltr'><strong>C.</strong></span> <span class='ocrx_word' id='word_1_224' title='bbox 1127 1478 1130 1480; x_wconf 14' lang='grc' dir='ltr'><strong>Α</strong></span> 
     </span>
    </p>

    <p class='ocr_par' dir='ltr' id='par_1_15' title="bbox 827 1484 1495 1985">
     <span class='ocr_line' id='line_1_48' title="bbox 883 1484 1488 1539; baseline 0 -15"><span class='ocrx_word' id='word_1_225' title='bbox 883 1499 906 1539; x_wconf 85' lang='lat'>5</span> <span class='ocrx_word' id='word_1_226' title='bbox 949 1484 1040 1537; x_wconf 81' lang='lat' dir='ltr'><strong>Istae</strong></span> <span class='ocrx_word' id='word_1_227' title='bbox 1071 1484 1215 1538; x_wconf 79' lang='lat' dir='ltr'><strong>quidem</strong></span> <span class='ocrx_word' id='word_1_228' title='bbox 1250 1486 1488 1525; x_wconf 77' lang='lat' dir='ltr'><strong>contumeliae</strong></span> 
     </span>
     <span class='ocr_line' id='line_1_49' title="bbox 827 1539 1488 1593; baseline -0.005 -12"><span class='ocrx_word' id='word_1_229' title='bbox 827 1541 950 1593; x_wconf 82' lang='lat' dir='ltr'><strong>Supra</strong></span> <span class='ocrx_word' id='word_1_230' title='bbox 978 1539 1136 1592; x_wconf 86' lang='lat' dir='ltr'><strong>quidem</strong></span> <span class='ocrx_word' id='word_1_231' title='bbox 1156 1543 1294 1580; x_wconf 81' lang='lat' dir='ltr'><strong>iniuria</strong></span> <span class='ocrx_word' id='word_1_232' title='bbox 1322 1541 1488 1590; x_wconf 75' lang='lat' dir='ltr'><strong>dixerat,</strong></span> 
     </span>
     <span class='ocr_line' id='line_1_50' title="bbox 827 1596 1488 1648; baseline 0.002 -13"><span class='ocrx_word' id='word_1_233' title='bbox 827 1609 966 1635; x_wconf 87' lang='lat' dir='ltr'><strong>verum</strong></span> <span class='ocrx_word' id='word_1_234' title='bbox 982 1597 1123 1636; x_wconf 86' lang='lat' dir='ltr'><strong>adiecit</strong></span> <span class='ocrx_word' id='word_1_235' title='bbox 1134 1596 1374 1636; x_wconf 69' lang='lat' dir='ltr'><strong>contumeliae</strong></span> <span class='ocrx_word' id='word_1_236' title='bbox 1379 1596 1488 1648; x_wconf 72' lang='lat' dir='ltr'><strong>fient.</strong></span> 
     </span>
     <span class='ocr_line' id='line_1_51' title="bbox 828 1652 1491 1706; baseline -0.006 -12"><span class='ocrx_word' id='word_1_237' title='bbox 828 1652 893 1694; x_wconf 85' lang='lat' dir='ltr'><strong>Est</strong></span> <span class='ocrx_word' id='word_1_238' title='bbox 917 1654 1024 1706; x_wconf 82' lang='lat' dir='ltr'><strong>enim</strong></span> <span class='ocrx_word' id='word_1_239' title='bbox 1046 1655 1193 1700; x_wconf 71' lang='lat' dir='ltr'><strong>iniuria,</strong></span> <span class='ocrx_word' id='word_1_240' title='bbox 1217 1652 1318 1704; x_wconf 83' lang='lat' dir='ltr'><strong>quafi</strong></span> <span class='ocrx_word' id='word_1_241' title='bbox 1337 1666 1423 1691; x_wconf 81' lang='lat' dir='ltr'><strong>cum</strong></span> <span class='ocrx_word' id='word_1_242' title='bbox 1436 1653 1491 1691; x_wconf 57' lang='lat' dir='ltr'><strong>vi-</strong></span> 
     </span>
     <span class='ocr_line' id='line_1_52' title="bbox 830 1707 1492 1759; baseline 0 -12"><span class='ocrx_word' id='word_1_243' title='bbox 830 1709 977 1747; x_wconf 85' lang='lat' dir='ltr'><strong>olentia</strong></span> <span class='ocrx_word' id='word_1_244' title='bbox 1008 1708 1153 1759; x_wconf 79' lang='lat' dir='ltr'><strong>aliquid</strong></span> <span class='ocrx_word' id='word_1_245' title='bbox 1180 1709 1223 1747; x_wconf 88' lang='lat' dir='ltr'><strong>in</strong></span> <span class='ocrx_word' id='word_1_246' title='bbox 1242 1721 1379 1759; x_wconf 78' lang='lat' dir='ltr'><strong>corpus</strong></span> <span class='ocrx_word' id='word_1_247' title='bbox 1408 1707 1492 1747; x_wconf 80' lang='lat' dir='ltr'><strong>effi-</strong></span> 
     </span>
     <span class='ocr_line' id='line_1_53' title="bbox 830 1763 1493 1808; baseline -0.002 -4"><span class='ocrx_word' id='word_1_248' title='bbox 830 1767 948 1808; x_wconf 78' lang='lat' dir='ltr'><strong>citur:</strong></span> <span class='ocrx_word' id='word_1_249' title='bbox 990 1763 1221 1804; x_wconf 79' lang='lat' dir='ltr'><strong>Contumelia</strong></span> <span class='ocrx_word' id='word_1_250' title='bbox 1249 1766 1360 1808; x_wconf 69' lang='lat' dir='ltr'><strong>Vero,</strong></span> <span class='ocrx_word' id='word_1_251' title='bbox 1399 1777 1493 1803; x_wconf 84' lang='lat' dir='ltr'><strong>cum</strong></span> 
     </span>
     <span class='ocr_line' id='line_1_54' title="bbox 830 1820 1492 1872; baseline 0 -14"><span class='ocrx_word' id='word_1_252' title='bbox 830 1831 985 1872; x_wconf 86' lang='lat' dir='ltr'><strong>praeter</strong></span> <span class='ocrx_word' id='word_1_253' title='bbox 1023 1821 1273 1858; x_wconf 84' lang='lat' dir='ltr'><strong>violationem</strong></span> <span class='ocrx_word' id='word_1_254' title='bbox 1319 1820 1492 1870; x_wconf 78' lang='lat' dir='ltr'><strong>corporis</strong></span> 
     </span>
     <span class='ocr_line' id='line_1_55' title="bbox 832 1875 1495 1926; baseline 0.002 -12"><span class='ocrx_word' id='word_1_255' title='bbox 832 1876 897 1914; x_wconf 90' lang='lat' dir='ltr'><strong>est.</strong></span> <span class='ocrx_word' id='word_1_256' title='bbox 952 1878 1003 1916; x_wconf 92' lang='lat' dir='ltr'><strong>Et</strong></span> <span class='ocrx_word' id='word_1_257' title='bbox 1023 1875 1180 1914; x_wconf 89' lang='lat' dir='ltr'><strong>violatio</strong></span> <span class='ocrx_word' id='word_1_258' title='bbox 1210 1876 1430 1926; x_wconf 84' lang='lat' dir='ltr'><strong>opinionis,</strong></span> <span class='ocrx_word' id='word_1_259' title='bbox 1461 1889 1495 1914; x_wconf 79' lang='lat' dir='ltr'><strong>e·</strong></span> 
     </span>
     <span class='ocr_line' id='line_1_56' title="bbox 832 1929 1493 1985; baseline -0.003 -14"><span class='ocrx_word' id='word_1_260' title='bbox 832 1934 892 1971; x_wconf 85' lang='lat' dir='ltr'><strong>ius</strong></span> <span class='ocrx_word' id='word_1_261' title='bbox 923 1934 1080 1980; x_wconf 80' lang='lat' dir='ltr'><strong>amicam</strong></span> <span class='ocrx_word' id='word_1_262' title='bbox 1100 1929 1336 1985; x_wconf 74' lang='lat' dir='ltr'><strong>fitbagitare.</strong></span> <span class='ocrx_word' id='word_1_263' title='bbox 1404 1934 1493 1972; x_wconf 77' lang='lat' dir='ltr'><strong>Hoc</strong></span> 
     </span>
    </p>
   </div>
   <div class='ocr_carea' id='block_1_13' title="bbox 823 1984 1492 2039">
    <p class='ocr_par' dir='ltr' id='par_1_16' title="bbox 823 1984 1492 2039">
     <span class='ocr_line' id='line_1_57' title="bbox 823 1984 1492 2039; baseline -0.001 -12"><span class='ocrx_word' id='word_1_264' title='bbox 823 1986 891 2027; x_wconf 67' lang='lat' dir='ltr'><strong>&#39;est</strong></span> <span class='ocrx_word' id='word_1_265' title='bbox 914 1987 1062 2026; x_wconf 87' lang='lat' dir='ltr'><strong>crimen</strong></span> <span class='ocrx_word' id='word_1_266' title='bbox 1090 1984 1330 2039; x_wconf 74' lang='lat' dir='ltr'><strong>quod—supra</strong></span> <span class='ocrx_word' id='word_1_267' title='bbox 1355 1985 1492 2038; x_wconf 79' lang='lat' dir='ltr'><strong>posuit.</strong></span> 
     </span>
    </p>
   </div>
   <div class='ocr_carea' id='block_1_14' title="bbox 834 2040 1503 2486">
    <p class='ocr_par' dir='ltr' id='par_1_17' title="bbox 834 2040 1499 2196">
     <span class='ocr_line' id='line_1_58' title="bbox 834 2040 1497 2099; baseline 0 -19"><span class='ocrx_word' id='word_1_268' title='bbox 834 2040 1058 2099; x_wconf 80' lang='lat' dir='ltr'><strong>Subagitare</strong></span> <span class='ocrx_word' id='word_1_269' title='bbox 1094 2054 1246 2091; x_wconf 84' lang='lat' dir='ltr'><strong>autern,</strong></span> <span class='ocrx_word' id='word_1_270' title='bbox 1289 2040 1497 2094; x_wconf 60' lang='lat' dir='ltr'><strong>perfectio-</strong></span> 
     </span>
     <span class='ocr_line' id='line_1_59' title="bbox 837 2094 1499 2151; baseline -0.002 -13"><span class='ocrx_word' id='word_1_271' title='bbox 837 2111 930 2138; x_wconf 88' lang='lat' dir='ltr'><strong>nem</strong></span> <span class='ocrx_word' id='word_1_272' title='bbox 960 2094 1082 2151; x_wconf 79' lang='lat' dir='ltr'><strong>ipsam</strong></span> <span class='ocrx_word' id='word_1_273' title='bbox 1105 2098 1280 2138; x_wconf 72' lang='lat' dir='ltr'><strong>libidinis</strong></span> <span class='ocrx_word' id='word_1_274' title='bbox 1311 2098 1499 2151; x_wconf 80' lang='lat' dir='ltr'><strong>intelligi-</strong></span> 
     </span>
     <span class='ocr_line' id='line_1_60' title="bbox 836 2157 1030 2196; baseline -0.01 -1"><span class='ocrx_word' id='word_1_275' title='bbox 836 2167 934 2196; x_wconf 84' lang='lat' dir='ltr'><strong>mus.</strong></span> <span class='ocrx_word' id='word_1_276' title='bbox 989 2157 1030 2195; x_wconf 92' lang='lat' dir='ltr'><strong>E.</strong></span> 
     </span>
    </p>

    <p class='ocr_par' dir='ltr' id='par_1_18' title="bbox 839 2208 1497 2364">
     <span class='ocr_line' id='line_1_61' title="bbox 892 2208 1497 2265; baseline 0 -16"><span class='ocrx_word' id='word_1_277' title='bbox 892 2213 919 2252; x_wconf 90' lang='lat'><strong>6</strong></span> <span class='ocrx_word' id='word_1_278' title='bbox 947 2208 1360 2265; x_wconf 72' lang='lat' dir='ltr'><strong>Amicamfizbagitare]</strong></span> <span class='ocrx_word' id='word_1_279' title='bbox 1392 2213 1438 2252; x_wconf 92' lang='lat' dir='ltr'><strong>V.</strong></span> <span class='ocrx_word' id='word_1_280' title='bbox 1452 2212 1497 2252; x_wconf 78' lang='lat' dir='ltr'><strong>C.</strong></span> 
     </span>
     <span class='ocr_line' id='line_1_62' title="bbox 839 2265 1497 2320; baseline 0.003 -15"><span class='ocrx_word' id='word_1_281' title='bbox 839 2265 1068 2320; x_wconf 80' lang='lat' dir='ltr'><strong>Subigitare.</strong></span> <span class='ocrx_word' id='word_1_282' title='bbox 1140 2269 1243 2307; x_wconf 88' lang='lat' dir='ltr'><strong>Acro</strong></span> <span class='ocrx_word' id='word_1_283' title='bbox 1281 2266 1324 2306; x_wconf 87' lang='lat' dir='ltr'><strong>in</strong></span> <span class='ocrx_word' id='word_1_284' title='bbox 1362 2269 1497 2307; x_wconf 83' lang='lat' dir='ltr'><strong>Horat.</strong></span> 
     </span>
     <span class='ocr_line' id='line_1_63' title="bbox 839 2322 1210 2364; baseline -0.005 -2"><span class='ocrx_word' id='word_1_285' title='bbox 839 2322 904 2362; x_wconf 91' lang='lat' dir='ltr'><strong>lib.</strong></span> <span class='ocrx_word' id='word_1_286' title='bbox 928 2335 959 2361; x_wconf 91' lang='lat'><strong>1.</strong></span> <span class='ocrx_word' id='word_1_287' title='bbox 976 2323 1051 2361; x_wconf 88' lang='lat' dir='ltr'><strong>Sat.</strong></span> <span class='ocrx_word' id='word_1_288' title='bbox 1069 2334 1108 2364; x_wconf 91' lang='lat'><strong>2.</strong></span> <span class='ocrx_word' id='word_1_289' title='bbox 1169 2324 1210 2362; x_wconf 92' lang='lat' dir='ltr'><strong>L.</strong></span> 
     </span>
    </p>

    <p class='ocr_par' dir='ltr' id='par_1_19' title="bbox 841 2375 1503 2486">
     <span class='ocr_line' id='line_1_64' title="bbox 897 2375 1503 2429; baseline 0 -13"><span class='ocrx_word' id='word_1_290' title='bbox 897 2377 1107 2417; x_wconf 83' lang='lat' dir='ltr'><strong>Veterrimi</strong></span> <span class='ocrx_word' id='word_1_291' title='bbox 1128 2378 1277 2429; x_wconf 89' lang='lat' dir='ltr'><strong>quique</strong></span> <span class='ocrx_word' id='word_1_292' title='bbox 1289 2377 1407 2416; x_wconf 85' lang='lat' dir='ltr'><strong>nostri</strong></span> <span class='ocrx_word' id='word_1_293' title='bbox 1419 2375 1503 2417; x_wconf 86' lang='lat' dir='ltr'><strong>scri-</strong></span> 
     </span>
     <span class='ocr_line' id='line_1_65' title="bbox 841 2431 1502 2486; baseline 0.002 -13"><span class='ocrx_word' id='word_1_294' title='bbox 841 2433 953 2479; x_wconf 85' lang='lat' dir='ltr'><strong>bunt,</strong></span> <span class='ocrx_word' id='word_1_295' title='bbox 972 2431 1190 2486; x_wconf 72' lang='lat' dir='ltr'><strong>Subigitare‚</strong></span> <span class='ocrx_word' id='word_1_296' title='bbox 1212 2432 1253 2471; x_wconf 89' lang='lat' dir='ltr'><strong>h.</strong></span> <span class='ocrx_word' id='word_1_297' title='bbox 1270 2445 1306 2472; x_wconf 90' lang='lat' dir='ltr'><strong>e.</strong></span> <span class='ocrx_word' id='word_1_298' title='bbox 1324 2432 1502 2474; x_wconf 75' lang='lat' dir='ltr'><strong>lasciuius</strong></span> 
     </span>
    </p>
   </div>
   <div class='ocr_carea' id='block_1_15' title="bbox 832 2489 1191 2530">
    <p class='ocr_par' dir='ltr' id='par_1_20' title="bbox 832 2489 1191 2530">
     <span class='ocr_line' id='line_1_66' title="bbox 832 2489 1191 2530; baseline -0.003 0"><span class='ocrx_word' id='word_1_299' title='bbox 832 2489 1097 2530; x_wconf 66' lang='lat' dir='ltr'><strong>contrectare.</strong></span> <span class='ocrx_word' id='word_1_300' title='bbox 1152 2492 1191 2529; x_wconf 87' lang='grc' dir='ltr'><strong>Β.</strong></span> 
     </span>
    </p>
   </div>
   <div class='ocr_carea' id='block_1_16' title="bbox 846 2542 1508 2765">
    <p class='ocr_par' dir='ltr' id='par_1_21' title="bbox 846 2542 1508 2710">
     <span class='ocr_line' id='line_1_67' title="bbox 900 2542 1505 2599; baseline -0.002 -14"><span class='ocrx_word' id='word_1_301' title='bbox 900 2558 928 2599; x_wconf 90' lang='lat'>7</span> <span class='ocrx_word' id='word_1_302' title='bbox 973 2545 1040 2585; x_wconf 78' lang='lat' dir='ltr'><strong>Vel</strong></span> <span class='ocrx_word' id='word_1_303' title='bbox 1074 2545 1171 2591; x_wconf 83' lang='lat' dir='ltr'><strong>heri]</strong></span> <span class='ocrx_word' id='word_1_304' title='bbox 1213 2545 1362 2599; x_wconf 82' lang='lat' dir='ltr'><strong>Ingerit</strong></span> <span class='ocrx_word' id='word_1_305' title='bbox 1399 2542 1505 2584; x_wconf 85' lang='lat' dir='ltr'><strong>aliud</strong></span> 
     </span>
     <span class='ocr_line' id='line_1_68' title="bbox 846 2599 1508 2642; baseline -0.005 0"><span class='ocrx_word' id='word_1_306' title='bbox 846 2599 1089 2642; x_wconf 66' lang='lat' dir='ltr'><strong>malesanum</strong></span> <span class='ocrx_word' id='word_1_307' title='bbox 1130 2602 1232 2641; x_wconf 87' lang='lat' dir='ltr'><strong>inter</strong></span> <span class='ocrx_word' id='word_1_308' title='bbox 1277 2600 1508 2640; x_wconf 84' lang='lat' dir='ltr'><strong>admonitio·</strong></span> 
     </span>
     <span class='ocr_line' id='line_1_69' title="bbox 847 2654 1508 2710; baseline -0.009 -10"><span class='ocrx_word' id='word_1_309' title='bbox 847 2671 963 2706; x_wconf 83' lang='lat' dir='ltr'><strong>nem,</strong></span> <span class='ocrx_word' id='word_1_310' title='bbox 1006 2668 1046 2696; x_wconf 78' lang='lat' dir='ltr'><strong>vt</strong></span> <span class='ocrx_word' id='word_1_311' title='bbox 1084 2654 1208 2699; x_wconf 84' lang='lat' dir='ltr'><strong>solent</strong></span> <span class='ocrx_word' id='word_1_312' title='bbox 1239 2669 1380 2710; x_wconf 84' lang='lat' dir='ltr'><strong>patres.</strong></span> <span class='ocrx_word' id='word_1_313' title='bbox 1437 2656 1508 2695; x_wconf 75' lang='lat' dir='ltr'><strong>Fa-</strong></span> 
     </span>
    </p>

    <p class='ocr_par' dir='ltr' id='par_1_22' title="bbox 958 2711 1506 2765">
     <span class='ocr_line' id='line_1_70' title="bbox 958 2711 1506 2765; baseline -0.002 -14"><span class='ocrx_word' id='word_1_314' title='bbox 958 2715 1016 2754; x_wconf 81' lang='lat' dir='ltr'><strong>Rr</strong></span> <span class='ocrx_word' id='word_1_315' title='bbox 1044 2725 1071 2756; x_wconf 76' lang='lat'>2</span> <span class='ocrx_word' id='word_1_316' title='bbox 1390 2711 1506 2765; x_wconf 67' lang='grc' dir='ltr'><strong>ξὲκιη]</strong></span> 
     </span>
    </p>
   </div>
  </div>
 </body>
</html>
