1815 3168
599 108 1015 161 EVNVCHVS.

1392 121 1486 169 347

259 240 344 290 PA
362 255 411 287 R.
454 237 598 286 Istunc
618 237 775 302 ipsum.
810 232 919 285 CH.
958 234 1097 280 homo
1139 234 1356 297 quatietur
1398 251 1490 283 cer.

356 327 401 362 te
424 331 525 360 cum
547 314 664 360 dono
685 314 815 359 foras.
881 340 883 346 ι

257 391 343 440 Sed
365 389 486 436 istam
496 388 717 436 Thaidem
737 403 829 434 non
851 385 952 433 sciui
974 382 1102 432 nobis
1124 385 1327 432 vicinam.
1365 380 1487 434 PAR.

356 458 620 512 haut—diu'st·

258 538 367 589 CH.
405 542 542 593 Perii,
589 554 875 602 nunquamne
907 538 1036 584 etiam
1064 551 1136 583 me
1163 534 1281 582 iliam
1313 530 1493 585 vidisse?

358 616 555 662 ehodum
580 614 646 661 dic
668 615 790 667 mihi,

256 690 403 744 Estne,
428 702 475 740 vt
500 692 651 743 fertur,
673 690 844 736 forma?
872 685 907 734 P
924 700 954 732 A
972 701 1018 733 R.
1056 685 1168 733 sane.
1198 682 1250 734 'C
1263 699 1315 741 Η,
1347 695 1397 734 -at
1424 687 1490 733 ni-

355 766 419 813 hil
440 766 493 814 ad
514 764 703 814 nostram
726 764 852 812 hanc.
888 760 970 810 PA
985 776 1041 809 R.-
1068 763 1148 809 alia
1168 778 1257 810 res·

121 1000 211 1028 cum
234 990 392 1028 Donato
426 1000 509 1028 non
543 986 781 1041 distinguen-

123 1044 214 1082 dum
233 1043 389 1092 censeo,
423 1046 512 1095 quia
535 1044 654 1095 finex
676 1042 780 1095 apud

121 1101 316 1141 Catullum
337 1111 378 1139 et
396 1100 600 1139 Tibullum
622 1111 781 1151 quoque

123 1155 174 1194 de
190 1157 354 1195 muliere
374 1155 524 1194 dicitur.
581 1157 645 1196 Sic
663 1156 781 1194 etiam

123 1213 286 1251 occurrit
301 1211 431 1250 mulier
448 1214 640 1251 meretrix.
684 1215 725 1251 B.

177 1269 230 1309 66
262 1268 466 1321 Qntietur
492 1280 590 1306 certe
619 1279 698 1305 cum
717 1265 783 1304 do-

124 1335 172 1361 no
179 1323 316 1377 foras]
348 1324 452 1363 Mire
464 1336 541 1360 cum
552 1323 675 1360 dono.-
703 1331 785 1358 tan-

123 1392 241 1429 quam
260 1379 319 1416 illi
336 1376 511 1429 repulsae
522 1375 628 1416 causa
637 1375 785 1414 donum

122 1434 293 1473 futurum
314 1433 365 1473 fit.
424 1437 529 1474 Tum
547 1431 783 1472 deindenon

122 1491 337 1539 reficietur,
373 1487 439 1528 sed
460 1491 658 1541 quatietur.
717 1486 783 1527 Vi-

123 1545 175 1584 de
188 1559 301 1597 quam
313 1544 626 1584 contumeliosius
638 1542 781 1581 dietum

121 1601 176 1650 fit,
193 1605 386 1654 quatietur
384 1602 499 1653 fbras
507 1616 522 1638 :
542 1599 607 1639 vel
618 1597 708 1637 verb
714 1597 785 1635 eri-

124 1657 193 1695 bus
214 1657 424 1707 impellitur
432 1655 545 1704 foras,
559 1667 641 1693 non
654 1652 786 1704 expul-

121 1713 248 1760 sione,
281 1710 346 1751 sed
379 1711 616 1751 detrusione:
646 1710 708 1749 vel
735 1707 786 1746 fic

124 1768 238 1817 dixit,
255 1768 371 1819 jbras
398 1769 597 1821 quatietur,
620 1775 661 1804 vt
687 1762 785 1802 defit

121 1823 270 1875 versum
280 1840 294 1862 .·
320 1835 358 1864 vt
367 1823 420 1870 fit,
432 1823 532 1862 foras
544 1819 690 1862 versum
702 1833 784 1859 ver-

120 1879 341 1919 berabitur:
372 1891 413 1922 yt
430 1879 654 1919 verberetur
671 1886 710 1915 et
725 1873 786 1914 fu·-

61 1947 64 1949 ·
123 1948 236 1989 getur
264 1935 375 1975 foras.
432 1939 531 1976 Nam
560 1944 599 1973 et
627 1932 784 1985 peruul-

124 2004 238 2045 gatae
261 1990 548 2031 consuetudinis
561 1986 783 2036 dictumest,

123 2049 210 2089 Feri
237 2062 358 2087 canem
374 2047 506 2099 firas:
540 2046 614 2085 hoc
633 2043 698 2094 est,
724 2042 783 2083 fe-

123 2103 262 2143 riendo
290 2117 429 2144 canem
449 2103 551 2143 foras
572 2102 672 2141 eiice
697 2100 784 2150 (Sic

125 2159 227 2211 apud
249 2162 387 2200 Anacr.
406 2172 555 2207 xxxnl,
591 2170 651 2210 19.
693 2153 784 2202 ἔξω·

124 2232 186 2258 τκς
205 2219 356 2263 ἐκβοῆσαι
384 2216 456 2265 est,
488 2212 690 2254 clamando
718 2211 784 2251 eii-

126 2283 218 2309 cere
234 2270 345 2312 foras.
372 2274 448 2324 Z).
504 2273 555 2311 D.

181 2329 234 2375 67
267 2327 338 2367 Sed
364 2328 465 2379 istam
502 2326 680 2367 Thaidem
706 2336 784 2364 non

115 2383 218 2433 seim*
245 2382 346 2422 nobis
374 2383 552 2436 vicinam]
603 2384 782 2433 Quomo-

128 2438 180 2476 do
206 2451 243 2476 n.
277 2453 344 2490 pro
359 2439 550 2480 Eunucho
572 2438 725 2485 veniet,
754 2434 782 2475 fi

125 2505 194 2533 aut
211 2495 332 2543 nouit,
356 2505 420 2534 aut
445 2506 558 2534 notus
577 2494 660 2533 est?
690 2496 738 2534 Et
755 2491 782 2531 fi

127 2550 335 2590 mulierem
361 2549 580 2590 adolescens
599 2563 651 2589 ne
673 2548 784 2587 nouit

126 2605 309 2658 quidem,
343 2604 424 2659 ipse
462 2607 583 2646 multo
612 2605 783 2645 maxime

123 2659 331 2703 nescietur.
385 2663 459 2701 Sed
481 2661 582 2714 zstam
604 2661 782 2703 Thaidem

1421 854 1488 902 70

830 982 909 1025 min
928 984 1028 1035 fiiui
1058 981 1165 1022 nobis
1199 982 1376 1037 vicinam]
1407 987 1493 1024 ιιῖιιορ

830 1047 923 1086 νομίοι
950 1049 1083 1079 contra
1109 1039 1220 1086 illud,
1242 1040 1345 1090 quod
1367 1049 1493 1078 mere·

831 1099 905 1136 trix
917 1097 1044 1135 vicina
1063 1106 1156 1134 erat.
1211 1095 1319 1134 Haut
1340 1094 1405 1133 diu
1423 1093 1491 1147 est]

831 1153 969 1193 Vicina
1004 1150 1153 1191 scilicet.
1209 1155 1258 1192 Et
1285 1150 1339 1191 est
1370 1146 1495 1200 causa,

831 1223 881 1248 an
903 1207 1043 1258 (forte,
1073 1220 1117 1246 vt
1138 1209 1201 1245 W.
1248 1220 1312 1246 cur
1339 1208 1397 1256 Z.)
1426 1218 1496 1244 ve·

832 1264 989 1303 risimile
1012 1263 1056 1302 fit
1085 1259 1233 1301 nescire
1257 1259 1421 1314 potuifi'e
1440 1263 1495 1301 vi-

835 1321 973 1357 cinam.
1029 1321 1078 1357 Et
1107 1328 1199 1356 nota
1219 1317 1322 1369 apud
1342 1320 1495 1357 Teren-

835 1375 933 1412 tium
950 1373 1092 1411 vicinas
1113 1374 1206 1423 poni
1236 1372 1386 1424 saepius
1403 1372 1496 1412 ado-

834 1427 1064 1469 lescentibus
1081 1429 1313 1475 meretrices,
1339 1440 1378 1468 vt
1395 1427 1495 1468 haec

833 1484 878 1525 fit
894 1485 1017 1536 prima
1035 1484 1172 1522 amoris
1191 1484 1382 1523 illecebra.
1414 1487 1464 1526 D.

887 1543 940 1589 68
975 1540 1235 1591 Nunquamne
1255 1542 1366 1579 etiam
1383 1539 1496 1580 meil-

831 1594 906 1634 Iam
927 1594 1052 1646 vidisse
1063 1595 1108 1649 1³]
1138 1593 1356 1636 Artificiose
1371 1596 1493 1636 incul-

826 1656 890 1689 “cat
906 1653 1025 1690 Poeta
1046 1648 1088 1687 ‘rux
1109 1650 1254 1690 πιθανδν.
1309 1651 1362 1691 D.

886 1709 940 1758 69
969 1705 1094 1754 Estne,
1128 1719 1169 1745 vt
1199 1706 1383 1759 refertur,
1405 1706 1497 1759 for-

833 1762 946 1815 ma?]
980 1764 1065 1801 Hoc
1083 1773 1240 1813 propter
1259 1762 1412 1816 (probat
1435 1765 1496 1816 Z.)

834 1817 941 1864 illud,
964 1817 1067 1869 quod
1079 1815 1379 1869 supradiximus.
1416 1819 1495 1859 Sed

835 1874 958 1914 nimio
992 1874 1130 1925 lepore
1146 1876 1390 1915 Terentiano
1416 1876 1494 1915 iam

833 1929 931 1969 illud
963 1930 1100 1983 agitur.
1159 1931 1258 1970 Nam
1287 1930 1350 1970 hic
1370 1930 1496 1970 osten-

833 1985 946 2034 ditur,
966 1984 1168 2025 verifimile
1187 1985 1265 2025 esse
1285 2001 1354 2038 pro
1364 1991 1496 2027 Eunu·

833 2040 905 2081 cho
924 2042 1110 2080 creditum
1129 2042 1231 2093 apud
1242 2044 1409 2082 vicinam
1417 2055 1498 2081 me·

833 2098 1011 2137 retricem
1032 2096 1263 2148 Chaeream,
1298 2099 1365 2151 qui
1394 2098 1494 2137 adeo

832 2155 993 2207 ignotus
1015 2151 1059 2190 fit
1077 2153 1240 2203 mulieri,
1265 2165 1305 2193 vt
1322 2168 1399 2194 nec
1413 2152 1496 2206 ipse

833 2223 921 2250 eam
952 2209 1128 2247 nouerit:
1161 2210 1266 2261 quod
1299 2222 1381 2250 erat
1405 2210 1496 2250 faci-

831 2266 906 2305 lius
941 2274 982 2302 et
1007 2264 1205 2314 promtius.
1263 2269 1312 2306 Et
1339 2266 1495 2306 additur

834 2321 938 2361 color
957 2319 1035 2372 (Est
1045 2322 1164 2375 igitur
1174 2322 1280 2371 caustz
1297 2325 1369 2376 Z),
1389 2321 1496 2374 quod

831 2388 872 2417 et
888 2377 954 2416 illa
982 2390 1064 2414 non
1094 2376 1159 2415 diu
1186 2379 1309 2418 vicina
1337 2377 1414 2427 est,
1454 2388 1493 2418 et

833 2432 937 2485 quod
968 2430 1192 2473 adolescens
1214 2435 1421 2486 plurimum
1447 2435 1494 2473 in

832 2490 967 2530 Piraeo
989 2501 1241 2529 commoratus
1262 2490 1326 2530 est.
1380 2490 1497 2530 Nihil

834 2545 884 2586 ad
891 2543 1052 2596 nostram
1074 2545 1187 2601 hanc]
1221 2547 1495 2588 Moraliterno-

823 2601 944 2656 stram
975 2599 1090 2651 dixit,
1114 2616 1186 2656 pre
1202 2616 1344 2665 meam.
1401 2604 1492 2644 Alia

1432 2672 1492 2699 res
