1815 3168
726 177 1017 221 ANDRIA.

1455 188 1544 232 107

323 304 419 355 CH.
440 305 663 352 Liberatus
689 303 780 348 sum
803 302 949 354 hodie,
971 305 1109 352 Daue,
1132 308 1207 346 tua
1229 316 1374 363 opera.
1410 297 1490 345 DA
1500 312 1546 344 V.

422 398 468 427 ac
493 381 637 426 nullus
661 378 852 442 quidem.

185 599 401 655 pifiiculos]
441 597 560 649 Quod
586 595 696 650 supra
727 610 845 650 gene-

193 658 341 703 raliter,
376 654 565 708 paululum
600 653 744 704 obsoni,
781 653 844 692 hic

192 711 404 766 specialiter
423 711 527 750 dixit.
566 711 610 749 In
635 723 779 749 coenam
789 709 847 760 fi-

192 770 252 823 ni]
284 770 388 810 Mire
400 767 498 817 fini,
531 767 636 805 cuius
654 766 707 806 est
726 767 848 806 maior

195 838 284 864 cura
302 825 419 864 dorni.
471 826 520 864 D.

250 937 361 976 Ferre
388 934 492 974 obolo
522 935 562 974 in
587 932 760 988 coenam]
804 932 849 973 Id

196 991 276 1039 est,
307 992 451 1044 exiguo
478 992 624 1042 pretio:
652 990 772 1041 idque
799 988 848 1028 fic

197 1049 352 1096 dietum,
375 1060 412 1086 vt
431 1048 617 1087 aGraecis
639 1045 745 1093 ὅβὸλε
766 1051 847 1093 ἁγο-

196 1111 306 1151 ςοὶσαι.
338 1103 581 1155 Antiphanes
596 1102 695 1155 apud
706 1101 847 1143 Athen.

198 1158 346 1213 dipnos.
382 1159 446 1200 lib.
477 1170 514 1211 7.
544 1173 631 1213 pag.
660 1171 750 1212 309.
781 1157 848 1202 ἥκω

197 1217 389 1259 πολυτελῶς
417 1220 588 1262 ἀγοράσας
619 1222 662 1258 εἷς
696 1215 757 1257 ‘rr-i:
784 1219 849 1261 γά-

198 1290 260 1320 μὸς
297 1271 473 1318 memma-civ
509 1269 617 1316 ὅβόλε
654 1279 724 1313 τοῖς
750 1274 856 1313 θεοῖς.

199 1331 262 1369 Sic
282 1329 431 1368 Plautus
449 1328 490 1366 in
510 1327 668 1379 Epidico
702 1342 740 1378 p.
759 1327 854 1379 236.

200 1397 346 1423 nummo
361 1384 562 1421 conducere.
589 1385 716 1422 Horat.
732 1383 853 1420 Serm.

201 1451 239 1480 2
277 1441 379 1491 Saty.
410 1452 444 1491 5.
488 1452 633 1476 nummo
674 1438 856 1477 addicere.

201 1495 411 1539 Scaeuola,
460 1507 607 1533 nummo
644 1493 768 1544 trans
749 1506 857 1548 gere

202 1552 322 1591 Cuius
342 1552 468 1589 locum
487 1549 534 1588 fic
544 1548 696 1588 restituo
716 1562 766 1587 ex
777 1546 859 1587 scri-

172 1607 278 1660 ‘ptis
305 1605 538 1644 membranis
569 1604 592 1643 l.
623 1618 659 1657 3.
690 1607 719 1651 Q
758 1618 781 1644 2
817 1602 857 1643 ff.

203 1663 255 1703 de
295 1659 629 1700 transaffionibus:
681 1659 857 1705 Debitor,

203 1721 304 1757 cuius
328 1720 463 1771 pignus
484 1716 643 1754 creditor
666 1715 856 1766 distraxit,

204 1787 284 1813 cum
302 1774 468 1818 Maeuio,
493 1774 560 1824 qui
583 1771 626 1821 fi
652 1771 858 1825 legitimum

205 1830 398 1869 creditoris
417 1828 579 1868 heredem
597 1827 659 1878 effe
672 1825 851 1875 mdabat,

202 1899 348 1926 nummo
369 1884 562 1940 transegit
604 1886 716 1924 Hanc
727 1896 857 1922 emen

203 1942 400 1981 dationem
419 1939 616 1980 confirmat
633 1940 780 1992 Ecloga
790 1942 858 1979 Ba-

202 1998 336 2038 silicor.
369 1996 435 2036 lib.
465 2009 523 2036 11.
559 2010 595 2047 p.
626 2006 715 2049 134.
756 1994 809 2033 ἐὰν
840 1993 859 2032 ὅ

203 2061 307 2101 λέγων
336 2052 460 2091 ἑαυτον
494 2050 707 2121 κληςόνομον,
745 2055 858 2089 διαλυ-

204 2115 342 2156 σάμενος
368 2113 454 2157 λάβη
482 2106 660 2156 χρήματα.
714 2109 756 2147 L.

260 2223 334 2268 Ne,
357 2219 476 2270 obolo,
499 2207 602 2272 quod
621 2217 685 2257 hic
706 2216 861 2269 empha-

207 2277 263 2318 fin
297 2276 441 2317 habere
477 2276 621 2323 debet,
669 2285 791 2313 totum
817 2275 861 2312 in

209 2333 325 2375 Thesi
362 2333 495 2372 lateat:
542 2331 720 2371 ordinem
757 2339 863 2368 muta

211 2388 287 2428 fic:
331 2388 437 2441 ferre
483 2391 521 2427 in
569 2400 714 2427 coenam
754 2384 862 2425 obolo

205 2445 300 2497 fini.
355 2448 397 2485 B.

269 2553 491 2597 Athenaeus
539 2567 589 2594 ex
632 2550 864 2604 Trophonio

212 2610 425 2652 Menandri
443 2610 541 2651 haec
560 2608 700 2653 refert:
733 2613 780 2649 A.
811 2615 864 2649 Ξέ-

211 2682 250 2704 νκ
281 2665 323 2706 τδ
359 2666 486 2707 δεῖπνόν
518 2671 580 2711 {m
622 2666 791 2711 ὖποδοχῆς
816 2682 866 2703 τι·

1450 452 1548 494 Cn.

893 592 957 639 νός.
1013 596 1051 634 Β.
1108 597 1278 641 Dabam-§3
1323 595 1469 638 διαφέρει
1503 592 1553 636 τῷ

894 656 1042 698 μαγείρῳ
1074 653 1154 688 τὲτο
1190 655 1270 696 γάρ.

896 724 1033 746 σιωτικκ
1064 713 1162 744 ταυτὶ
1196 703 1349 753 ξενυδριοι
1383 703 1425 742 Ε’ν
1452 717 1551 749 vrgao-

897 769 1015 809 Φάτοις
1044 766 1203 808 ἰχθυδίοις
1223 764 1454 808 τεθραμμένα,
1490 766 1554 797 Καὶ

897 823 1131 866 παντοδαποῖς,
1168 824 1237 860 τοῖς
1277 817 1404 861 ἁλμίοις
1436 830 1496 859 μεν
1531 831 1552 852 κ

896 881 983 915 πάνυ
998 874 1159 939 ‘'fluctuem”
1171 904 1180 922 ,
1209 866 1407 915 aman-104
1434 876 1553 916 παρέρ-

896 948 963 979 γως
998 948 1140 970 mersa-occ
1207 932 1255 970 Et
1288 941 1380 967 mox
1413 926 1555 965 eodem

897 989 1005 1029 loco:
1029 1012 1041 1019 -
1054 1011 1064 1016 -
1089 1004 1115 1024 ει
1134 984 1173 1024 δε
1190 1002 1239 1028 τις
1255 986 1392 1024 τυ’νοιντ·
1387 990 1428 1021 ὀν
1447 985 1556 1032 Α’ςκοε-

898 1043 985 1088 δικδς
1014 1041 1146 1096 ἕρκεϊ,
1176 1038 1198 1083 2'1'
1222 1059 1272 1084 τις
1291 1043 1485 1080 ἀθάλασσος
1504 1044 1555 1085 ξέ-

898 1118 967 1148 νος,
1012 1107 1086 1143 τοῖς
1123 1103 1157 1135 ἐκ
1196 1101 1365 1139 θαλάσσης
1396 1099 1558 1136 λοπαδίοις

1141 1153 1248 1194 Idem
1275 1167 1323 1193 ex
1348 1149 1556 1193 Menandri

902 1211 1091 1264 Ephefio:
1121 1234 1176 1241 —-
1205 1211 1254 1246 ἐπ’
1280 1214 1377 1256 ἆςῖςῳ
1405 1207 1466 1255 μὲν
1499 1219 1559 1245 λα-

904 1272 969 1318 βών
992 1269 1143 1314 ὀψάριον.
1199 1268 1265 1306 W.

1325 647 1400 688 Οἷον
1425 646 1470 683 ταὶ
1505 664 1554 688 νη-

898 1157 1085 1196 ἁλίσκεται.

961 1392 1012 1433 33
1046 1377 1202 1431 Nullus]
1233 1380 1315 1425 Pro,
1336 1390 1432 1417 non:
1460 1385 1499 1415 vt
1523 1390 1560 1415 a-

906 1435 989 1483 libi,
1012 1434 1147 1473 Nullus
1167 1434 1317 1473 dixeris.
1373 1435 1420 1472 D.

963 1493 1018 1530 Ac
1045 1489 1162 1529 nullus
1189 1488 1360 1542 quidem]
1408 1486 1560 1536 Nullus,

908 1560 976 1599 pro
1004 1559 1108 1586 non:
1165 1555 1203 1584 vt
1231 1544 1272 1584 fit
1298 1541 1445 1591 sensim,
1477 1556 1560 1582 non

908 1601 1067 1653 quidem
1084 1600 1264 1639 liberatus
1282 1613 1333 1639 es.
1388 1599 1462 1638 Cui
1482 1598 1565 1637 sub-

906 1658 1101 1710 iungitur:
1126 1657 1321 1711 Qidita?
1352 1666 1471 1706 nempe
1481 1655 1563 1693 huic

907 1713 1006 1751 illam
1024 1713 1179 1764 proi-lits
1191 1725 1265 1750 non
1277 1712 1351 1750 dat.
1367 1712 1565 1750 ridiculum

907 1769 1031 1822 caput]
1061 1767 1261 1806 Intellexit
1288 1769 1419 1807 Dauus
1448 1766 1564 1805 flulti-

906 1825 997 1863 tiam
1016 1823 1189 1871 Charini,
1211 1823 1276 1874 qui
1295 1823 1409 1867 dixit;
1441 1835 1564 1874 nempe

909 1881 991 1919 huic
1009 1878 1108 1918 illam
1122 1879 1278 1930 prorfits-
1293 1879 1455 1917 nondat.
1501 1880 1567 1917 be-

910 1936 1081 1975 cundum
1112 1934 1217 1986 quod
1245 1932 1353 1986 supra
1388 1935 1565 1974 diximus,

909 1996 1001 2033 Non
1021 1992 1127 2032 enim
1150 1988 1305 2030 neceffe
1324 1991 1436 2029 illum
1459 1991 1566 2029 illam

911 2048 1097 2088 continuo
1125 2045 1283 2095 ducere,
1320 2046 1345 2086 fi
1364 2046 1463 2085 hanc
1485 2060 1567 2085 non

912 2105 1066 2144 duxerit
1084 2102 1321 2154 Pamphilus.
1379 2105 1427 2142 Et
1445 2116 1465 2140 a
1486 2098 1568 2153 pos—

909 2161 1006 2201 fibili
1036 2160 1166 2200 dicere
1193 2155 1364 2198 debuifl'e
1382 2158 1567 2198 innotuit.

910 2222 955 2259 E.

967 2274 1020 2312 Ac
1047 2269 1166 2310 nullus
1198 2269 1361 2324 quidem]
1389 2266 1569 2310 Priscian.

911 2328 976 2369 lib.
1004 2341 1042 2369 2.
1096 2331 1136 2367 L.

969 2386 1118 2424 Omnes
1137 2380 1246 2421 codd.
1271 2381 1407 2422 Faerni
1421 2380 1569 2420 habent

914 2441 1033 2489 fecie,
1071 2438 1178 2477 hodie
1197 2438 1325 2486 Daue,
1355 2451 1435 2476 non
1458 2438 1568 2476 Daue

913 2496 1028 2546 hodie,
1049 2496 1103 2534 vti
1123 2505 1199 2533 tres
1227 2507 1251 2532 e
1271 2493 1424 2532 nostris:
1455 2505 1571 2544 atque

913 2565 964 2601 ae,
983 2566 1063 2592 non
1088 2563 1143 2600 at,
1166 2547 1404 2590 vtPutschius
1425 2550 1570 2594 edidit;

914 2621 989 2647 nec
1015 2607 1082 2656 ah,
1114 2608 1164 2647 vti
1190 2605 1346 2661 quidam
1366 2618 1569 2658 perperam

915 2663 1010 2705 lufit.
1067 2667 1110 2704 B.
