1815 3168
652 168 947 237 ANVDRIA.

1387 190 1473 236 19¹

243 292 402 342 DAV.
439 295 578 339 Moue
603 296 722 341 ocius
745 305 907 365 tesvt,
944 296 1050 359 quid
1074 313 1222 358 agam,
1255 317 1392 365 porro
1412 307 1477 352 in-

344 368 527 430 telligas.

243 447 329 491 Pro
362 447 529 507 Iupiter
543 447 555 492 !.
588 441 693 490 MY.
734 446 840 510 quid
871 445 959 492 est'?
996 445 1090 494 DA
1107 460 1154 494 V.
1198 448 1371 514 sponsae
1403 471 1474 518 pa-

341 529 407 564 ter
429 521 679 566 interuenit.

241 593 445 658 Repudio
469 594 586 657 quod
611 594 834 641 confilium
854 600 1051 660 primum
1074 599 1360 647 intenderam.

241 666 352 716 MY.
396 670 555 716 Nescio
577 670 681 732 quid
703 688 868 720 narres,
903 670 996 718 DA
1010 685 1051 720 v.
1089 690 1172 734 ego
1184 677 1473 740 quoquchinc

340 744 392 792 ab
415 744 585 790 dextera

145 836 206 868 20
237 822 401 867 Venire
428 836 500 865 me
522 817 768 868 affimulabo

784 841 793 867 t
828 832 890 875 tu,
914 836 961 870 vt
981 823 1214 871 subseruias

243 897 459 947 Orationi,
482 905 702 958 Vtcumque
727 915 839 961 opus
864 896 925 950 fit,
950 899 1107 952 verbis,
1130 901 1243 947 vide.

238 968 344 1017 MY.
370 974 481 1030 Ego,
502 971 609 1032 quid
631 988 743 1032 agas,
766 974 875 1018 nihil
900 974 1111 1035 intelligo.
1136 976 1219 1028 sed,
1239 975 1270 1022 fi
1281 979 1470 1041 quidest,

240 1045 377 1100 Quod
401 1062 497 1091 mea
518 1062 651 1110 opera
675 1064 786 1113 opus
811 1047 861 1096 fit
880 1049 1018 1099 vobis,
1052 1062 1125 1097 aut
1145 1062 1193 1098 tu
1210 1053 1313 1117 plus
1334 1055 1469 1109 vides,

104 1262 249 1313 inquit,
297 1262 498 1316 religiosus
527 1262 684 1305 effeRus
714 1278 769 1305 es.

102 1329 142 1358 et
161 1317 215 1356 est
233 1318 432 1365 σαρκασμὸς.
488 1323 530 1359 Ε.

159 1374 273 1412 Noua
312 1387 404 1413 nunc
450 1374 595 1429 religio]
648 1374 764 1415 Gloff.

104 1432 183 1470 Lat.
220 1428 449 1483 Religiones,
476 1430 760 1483 superstitiones.

104 1487 144 1524 B.
173 1486 405 1537 Augustinus
439 1485 492 1524 lib
539 1500 571 1527 1.
610 1500 689 1538 cap.
720 1499 758 1538 3.

104 1541 156 1579 de
182 1541 331 1588 ordine,
387 1541 541 1581 Nihilne
567 1544 677 1590 mihi,
708 1546 762 1581 in-

104 1600 208 1649 quit,
236 1597 294 1635 vel
312 1610 353 1635 tu
375 1601 439 1649 qui
462 1597 678 1649 compulisti,
714 1600 764 1638 nd

103 1653 169 1705 tsta
192 1652 409 1703 reffpondes?
437 1654 505 1692 Cui
523 1667 588 1707 ego
607 1672 619 1690 .·
646 1655 759 1693 Noua

103 1722 198 1747 nunc
227 1709 356 1761 relegio
386 1708 516 1758 isthaec
543 1713 581 1747 in
600 1722 634 1748 te
650 1711 761 1761 incest

88 1763 156 1814 stt.
187 1765 303 1808 cedo?
323 1767 469 1817 inquam
489 1763 532 1805 δῖ’
535 1778 561 1803 c.
618 1767 658 1804 L.

156 1820 258 1858 Dele
277 1822 327 1868 in,
348 1820 450 1870 quod
470 1830 664 1873 repugnat
683 1818 759 1861 vsui

101 1873 299 1916 inceffere.
357 1880 398 1915 B.

161 1942 211 1983 17
241 1930 393 1982 Sponfize
410 1933 756 1987 pater‘interuenit]

99 1988 212 2034 Mire,
232 2000 310 2024 non
332 1987 438 2036 dixit,
469 1987 657 2028 Chremes:
692 2003 756 2035 ne,

100 2056 218 2095 quum
239 2041 400 2089 dixifl'et,
434 2045 517 2094 quis
536 2043 756 2085 Chremes?

101 2096 221 2138 rursus
250 2098 309 2137 hie
337 2096 606 2150 responderet,
647 2099 758 2152 spon-

100 2153 162 2193 sae
182 2164 301 2206 pater.
333 2158 381 2196 Et
410 2169 492 2194 non
514 2165 664 2196 temere
681 2156 755 2197 hoc

100 2210 189 2250 facit
210 2213 345 2262 Poeta:
374 2225 463 2250 nam
481 2211 702 2263 promiserat
717 2212 755 2252 se

102 2267 308 2305 rediturum
350 2267 507 2306 domum
549 2267 753 2316 Chremes,

102 2321 263 2360 Domum
281 2325 388 2361 modo'
404 2323 487 2361 ibo:
516 2334 560 2363 vt
577 2337 754 2377 apparen-

104 2390 186 2426 tur,
219 2379 356 2418 dicam:
389 2392 499 2433 atque
528 2380 597 2419 huc
623 2395 754 2420 renun-

103 2435 170 2472 cio.
227 2437 274 2473 D.

158 2487 266 2542 Qid
281 2489 326 2539 est
342 2490 444 2530 reste
455 2491 601 2533 habent
618 2506 754 2533 omnes

106 2544 216 2582 codd.
274 2547 313 2583 Β,

165 2606 209 2648 18
251 2598 363 2652 Qod
393 2605 554 2653 primum
593 2606 751 2644 intende-

102 2655 209 2709 ram]
259 2655 431 2697 Verbum
457 2674 478 2699 a
503 2662 749 2702 venatoribus

1403 1165 1470 1211 24

814 1268 1051 1316 translatum,
1073 1270 1138 1319 qui
1151 1270 1244 1308 retia
1256 1271 1472 1313 intendunt

815 1324 863 1362 ad
890 1323 990 1362 feras
1017 1326 1234 1376 captandas.
1290 1329 1392 1378 Quia
1414 1343 1471 1369 er-

815 1392 866 1431 go
899 1390 1004 1429 parat
1035 1381 1247 1421 Chremem
1284 1395 1322 1421 et
1350 1386 1471 1424 Simo—

815 1447 906 1472 nem
927 1433 1078 1483 fallere‚
1110 1438 1335 1478 intenderam
1353 1441 1465 1480 dixit.

815 1491 890 1531 Vel
911 1505 930 1529 a
950 1488 1093 1542 sagittis
1112 1502 1225 1543 atque
1246 1508 1346 1533 aren.
1378 1499 1427 1536 D.

871 1558 920 1598 19
954 1545 1088 1600 Nescio
1114 1550 1205 1600 quid
1226 1551 1370 1604 narres]
1402 1556 1468 1592 Be-

811 1613 863 1639 ne
882 1615 1018 1640 narres.
1065 1604 1242 1644 Narrare
1262 1607 1366 1645 enim
1380 1609 1469 1647 alie-

809 1671 869 1703 na,
891 1670 930 1695 et
951 1670 1050 1707 quae
1070 1659 1184 1698 nobis
1205 1674 1287 1700 non
1307 1660 1468 1702 suntne-

809 1710 970 1759 cefl'aria,
992 1713 1164 1757 dicimus.
1199 1715 1283 1770 Ego
1304 1720 1468 1774 quoque]

807 1769 915 1806 Bene
933 1770 987 1806 ait
1003 1782 1167 1822 quoque;
1197 1775 1282 1822 quia
1295 1784 1334 1811 et
1347 1774 1467 1814 Chre-

807 1837 888 1862 mes
912 1824 1104 1865 veniebat.
1160 1829 1208 1867 D.

861 1892 916 1920 20
941 1880 995 1918 Tu
1018 1895 1059 1920 vt
1072 1880 1308 1937 fiebfiruias]
1334 1885 1463 1933 Reece,

806 1948 848 1973 vt
858 1935 1091 1988 fizbseruias,
1119 1938 1225 1979 dixit.
1256 1954 1335 1978 non
1358 1942 1465 1980 enim

807 2001 955 2031 tantum
982 1993 1154 2044 loquitur
1171 1996 1288 2049 Myfis
1304 2027 1313 2044 ,
1346 2010 1465 2047 quan·

807 2058 886 2086 tum
907 2052 1047 2089 Dauus.
1110 2051 1161 2089 D.

862 2116 911 2145 21
948 2105 1136 2154 Orationi,
1167 2118 1356 2159 vtcumque
1375 2119 1463 2160 opus·

792 2156 849 2209 fi't
872 2160 1011 2214 verbis]
1039 2163 1135 2202 Tuis
1154 2161 1280 2201 verbis
1300 2166 1464 2203 orationi

804 2230 925 2256 meae.
950 2218 1059 2268 plura
1078 2218 1184 2255 enim
1205 2218 1464 2269 loqueturDa-

804 2285 893 2320 uus,
929 2274 1026 2311 inde
1059 2275 1226 2312 orationi
1253 2276 1359 2317 dixit.
1396 2277 1462 2316 illa

803 2325 1063 2379 subsequetur,
1093 2329 1183 2368 ideo
1211 2330 1342 2370 verbis.
1402 2334 1462 2371 Vi-

803 2383 864 2437 de]
903 2386 1024 2425 Cauta
1048 2383 1136 2434 esto,
1173 2386 1362 2440 intellige,
1382 2385 1461 2440 spe-

804 2442 871 2478 eta.
929 2443 978 2480 D.
1493 2486 1495 2488 .

857 2495 960 2546 Opus
987 2497 1027 2535 in
1046 2495 1161 2535 Thesi
1191 2507 1314 2538 totum
1336 2500 1460 2541 occul-

803 2560 908 2591 tatur.
939 2557 1059 2605 Lege,
1085 2552 1204 2605 opu'st.
1263 2557 1304 2593 Β.

855 2619 906 2659 23
938 2611 1019 2647 Aut
1036 2621 1077 2648 tu
1090 2609 1177 2662 plus
1193 2610 1314 2664 vides]
1348 2611 1388 2651 Si
1409 2608 1460 2651 sa·

800 2663 869 2713 pis,
889 2665 1087 2717 intelligis.
1143 2667 1195 2705 D.

1382 2725 1454 2762 Pro
