1815 3168
346 124 443 183 566

737 125 897 172 ACT.
932 126 987 173 11.
1025 125 1224 173 SCEN.
1254 126 1290 172 1.

485 252 577 306 Qui
610 260 796 316 aequom
830 251 911 300 effe
946 253 1140 305 censent,
1175 268 1258 299 nos
1277 252 1364 298 iam
1393 256 1416 299 a
1436 252 1585 318 pueris
1611 250 1712 300 ilico

582 328 691 375 nasci
721 329 862 375 senes:

482 407 647 467 Neque
678 405 851 451 illarum
883 400 1033 450 affines
1056 398 1139 450 effe
1160 418 1338 458 rerum,
1370 419 1476 467 quas
1509 403 1594 450 fert
1614 401 1714 450 ado-

583 479 796 526 lescentia‘.

482 557 549 601 Ex
580 555 649 601 sua
680 555 862 602 libidine
886 554 1195 608 moderantur,
1227 572 1348 602 nunc
1369 551 1584 619 quaeest,
1624 569 1719 600 non.

584 646 693 692 quae
719 631 825 676 olim
845 631 943 677 fuit.

414 700 452 767 ’ς
487 705 604 752 Mihi
633 704 663 751 fi
692 723 886 769 vnquarn
920 705 1034 753 filius
1069 707 1175 765 erit,
1209 721 1290 752 nae
1310 704 1382 752 ille.
1401 703 1514 752 facili
1534 720 1606 751 me
1625 711 1721 752 vte-

584 792 656 827 tur
695 792 841 845 patre:

485 860 607 903 Nam
645 867 688 902 et
717 858 1006 917 cognoscendi
1028 869 1071 908 et
1098 855 1350 921 ignoscendi
1380 855 1551 904 dabitur
1570 872 1722 922 pecca·

585 934 639 977 tis
674 931 796 978 locus
811 948 822 984 3

1589 999 1590 1002 ‘
1606 975 1720 1055 No'n

353 1107 404 1147 de
421 1116 532 1159 patre
558 1107 832 1158 conqueritur,
861 1119 901 1148 vt
924 1120 1011 1150 mos
1061 1107 1132 1151 Ms.
1176 1114 1219 1151 R
1268 1108 1375 1162 Qus
1408 1107 1650 1160 adolescentia
1671 1106 1724 1160 st-

348 1163 405 1203 est
421 1161 735 1212 adolescentium,
767 1165 833 1215 qui
852 1177 1016 1216 paterna
1061 1168 1130 1206 nit.
1189 1169 1230 1206 L.

348 1230 559 1273 praecepta
579 1220 741 1259 moleste
760 1218 900 1260 fei-qm
937 1224 984 1263 C.

408 1278 533 1331 Qmm
551 1278 686 1329 iniqui]
706 1277 898 1317 Remanfit
916 1276 1016 1317 solus

353 1334 540 1383 Clitipho,
561 1343 600 1371 et
619 1330 746 1371 secum
768 1335 1019 1384 conqueritur

353 1390 406 1428 de
449 1388 565 1440 patris
603 1387 836 1428 hortatione.
909 1389 1017 1430 Ordo

354 1445 432 1488 est:
475 1446 605 1494 Quam
643 1445 769 1495 iniqui
804 1442 891 1484 sunt
920 1445 1019 1484 iudi-

353 1515 417 1541 ces
440 1511 565 1552 patres
585 1501 626 1539 in
647 1513 783 1541 omnes
795 1499 1018 1542 adolescen-

352 1558 435 1606 tesb!
493 1561 538 1597 E.

406 1613 531 1666 Quam
543 1614 681 1665 iniqui]
712 1615 767 1652 Ita
780 1614 819 1651 in
834 1611 1019 1652 omnibus

353 1667 502 1721 sexiptis
529 1667 640 1708 codd.
671 1667 709 1706 hi
742 1669 859 1709 Aftus
890 1668 1019 1707 distin-

356 1737 553 1780 guuntur:
586 1724 689 1776 quod
712 1736 842 1764 tamen
856 1725 939 1764 aliis
953 1722 1020 1764 dis-

356 1760 534 1835 plicuisse
569 1781 696 1820 video.
764 1781 894 1833 Iniqui
922 1781 1022 1831 sunt

1121 1236 1150 1275 4
1168 1224 1228 1261 Ex
1236 1221 1310 1271 fita
1332 1218 1501 1272 libidine]
1526 1218 1659 1258 Libido
1671 1218 1726 1258 est

1068 1290 1248 1330 quaeque
1280 1278 1455 1315 voluntas
1486 1286 1636 1315 temeie
1658 1273 1727 1314 sus-

1069 1345 1191 1386 cepta.
1233 1333 1353 1385 Apud
1366 1330 1613 1372 Sallustium
1602 1344 1642 1369 m
1656 1333 1730 1372 Ca-

1069 1390 1126 1429 til.
1148 1392 1198 1441 (e.
1219 1392 1279 1442 7.)
1290 1400 1419 1428 tamen
1434 1388 1474 1425 in
1491 1387 1635 1426 bonam
1646 1400 1732 1438 para

1070 1456 1148 1485 tem
1170 1447 1328 1497 capitur,
1348 1442 1550 1497 Magisque
1571 1445 1609 1482 in
1629 1444 1731 1482 deco·

1070 1505 1121 1541 ris
1142 1503 1276 1549 armis,
1307 1513 1341 1538 et
1363 1499 1586 1539 mzlzzarillus
1610 1501 1727 1552 equis,

1069 1571 1179 1611 quam
1200 1560 1239 1596 in
1255 1556 1398 1609 fior-tis
1420 1568 1456 1594 et
1476 1557 1660 1595 conuiuiis
1687 1554 1732 1594 li-

1069 1613 1228 1653 bidinem
1247 1611 1439 1651 habebant.
1509 1612 1622 1651 Nunc
1640 1623 1733 1665 quae

1069 1669 1133 1724 est]
1165 1670 1268 1710 Huic
1287 1667 1384 1707 illud
1397 1669 1641 1715 contrarium,
1661 1666 1734 1721 Sed

1071 1738 1166 1766 nunc
1191 1739 1231 1764 ea
1257 1739 1311 1764 me
1344 1726 1562 1777 exquirere,
1607 1724 1733 1776 Iniqui

1067 1784 1193 1835 patris
1211 1781 1267 1833 est.
1327 1781 1443 1827 Nam,
1463 1782 1563 1833 quod
1574 1779 1730 1820 an'tehac

348 1843 497 1893 patresi
527 1835 713 1876 Plutarch
735 1837 779 1876 in
799 1841 911 1877 Puer
931 1838 1022 1877 edu·
1063 1839 1173 1891 ficit,
1194 1836 1291 1876 nihil
1306 1837 1356 1876 ad
1370 1850 1425 1876 me
1443 1840 1587 1875 attinet.
1626 1836 1731 1875 Dum

356 1896 527 1934 catione.
585 1895 625 1933 L.

410 1963 436 1991 2
465 1950 543 1989 Iam
569 1963 591 1987 a
611 1950 753 2001 pueris]
782 1951 855 1989 Pto
886 1948 1020 1988 aduer-

354 2007 424 2049 bio
456 2005 632 2068 ponitur,
669 2005 693 2044 i.
726 2018 760 2044 e.
788 2018 810 2043 a
837 2005 1017 2056 pueritia,

356 2063 421 2104 vel
441 2061 487 2101 ab
509 2062 673 2100 ineunte
691 2071 840 2109 aetate,
873 2061 934 2099 vel
953 2060 1017 2099 sta·

357 2123 428 2160 tim
461 2128 499 2156 vt
530 2118 643 2168 pueri
664 2113 812 2163 sumus,
850 2128 914 2155 aut
934 2129 1021 2155 cum

357 2177 528 2229 primum
549 2173 658 2224 pueri
688 2172 895 2212 euadimus.
928 2173 973 2214 C.

413 2233 495 2270 Nos
524 2243 545 2267 a
569 2231 695 2281 pueris
715 2229 820 2273 ilico]
850 2229 930 2278 Qui
960 2242 1018 2267 ar-

355 2289 549 2328 bitrantur
578 2284 715 2323 iustum
735 2282 812 2323 effe
830 2285 869 2323 in
891 2285 1019 2336 pueri-

358 2347 411 2385 tia
430 2341 603 2382 moribus
622 2338 757 2379 senum
778 2338 890 2379 nasci.
919 2344 962 2382 E.

412 2397 489 2441 Etfi
507 2400 579 2436 iam
590 2411 610 2434 a
623 2397 741 2435 Bemb
767 2407 806 2435 et
816 2397 898 2435 aliis
908 2399 934 2435 F
937 2409 1019 2435 aer-

358 2458 402 2498 ni
424 2454 529 2493 libris
551 2451 675 2496 abest:
706 2463 835 2492 tamen
855 2451 960 2491 idem
979 2463 1018 2491 et

360 2511 460 2552 codd
498 2508 713 2547 nostrorum
739 2505 950 2556 consensu,
980 2519 1018 2547 et

356 2568 426 2610 sen
432 2566 577 2605 tentiae
588 2565 738 2605 ratione
747 2561 832 2604 satis
843 2578 1019 2618 compro·

355 2625 481 2666 batur.
540 2624 579 2660 B.

413 2693 436 2735 3
489 2679 597 2737 Quas
623 2676 710 2732 ftrt
755 2676 1016 2734 adolfientia]

1073 1906 1215 1945 tempus
1244 1893 1294 1931 ad
1313 1906 1390 1930 eam
1409 1905 1485 1931 rem
1513 1893 1625 1941 tulit,
1650 1892 1730 1942 Jz'ui

1067 1953 1231 1989 animum
1251 1961 1293 1987 vt
1316 1947 1414 2000 exple
1418 1961 1475 1986 ret
1488 1948 1613 1999 fuum
1649 1949 1699 1989 C.

1124 2005 1186 2044 Ex
1200 2003 1280 2056 sua
1312 2003 1472 2050 libidine,
1516 2003 1608 2058 dfe]
1640 2004 1733 2044 Mo·

1071 2062 1164 2101 dum
1185 2062 1394 2112 imponunt
1423 2058 1732 2100 adolescentibus
1789 2063 1792 2067 ’

1071 2118 1122 2157 de
1143 2116 1315 2156 moribus
1335 2115 1418 2163 suis,
1438 2129 1535 2167 quos
1553 2115 1732 2156 nuncha-

1071 2174 1169 2213 bent
1188 2174 1226 2212 in
1249 2169 1457 2216 seneffiute,
1478 2185 1559 2210 non
1571 2185 1666 2224 quos
1683 2173 1729 2212 in
1785 2171 1786 2175 ’

1068 2227 1330 2271 adolescentia
1348 2226 1579 2267 habuerunt.
1627 2230 1672 2268 E.

1125 2297 1147 2337 5
1178 2284 1284 2325 Mihi
1304 2281 1340 2333 ῥ’
1361 2296 1521 2336 vnquczm
1537 2282 1656 2334 filius]
1685 2283 1729 2324 Si

1069 2340 1280 2393 aliquando
1298 2339 1393 2378 mihi
1406 2339 1500 2379 filius
1512 2341 1728 2393 contingat.

1069 2397 1186 2438 Facili
1213 2410 1267 2435 me
1287 2409 1414 2435 vtetur
1433 2396 1560 2448 patre]
1595 2396 1640 2435 Id
1660 2394 1726 2441 est,

1068 2454 1180 2494 valde
1199 2466 1264 2492 me
1286 2462 1408 2490 vtetur
1435 2452 1543 2491 bono
1563 2462 1601 2492 et
1621 2449 1730 2491 facili

1067 2521 1188 2563 patre.
1244 2511 1287 2548 F..

1123 2569 1148 2609 6
1189 2564 1442 2619 cognoscendi
1477 2574 1516 2604 et
1543 2563 1730 2619 ignofien-

1068 2622 1127 2679 dt]
1156 2625 1214 2663 Ex
1234 2618 1375 2662 affectu
1393 2633 1532 2663 eorum
1545 2621 1729 2684 loquitur,

1657 2678 1727 2729 qui
