1815 3168
322 103 412 147 662

697 101 860 146 ACT.
893 103 973 148 IV.
1010 102 1210 149 SCEN.
1239 102 1295 148 V.

457 224 504 275 C
517 239 563 274 Η.
598 227 762 275 Videre
782 225 911 289 egisse
932 230 1018 274 iam
1037 228 1179 276 nescio
1198 227 1306 292 quid
1332 243 1433 274 cum
1453 226 1564 277 sene.

459 303 540 351 SY.
554 305 625 349 De
636 303 712 350 illo
725 304 844 367 quod
857 301 1055 353 dudum?
1077 301 1244 351 distum
1260 320 1306 349 ac
1321 299 1485 350 sagium
1498 302 1682 351 reddidi.

459 375 507 426 C
520 391 570 424 H.
609 381 789 426 Bonane
809 376 924 426 fide?
958 374 988 425 S
1003 392 1046 426 Y.
1087 379 1205 426 bona
1238 379 1400 426 hercle.
1444 374 1551 425 CH.
1597 397 1693 427 non

559 450 733 518 possum
751 456 842 518 pati

465 531 589 584 Quin
612 529 692 577 tibi
717 539 848 594 caput
871 528 1160 576 demulceam:
1200 528 1352 577 accede
1371 529 1472 582 huc,
1495 533 1624 593 Syre:

371 622 428 671 15
464 607 637 653 Faciam
659 604 768 651 boni
787 604 1051 669 tibi‘aliquid
1070 622 1155 670 pro
1177 604 1251 651 ista
1270 620 1332 658 re,
1356 622 1403 652 ac
1424 604 1598 651 lubens.

459 676 545 726 Sv.
583 684 644 726 At
666 678 696 725 fi
719 680 833 733 scias,
854 697 984 744 quam
1006 680 1104 727 scite
1126 682 1172 726 in
1194 690 1389 728 mentem
1409 683 1593 729 venerit.

465 751 572 804 CH.
609 752 730 806 Vah!
778 755 965 818 gloriare
986 753 1175 804 euenisse
1198 773 1249 804 ex
1271 755 1511 804 sententia?

331 986 455 1017 tamen
474 985 650 1016 aetatem.
708 976 889 1026 Aetatem,
911 975 992 1026 diu,

332 1033 636 1085 longinquoque
653 1041 830 1085 tempore
847 1045 890 1072 ae
907 1046 995 1085 pro-

1605 835 1698 881 ὃν.

1101 989 1149 1032 13
1181 977 1293 1018 Bona
1319 976 1448 1032 hercle]
1477 977 1606 1018 Hercle
1635 991 1700 1018 or-

1043 1035 1175 1073 natiua
1207 1035 1404 1086 particula.
1458 1036 1500 1074 In
1529 1035 1699 1076 Andria:

333 1089 431 1136 lim,
460 1099 497 1127 vt
523 1088 577 1128 est
603 1098 728 1137 aetas,
756 1099 795 1128 et
818 1101 919 1141 quae
944 1085 995 1129 se·
1038 1101 1136 1142 puer
1152 1089 1323 1140 hercle'fl.
1377 1090 1560 1130 Hocloco
1576 1091 1699 1143 potest

332 1154 518 1196 quuntur.
579 1144 625 1185 C.

392 1198 586 1250 Optabam,
610 1199 716 1252 quod
734 1199 778 1239 in
795 1199 928 1241 Bemb.
939 1213 995 1241 re-

1043 1142 1123 1186 esse
1141 1145 1379 1186 affirmatiua.
1436 1146 1485 1185 C.

1096 1201 1308 1256 Distingue
1335 1200 1405 1246 fic;
1435 1201 1566 1242 Bonan
1589 1201 1700 1255 fide?

332 1257 498 1309 peritur,
527 1256 575 1295 ab
598 1257 766 1309 antiquis
792 1257 994 1300 Coi-teilo·
1043 1257 1118 1300 SY.
1147 1259 1264 1298 Bona.
1294 1258 1377 1299 ca.
1406 1257 1523 1298 hercle
1534 1260 1703 1315 nonpvjl

333 1313 441 1351 ribus
471 1311 535 1352 est.
591 1316 701 1367 Lege
731 1311 898 1370 Exopto.
928 1310 994 1356 Cf.
1032 1313 1125 1367 sum
1141 1316 1240 1370 pati.
1301 1316 1330 1354 B

333 1369 438 1409 And.
459 1381 489 1414 1,
511 1381 549 1421 4,
573 1381 609 1411 1.
665 1372 708 1411 B.

389 1426 554 1465 Daceria
574 1421 693 1465 verba
700 1423 808 1480 Qid
828 1424 900 1477 est?
926 1424 996 1477 ipsi

334 1492 494 1532 qnoque
517 1483 614 1533 Syro
635 1480 842 1522 tribuenda
853 1480 994 1520 censet.

331 1539 450 1576 Male.
466 1538 610 1578 Melius
622 1539 865 1578 conueniunt
876 1536 995 1578 Chre-

332 1595 429 1632 meti
449 1594 624 1645 cupienti
636 1593 783 1644 audire,
802 1594 894 1646 quid
906 1590 994 1634 cnm

333 1647 427 1688 sene
448 1651 585 1702 egerit.
641 1653 681 1691 Z.

388 1717 434 1747 11
481 1706 614 1744 Videre
659 1705 781 1762 egiffi’]
832 1705 995 1760 Colligit

333 1759 408 1799 hoc
430 1775 478 1800 ex
500 1761 627 1804 verbis
643 1763 741 1814 Syri,
769 1778 791 1801 a
807 1776 996 1814 quoexo-

333 1829 523 1869 praretur:
542 1817 724 1857 credebat
735 1818 842 1857 enim
860 1816 995 1865 senex,

334 1871 375 1912 se
393 1871 540 1923 arseruo
565 1887 649 1912 non
669 1874 802 1926 optari,
822 1873 889 1912 nifi
910 1887 994 1927 gra-

334 1931 386 1968 tia
397 1928 569 1969 fallaciae
579 1929 620 1968 in
633 1929 930 1970 Menedemum.
946 1931 995 1971 C.

391 1985 524 2025 Videre
552 1986 671 2040 egisse]
710 1985 778 2024 De
814 1998 863 2025 eo
877 1984 996 2050 ‘qnod

334 2051 463 2082 tecum
484 2042 631 2080 locutus
652 2040 746 2087 sum,
765 2042 905 2081 videris
919 2055 994 2081 iam
1028 2088 1029 2091 Ἴ

333 2097 480 2149 aliquid
527 2094 672 2137 feciffe.
737 2100 836 2138 Nam
882 2096 993 2149 supra

334 2154 416 2202 ait,
456 2155 557 2193 Huic
598 2152 721 2206 nostro
761 2154 908 2194 tradita
945 2153 994 2208 est

328 2212 538 2263 prouincia.
598 2212 642 2258 E,

390 2279 440 2308 12
477 2268 532 2306 Ac
551 2266 702 2318 fitc‘lum
727 2265 890 2320 reddidi]
927 2267 994 2307 Se-

335 2335 427 2361 enre
461 2333 500 2361 et
532 2335 621 2362 cum
654 2336 800 2377 magna
837 2322 993 2362 audacia

332 2379 585 2430 pronunciat:
616 2389 655 2418 et
673 2379 760 2430 plus
780 2377 844 2428 est,
877 2392 993 2431 quam

330 2435 356 2474 fi
376 2435 533 2482 diceret,
548 2434 640 2486 fici.
696 2437 742 2477 C.
980 2446 981 2450 ¹

386 2491 539 2530 Dic-'ium
558 2504 600 2530 ac
616 2490 786 2545 fizc'i‘um]
818 2492 906 2530 Hoc
926 2489 992 2539 est,

333 2559 419 2586 cum
441 2543 614 2596 dixiss'es,
641 2545 784 2588 saelum
802 2548 991 2588 continuo

332 2602 495 2644 red-didi.
554 2607 599 2645 E.

1104 1438 1158 1479 14
1197 1426 1319 1478 Caput
1345 1424 1578 1481 demulceam]
1620 1429 1704 1469 Ma-

1044 1484 1114 1536 gni
1134 1482 1391 1521 blandimenti
1415 1481 1575 1536 fignum,
1599 1484 1704 1536 quod

1042 1538 1103 1589 fit,
1134 1539 1286 1590 quoties
1316 1540 1356 1577 in
1376 1552 1418 1579 re
1435 1550 1562 1589 optata
1583 1541 1704 1579 domi-

1044 1610 1098 1635 no
1134 1592 1259 1635 seruus
1288 1608 1337 1634 ex
1375 1592 1566 1635 sententia
1595 1595 1704 1636 obse·

1045 1652 1187 1704 quitur.
1244 1652 1289 1692 C.

1107 1706 1194 1747 Tibi
1206 1719 1311 1759 caput
1323 1707 1559 1763 demulceam]
1582 1709 1700 1760 Quod

1044 1761 1141 1803 solet
1170 1762 1254 1802 fieri
1281 1763 1340 1802 his
1367 1766 1431 1816 qni
1460 1766 1634 1817 placent,
1663 1776 1703 1805 vt

1045 1832 1182 1859 manus
1210 1832 1280 1870 per
1305 1832 1417 1870 caput
1439 1822 1555 1860 t1·a&u
1579 1821 1700 1870 duem,

1046 1874 1147 1926 quasi
1183 1876 1376 1926 quaedam
1409 1877 1584 1916 videatur
1625 1875 1703 1918 efl'e

1044 1930 1225 1970 laudatio.
1281 1935 1324 1972 E.

1102 2054 1152 2097 15
1182 2044 1280 2084 Boni
1300 2042 1459 2096 aliquid]
1490 2045 1581 2084 Non
1609 2043 1702 2084 dicit

1043 2099 1161 2150 quid:
1198 2109 1237 2137 vt
1270 2111 1361 2137 eum
1392 2101 1587 2140 laetiorem
1618 2101 1702 2140 red-

1041 2156 1127 2204 dat,
1156 2166 1195 2194 et
1213 2156 1256 2194 in
1277 2151 1343 2206 spe
1361 2158 1496 2210 magni
1514 2155 1612 2195 boni
1635 2157 1702 2197 de-

1042 2212 1177 2252 tineat.
1234 2212 1280 2252 C.

1101 2325 1155 2366 16
1180 2323 1276 2364 Scite
1299 2325 1339 2362 in
1365 2324 1537 2380 mentem]
1567 2322 1638 2367 Ms.
1657 2328 1698 2367 R.

1041 2379 1142 2421 Scite
1156 2379 1249 2419 mihi
1266 2383 1305 2419 in
1326 2393 1493 2420 mentem.
1550 2382 1596 2421 L.

1100 2502 1151 2546 17
1186 2490 1357 2532 Gloriare
1384 2492 1584 2547 euemffffl]
1614 2493 1702 2534 Hoc

1041 2546 1113 2587 tibi
1160 2562 1232 2600 pro
1266 2549 1467 2590 voluntate
1499 2547 1702 2604 contigiffe

1044 2604 1245 2659 gloriaris?
1301 2604 1343 2646 E.
