1815 3168
522 98 933 145 EVNVCHVS.

1304 115 1399 160 445

181 224 290 276 Cn.
331 225 492 273 Melius
515 222 586 271 est.
621 220 736 270 Tu.
770 240 912 271 mane.
948 220 1057 270 Cn.
1102 227 1279 284 omitte,
1318 229 1404 273 iam

280 302 424 350 adero.
459 296 508 345 T
524 319 572 345 n.
605 300 714 345 nihil
738 317 849 364 opus
873 297 931 344 est
953 298 1053 352 istis,
1078 301 1286 348 Chreme:

181 383 284 428 Hoc
306 378 439 423 modo
462 376 542 428 dic,
567 375 759 422 sororem
781 375 900 421 illam
920 385 1040 421 tuam
1065 373 1161 429 effe,
1184 387 1226 422 et
1246 388 1286 423 te
1308 394 1404 440 par-

279 469 380 499 uam
404 454 620 511 virginem

169 525 395 583 *Amififfe3
434 544 552 573 nunc
573 520 789 586 cognosse.
831 522 950 584 signa
973 523 1162 572 ostende.
1204 524 1297 573 ΡΥ.
1334 525 1403 573 'ad-

276 605 387 651 sunt.
429 598 544 649 Tn.
583 617 701 666 cape.

85 697 145 745 30
179 681 223 728 Si
243 682 332 727 vim
355 679 492 731 faciet,
513 680 558 723 in
579 679 647 722 ius
667 670 817 721 ducito
829 673 1079 722 hominem:
1114 670 1403 722 intellextin'?

279 752 324 802 C
341 773 387 801 H.
429 753 582 819 probe.

178 825 286 877 Tu.
324 834 408 876 Fac
430 830 574 874 animo
598 826 704 874 haec
725 837 771 874 vt
791 826 1004 891 praesenti
1034 825 1163 873 dicas.
1201 821 1308 874 Cn.
1345 826 1404 874 fa·

279 908 401 954 ciam.
437 900 549 950 Tn-
592 903 739 951 attolle
767 902 962 969 pallium.

100 1136 155 1180 27
184 1125 323 1166 Melius
348 1124 415 1180 est]
457 1127 587 1177 Fugae
613 1122 701 1174 (Fu-

38 1183 186 1237 giendi‚
217 1182 309 1221 libb.
327 1183 438 1234 vett.)
462 1180 700 1228 occasionem

48 1239 112 1278 hic
139 1238 242 1289 cupit
273 1238 366 1277 dari.
423 1237 560 1290 Mane]
600 1240 698 1284 Hoc,

46 1294 153 1350 gestu
182 1297 255 1332 iam
277 1293 489 1332 adiuuatur.
551 1293 700 1338 Omitte,

47 1354 120 1390 iam
157 1348 287 1402 adero]
335 1352 393 1389 Ex
427 1347 537 1385 huius
565 1347 695 1398 (sorte,

48 1404 301 1457 hzsceyverbis
312 1415 479 1455 apparet,
499 1403 614 1441 etiam
624 1416 700 1440 ma-

46 1476 101 1501 nu
122 1457 439 1513 comprehensum
461 1456 538 1498 effe
560 1456 701 1498 adoles-

48 1528 212 1557 centem.
275 1516 423 1563 Omitte,
453 1519 526 1553 iam
543 1514 620 1565 rstic
639 1514 701 1552 ad·

47 1574 130 1627 ero]
161 1574 261 1623 Quia
287 1570 429 1610 causam
450 1569 601 1621 probari
618 1583 698 1608 non

45 1630 163 1677 videt,
175 1629 407 1667 celeritatem
419 1626 609 1666 redeundi
621 1626 703 1676 pol-

46 1686 195 1725 licetur.
252 1683 361 1723 Nihil
375 1695 460 1735 opus
481 1682 527 1733 est
543 1681 636 1736 istis]
669 1682 702 1720 I-

32 1741 129 1799 stis,
161 1751 285 1778 vtrum
303 1740 515 1784 aduocatis,
546 1752 597 1777 an
625 1736 701 1776 istis

47 1795 227 1836 omnibus
259 1809 357 1846 quae
377 1795 526 1833 dixisti?
559 1793 696 1844 (Dubir

46 1865 112 1892 um
141 1865 222 1890 non
241 1851 306 1900 est,
335 1852 428 1902 quin
447 1850 488 1889 fit
510 1847 630 1890 seimo
652 1849 702 1887 de

45 1908 240 1949 aduocatis
252 1908 283 1958 ).
352 1907 541 1960 Virgilius
563 1936 572 1955 ,
619 1908 700 1944 Aut

46 1965 134 2018 quid
145 1965 242 2015 petis
260 1962 362 2015 istis?
391 1965 511 2016 (Aen.
533 1975 586 2011 1X,
613 1963 699 2015 94).

103 2084 153 2126 28
183 2076 262 2116 Hoc
287 2075 345 2115 dic
371 2074 476 2114 modo
492 2105 501 2123 ,
524 2073 700 2125 sororem

48 2130 148 2171 illam
165 2145 265 2172 tuam
283 2131 362 2186 effe]
394 2130 546 2170 Ordine
568 2130 620 2168 est
638 2144 700 2169 ex-

48 2185 215 2228 secutus:
253 2189 378 2240 primo
415 2198 538 2226 vtrum
575 2183 700 2237 perso-

49 2256 140 2283 nam
161 2243 312 2294 habeat,
341 2243 418 2282 Dic
429 2243 612 2294 sororem,
643 2243 699 2280 in-

51 2300 152 2351 quit,
187 2299 285 2339 illam
311 2313 412 2339 tuam
437 2298 509 2349 effi’.
562 2302 700 2338 Vtrum

50 2355 255 2407 negotium
263 2354 412 2402 habeat,
433 2355 485 2394 Et
495 2368 530 2394 te
542 2366 701 2406 paruam

50 2412 236 2464 virginem
264 2410 415 2463 amiszffi.
472 2412 551 2451 Cur
578 2409 700 2450 hodie

50 2477 150 2520 agat,
173 2466 284 2505 Nunc
302 2466 475 2522 cognoffiu
531 2469 578 2507 Et
598 2466 701 2506 vnde

48 2521 212 2574 probet,
247 2521 364 2577 Signa
391 2523 536 2576 ostende.
596 2526 701 2563 Haec

52 2579 183 2621 omnia
209 2576 256 2620 fic
283 2578 579 2632 pronuncianda
605 2576 701 2630 sunt,

1266 979 1380 1025 Perii
1393 977 1404 1026 Ξ

749 1132 788 1162 vt
816 1132 856 1162 et
880 1121 974 1161 iusta
1003 1131 1043 1160 et
1062 1119 1164 1160 faeta
1191 1118 1316 1160 facilia
1342 1120 1404 1160 de·

749 1178 1017 1218 monstrentur.
1073 1180 1122 1217 D.

805 1234 930 1275 Nostri
975 1234 1185 1280 collocant,
1229 1233 1406 1274 Sororem

751 1289 813 1342 effe
840 1289 942 1328 illam
961 1303 1074 1328 tuam.
1106 1289 1234 1329 Refite.
1293 1291 1404 1337 Nam,

750 1342 851 1385 illam
874 1358 979 1384 tuam
997 1345 1079 1397 effi’,
1106 1344 1209 1383 male
1235 1345 1337 1383 acuit
1355 1345 1407 1383 vl-

751 1402 894 1441 timam.
952 1404 993 1440 Β.

803 1469 856 1509 30
885 1455 928 1494 Si
950 1459 1023 1496 vim
1034 1456 1169 1508 faciet,
1206 1457 1245 1495 in
1266 1458 1321 1493 ius
1343 1454 1408 1494 du-

750 1516 823 1552 cito
853 1512 1053 1565 hominem]
1090 1515 1138 1551 Et
1163 1513 1286 1550 reete:
1318 1513 1407 1562 quia

751 1569 922 1608 violento
934 1569 1098 1606 ciuiliter
1108 1567 1223 1606 resisti
1235 1564 1337 1607 soler.
1355 1570 1407 1608 D.

804 1625 849 1663 In
875 1627 932 1664 ius
962 1623 1105 1677 ducito]
1130 1622 1194 1663 Ad
1214 1621 1341 1662 sorum
1363 1623 1406 1662 in

752 1681 949 1720 iudicium.
1006 1683 1048 1720 E.

798 1745 856 1789 ‘31
886 1736 961 1775 Fac
984 1739 1105 1775 animo
1133 1735 1218 1775 haec
1237 1748 1280 1774 vt
1293 1747 1408 1787 prae-

741 1792 843 1842 fintt'
860 1791 979 1846 dicas]
1008 1795 1115 1831 Haec
1133 1805 1214 1830 non
1234 1790 1409 1830 diceren-

751 1860 813 1886 tur
831 1863 852 1887 a
871 1847 1037 1893 Thaide,
1057 1847 1126 1886 nisi
1145 1848 1187 1885 in
1209 1848 1309 1886 illius
1326 1847 1408 1886 vul·

750 1915 789 1942 tu
840 1918 962 1955 pauor
999 1905 1143 1942 nimius
1191 1913 1405 1955 appareret.

749 1959 915 2015 Faciam]
943 1959 1223 1999 Adiuuandum
1239 1972 1409 2009 pronun-

750 2017 939 2056 ciatione:
968 2016 1115 2055 Faciam.
1134 2016 1252 2064 enim,
1271 2015 1408 2054 timide

749 2073 893 2112 dieium
925 2071 990 2112 est.
1062 2073 1200 2111 Attolle
1235 2069 1406 2124 pallium]

749 2129 819 2168 His
857 2128 982 2169 verbis
1016 2126 1235 2168 Chremetis
1271 2127 1408 2180 (Chre-

749 2198 839 2234 mes,
872 2185 1011 2237 legunt
1039 2183 1127 2223 edd.
1157 2185 1262 2223 Ven.
1328 2182 1408 2223 Sed

749 2241 859 2293 lege,
907 2241 1031 2280 Thais.
1087 2243 1187 2280 Nam
1214 2251 1286 2290 pro
1312 2242 1405 2279 ΤΗ.

749 2296 892 2336 librarii
927 2296 1111 2349 legerunt
1147 2296 1236 2336 Cn.
1268 2293 1408 2335 Haece·

749 2366 822 2392 nus
843 2350 951 2404 West.
1005 2349 1083 2392 Sed
1111 2349 1212 2390 forte
1231 2353 1409 2391 Donatus

750 2406 817 2448 scr.
840 2408 1034 2453 Chremen
1060 2418 1099 2447 et
1119 2406 1248 2452 verba,
1278 2405 1408 2446 attolle

746 2465 923 2517 pallium,
955 2464 1089 2503 tribuit
1117 2461 1188 2516 ipsi
1207 2461 1408 2504 Chremeti

749 2525 809 2573 Z.)
831 2520 1134 2568 demonstrauit,
1171 2520 1335 2559 nimium
1364 2518 1408 2558 li—

752 2577 940 2619 bei-aliter>
970 2575 1104 2629 (forte
1142 2575 1408 2626 illiberaliter)

1274 2630 1405 2682 pauidi
