1815 3168
598 70 1011 115 EVNVCHVS.
1074 118 1077 121 ,

1385 81 1487 127 407

242 203 317 246 Ne
349 199 467 244 intUS
499 193 571 242 fit:
607 212 744 260 POI‘I'O
774 206 946 248 autem,
976 206 1101 258 Pater
1132 211 1186 240 ne
1218 210 1321 242 rure
1342 195 1478 242 redie-

339 275 397 319 rit
431 274 530 319 iam.

240 344 345 394 AN.
382 350 543 393 Eamus
568 346 620 391 ad
641 363 734 392 me:
770 344 831 393 ibi
850 341 1179 411 proximum'st,
1217 343 1293 390 vbi
1313 356 1473 397 mutes,

337 417 444 468 CH.
480 419 599 467 reffle
622 421 742 467 dicis.

138 495 205 562 65
238 501 422 546 Eamus:
463 506 506 542 et
533 496 585 542 de
606 495 703 542 istac
726 495 866 549 fimul,
885 513 974 557 qno
998 492 1129 559 pagio
1153 510 1292 556 porro
1315 493 1472 559 poffim

233 574 385 625 Potiti,
407 570 633 618 consilium
655 571 755 618 volo
779 588 935 636 capere
958 588 1040 616 vna
1067 582 1227 616 tecum.
1259 567 1355 615 AN.
1379 568 1469 621 fiat.

172 717 478 772 Achs
557 699 1289 778 QvAnrisCENA
1357 715 1390 767 r

638 806 924 846 DORIAS.

90 941 134 1055 Ι

89 1233 158 1262 aut
188 1221 331 1263 Veluti:
363 1231 404 1262 vt
432 1218 494 1272 fit,
518 1223 646 1275 Prope
669 1223 748 1262 iam

88 1279 217 1319 exulo.
269 1277 393 1316 Exulo
437 1277 588 1316 duo-bus
622 1280 745 1317 modis

90 1335 249 1373 dicimr:
280 1345 317 1373 et
335 1333 384 1373 de
402 1333 487 1372 loco
505 1333 547 1371 in
564 1345 640 1384 quo
659 1334 746 1372 exul

89 1390 161 1439 est,
198 1401 236 1427 et
261 1389 310 1428 de
335 1389 418 1427 loco
437 1401 488 1427 ex
506 1402 582 1439 quo
601 1389 744 1427 eiee'ms

88 1445 153 1486 cst.
194 1442 627 1498 Nuncmetuoftatrem]
645 1444 745 1484 Cau·

84 1499 140 1540 sas
163 1500 338 1548 ostendit,
364 1513 430 1538 cur
449 1499 567 1539 domo
587 1501 742 1551 penitus

84 1557 204 1597 veluti
225 1556 364 1596 exulet.
418 1558 468 1597 D.

138 1612 282 1659 Domo,
317 1610 421 1663 quod
452 1609 650 1662 emphasin
672 1611 739 1650 hie

80 1667 221 1716 habet,
250 1679 303 1707 ne
327 1669 369 1706 in
386 1666 503 1707 Thefi
525 1676 735 1718 prematur,

79 1736 233 1775 repono
250 1754 260 1772 ‚
314 1723 418 1762 Nam
465 1721 573 1763 e'xulo
623 1723 733 1763 domd

75 1793 182 1819 mune.
241 1782 284 1819 Β.

130 1839 181 1888 63
225 1835 343 1875 Pater
367 1847 411 1874 ne
440 1848 526 1874 rure
552 1834 731 1889 redierit]

69 1894 319 1943 Praeparatnr
337 1891 413 1931 iam
424 1891 668 1931 interuentus
681 1889 732 1929 se-

72 1949 155 1988 nis:
185 1958 224 1986 et
243 1946 298 1986 est
316 1947 444 1999 ζεῦγμα
454 1946 502 1986 ad
522 1945 728 1996 superiora.

70 2007 172 2045 Nam
189 2013 230 2042 et
250 2001 315 2042 hic
332 2016 454 2043 metuo
483 2002 537 2042 est
555 2000 730 2043 subaudi-

14 2057 15 2060 '
69 2060 228 2100 endum.
285 2062 335 2099 D.

123 2117 225 2157 Cum
255 2124 369 2154 antea
386 2112 526 2154 dixerit
541 2113 725 2164 Fratrem,

70 2170 135 2209 hic
145 2170 356 2223 legendum
366 2166 442 2210 effe
452 2171 622 2220 arbitror,
635 2172 728 2212 Por-

69 2240 114 2265 ro
132 2240 248 2267 autem
263 2239 416 2279 patrem,
435 2240 480 2266 ne
495 2227 569 2268 &a
625 2229 669 2266 B.

125 2285 181 2336 64
209 2280 268 2322 Ibi
294 2286 507 2335 proximum
531 2282 597 2337 est]
637 2286 726 2324 Hoc

68 2336 144 2386 est,
178 2338 312 2377 domus
331 2351 453 2378 mea.-
487 2339 593 2379 Rec‘le
622 2340 723 2379 dicis.

153 965 184 992 τ
210 965 236 992 A
273 962 348 998 me
372 944 435 993 Di
467 943 581 991 bene
614 953 783 996 ament,
833 954 1047 1007 quantum
1080 960 1164 1005 ego
1194 942 1321 990 filum
1354 943 1458 997 vidi,

363 1019 571 1069 nonnihil
591 1012 726 1068 timeo
753 1019 918 1073 misera,

1380 1098 1492 1142 Ne>

855 1234 875 1264 1
907 1221 967 1262 Ita
985 1234 1040 1261 me
1059 1222 1110 1262 Di
1127 1219 1214 1260 bene
1232 1220 1369 1274 ament]
1399 1222 1453 1260 Ea

796 1275 960 1328 persona
978 1277 1146 1329 quaefita
1168 1277 1230 1325 est,
1259 1289 1359 1328 quae
1380 1288 1453 1316 ter-

795 1333 945 1372 ribilem
978 1333 1105 1371 credat
1126 1333 1311 1371 militem:
1345 1343 1450 1370 ereo

793 1389 916 1441 magis
936 1389 998 1437 (vt
1017 1401 1055 1425 eo
1075 1391 1198 1441 magis,
1217 1385 1288 1426 Ms.
1313 1388 1383 1438 H.)
1405 1388 1449 1426 in

794 1443 1035 1494 experiendo
1064 1456 1181 1482 vanus
1199 1457 1242 1482 ac
1264 1443 1447 1482 ridiculus

794 1498 872 1539 osse
891 1500 1010 1551 poffit.
1066 1498 1128 1539 Ita
1151 1513 1206 1537 me
1223 1499 1281 1538 Di
1306 1498 1392 1536 hene
1410 1514 1449 1538 a·

790 1555 906 1609 ment]
938 1558 1023 1594 Hoc
1045 1555 1131 1593 loco
1155 1555 1247 1605 quid
1269 1555 1353 1606 post
1371 1552 1445 1592 sce-

788 1625 880 1649 nam
903 1610 1047 1664 gestum
1060 1609 1109 1658 fit,
1129 1609 1202 1648 hoc
1221 1609 1284 1658 est,
1297 1611 1335 1648 in
1349 1623 1445 1648 con-

787 1667 894 1705 uiuio
920 1666 1052 1705 militis
1063 1697 1073 1715 ,
1103 1666 1244 1706 ancilla
1276 1665 1444 1704 demon-

784 1722 893 1762 strat:
923 1732 962 1761 vt
990 1723 1067 1761 iam
1095 1735 1194 1773 quae
1218 1722 1259 1761 in
1292 1721 1442 1773 prosce-

783 1779 850 1818 nio
870 1788 1044 1832 agantur,
1065 1789 1113 1816 ex
1130 1777 1187 1816 his
1205 1778 1383 1830 poffimus
1404 1791 1442 1817 a·

781 1832 975 1888 gnoscere.
1029 1838 1080 1875 D.

839 1892 901 1930 Ita
919 1905 975 1930 me
985 1890 1043 1930 Di
1063 1890 1204 1942 ament]
1238 1892 1439 1931 HaecSce-

779 1961 830 1986 na
849 1947 1125 1986 allocutionem
1143 1947 1306 1986 ane⁴²³ae
1317 1957 1437 1996 tenet,
1474 1977 1483 1980 -

776 2017 878 2055 quae
910 2003 1158 2042 coniessurali
1195 2002 1289 2041 statu
1326 2015 1448 2056 argu-l

776 2070 908 2099 menta
918 2059 1076 2112 colligit,
1088 2059 1250 2098 militem
1260 2072 1346 2098 cum
1356 2071 1438 2098 me·

775 2116 913 2155 tetrice
939 2116 1045 2155 litem
1071 2128 1217 2167 parare.
1275 2117 1332 2155 Ita
1357 2115 1435 2166 pri-

775 2185 819 2210 or
839 2170 1041 2223 propositio
1060 2170 1132 2218 est,
1164 2169 1274 2222 quod
1297 2172 1434 2211 timere

773 2225 814 2266 se
833 2227 936 2272 dicit,
970 2239 1022 2265 ne
1038 2225 1118 2279 ipse
1139 2225 1292 2266 insanus
1312 2226 1432 2267 hodie

774 2282 901 2322 turbas
919 2281 1032 2321 faciat
1050 2290 1135 2323 cum
1145 2283 1314 2323 Thaide.-
1352 2285 1433 2323 De·

772 2339 869 2378 inde
910 2338 1047 2390 incipit
1089 2341 1276 2379 narratio:
1325 2340 1431 2380 Nam

69 2393 211 2445 eamus]
238 2391 322 2444 Ipsa
340 2394 455 2434 verba
473 2395 724 2447 quodammo-
766 2394 960 2447 postquam
985 2393 1047 2445 iste
1081 2395 1228 2435 aduenit
1259 2395 1430 2436 Chremes

69 2449 123 2488 do
141 2442 423 2490 festinationem
437 2447 587 2491 sonant.
615 2456 665 2493 D.

125 2509 177 2557 65
207 2503 401 2558 vaac‘zo
412 2508 549 2562 porro]
583 2509 722 2561 Porro,

69 2560 216 2615 postea,
235 2560 433 2614 deinceps.
487 2565 537 2606 D.

772 2449 984 2502 adolefiens⁷
995 2451 1126 2502 fif-ater
1140 2455 1314 2507 virginis.
1352 2455 1431 2491 De-

770 2508 866 2547 inde
884 2507 946 2546 .in'
962 2510 1179 2548 narratione
1199 2519 1429 2561 argumenta

767 2564 1068 2618 praeiaciuntur,
1090 2577 1191 2617 quae
1211 2566 1369 2606 veniant
1378 2563 1428 2604 ad

881 2621 1002 2672 CC4

1309 2633 1424 2673 quae,—
