1815 3168
588 87 995 139 EVNVCHVS.

1370 108 1466 156 425

245 211 336 257 Hic
355 208 415 257 est
432 213 584 266 vietuS,
607 217 1030 270 vetus,·veternosus,
1051 218 1191 272 senex,

244 286 404 335 Colore
439 287 699 339 mustellino.
733 287 831 340 ΡΗ.
863 291 994 346 hem,
1037 308 1146 359 quae
1181 294 1285 342 haec
1319 295 1377 343 est
1409 297 1467 346 fa·

341 363 441 411 bula
454 365 476 410 ¹?

156 575 207 606 21
243 564 318 605 Hic
338 564 384 617 est
405 576 520 614 vetus,
548 568 677 616 vietus,
701 579 758 607 ve-

104 621 278 671 ternostcx,
288 619 421 672 senex]
455 624 517 663 Sic
534 621 609 662 hoc
635 634 757 663 totum

103 679 469 728 pronunciandum,
497 679 599 731 quasi
626 677 758 718 irasca-

103 745 162 772 tur
183 733 292 782 huic,
319 746 476 786 propter
494 748 612 786 quem
631 735 758 774 lauda-

100 791 198 828 uerit
217 789 444 830 Chaeream.
500 791 641 839 Viezus]
662 791 757 831 Mol-

103 845 167 893 lis,
198 843 469 897 flaccidusque,
502 857 541 885 et
574 847 755 886 flexibilis

101 914 274 952 corpore.
305 902 410 941 vnde
428 913 467 941 et
477 904 631 948 vimina,
653 905 756 942 etvi-

90 956 231 1004 =menttz',
266 969 304 996 et
326 960 434 1006 vites,
465 968 505 997 et
523 961 686 999 vietores
703 959 757 997 di-

99 1024 257 1060 cuntur-3
287 1024 327 1054 et
341 1015 453 1062 viere,
475 1015 643 1068 religare
663 1015 754 1053 dici-

97 1081 177 1108 tur:
208 1082 298 1120 quia
313 1083 421 1109 vtem
439 1072 555 1123 virgis
565 1073 686 1124 magis
698 1085 755 1111 re-

30 1123 36 1128 *
86 1126 221 1179 ‘ligare
239 1123 432 1177 possumus
452 1126 652 1177 quidlibet.
680 1129 754 1165 Lu·

97 1183 238 1222 cretius
254 1185 356 1234 (111,
390 1185 505 1234 384.)
524 1196 680 1221 araneae
699 1182 753 1221 di-

95 1239 154 1278 xit
174 1238 310 1276 vietam
333 1237 471 1288 vestem,
498 1237 538 1276 id
556 1238 621 1286 est,
649 1239 752 1289 putri

94 1293 260 1332 mollitia
305 1293 530 1342 praeditam.
606 1294 750 1347 Vetus]

86 1349 158 1390 Ad
176 1349 501 1400 vituperationem
516 1348 646 1397 modo,
667 1361 751 1387 non

87 1405 143 1444 'ad
160 1404 314 1444 laudem
327 1405 503 1455 ponitur:
532 1415 581 1450 vt,
608 1406 752 1444 Veteris

89 1473 226 1515 poetae
279 1459 478 1499 maledietis
523 1459 750 1512 respondeat.

86 1519 207 1559 ‘Vetu‘s
224 1515 289 1566 est,
301 1517 404 1556 cuius
415 1515 689 1555 diminutiuum
699 1515 752 1554 est

92 1573 246 1614 vetulus.
316 1571 556 1624 Veternofits]
604 1571 749 1613 Morbo

92 1640 225 1669 vetere
247 1627 453 1677 confec'lus,
480 1627 519 1666 id
541 1626 605 1675 est,
627 1637 749 1666 veter-

92 1699 169 1725 no:
199 1686 332 1737 quales
351 1683 436 1724 sunt
453 1683 518 1734 qui
529 1681 749 1735 hydropem

92 1742 304 1793 patiuntur.
379 1743 426 1780 Et
467 1738 581 1778 recle„
649 1742 749 1779 Nam

90 1795 207 1849 saepe
234 1795 411 1837 Eunuchi
439 1795 481 1834 in
509 1791 659 1833 seneffia
686 1807 746 1833 ve-

91 1852 233 1892 ternofi
252 1852 367 1902 fiunt,
399 1861 438 1892 et
456 1851 531 1889 cito
549 1850 627 1888 hoc
644 1849 746 1889 labo-

79 1915 177 1948 'rant
200 1908 351 1948 morbo.
407 1907 543 1955 Senex]
572 1909 630 1946 Ex
646 1918 746 1944 mor-

88 1963 145 2003 'bo
198 1962 521 2018 aegritudineque
572 1959 744 2015 rugosus.

79 2018 226 2065 Senex]
258 2024 391 2060 Vtrum
415 2018 549 2072 (adde,
568 2021 671 2070 vere)
691 2015 745 2058 se-

92 2077 194 2120 nex?
232 2090 281 2115 an
318 2076 406 2127 quia
442 2076 494 2114 ita
517 2074 668 2115 videtur
697 2074 747 2115 ob

95 2131 406 2173 deformitatem?
462 2133 513 2172 D.

155 2243 302 2292 Victus,
328 2243 471 2292 <«amur,
515 2255 664 2284 veterno
686 2243 748 2298 us]

94 2299 229 2341 Vietus
240 2312 281 2338 ac
290 2300 529 2352 turpitudine
538 2298 748 2354 (western.

94 2369 140 2395 ac
164 2366 281 2395 mutat
306 2356 347 2395 in
379 2371 412 2396 a.
464 2355 542 2396 Sed
575 2357 652 2409 leg.
684 2357 748 2395 Ve-

95 2425 201 2450 terno
219 2425 260 2450 ac
272 2413 498 2462 turpitudine
517 2415 576 2460 Z.)
598 2409 748 2464 oppres·

93 2465 163 2506 suS.
216 2471 271 2508 Vt
297 2468 406 2522 Virg.
434 2471 526 2518 (Ge.
563 2481 602 2519 1,
636 2470 748 2520 124.)

93 2521 174 2562 Nec
195 2533 339 2574 torpere
355 2527 466 2580 graui
470 2524 589 2581 paffics
597 2523 671 2578 fida
690 2538 746 2566 re-

94 2593 169 2634 gna
187 2591 349 2620 veterno.
402 2583 434 2625 E

1398 451 1469 497 Eo

864 567 1012 618 Vinus,
1040 570 1158 620 vetas]
1195 569 1285 609 Vid.
1304 568 1396 610 Fest.
1422 583 1465 612 et

804 624 945 678 Porph.
966 625 1012 664 ad
1033 627 1125 665 Hor.
1146 626 1262 667 Oden
1281 639 1352 666 ΧΠ.
1396 631 1436 668 L.

862 693 914 722 22
951 681 1081 721 Colore
1109 681 1325 734 mustellino]
1358 688 1466 724 Erra-

806 738 862 776 uit
880 739 1103 785 Terentius,
1135 752 1219 778 non
1237 739 1465 794 intelligens

807 794 1110 833 Menandricum
1122 794 1227 843 illud,
1249 794 1380 836 au’oe'o‘es
1395 798 1466 837 ἐςὶν

806 848 977 897 ’γαλεώτης
1003 857 1105 898 ’γέρων
1135 853 1194 902 (R.
1224 851 1357 903 Steph.
1385 853 1464 892 edi-

805 906 880 946 dit:
899 909 1072 953 ’γαλεώτης
1093 908 1145 945 ἐςὶ
1160 906 1202 945 τδ
1221 911 1356 953 χρῶμα.
1382 909 1464 949 Sed

804 976 877 1014 pro
909 959 1035 1000 αὖτᾶσε
1062 963 1154 1015 lege
1173 962 1279 1006 αὖα-ὂς
1303 963 1356 1004 32*-
1386 968 1462 1018 Z.)-

802 1019 871 1059 Ait
899 1029 1028 1056 autem
1055 1018 1279 1069 stellionem,
1315 1022 1463 1061 animal

805 1074 910 1125 quod
930 1075 1094 1113 lacertae
1114 1088 1195 1114 non
1208 1075 1383 1118 diffimile
1392 1078 1458 1126 est,

802 1127 996 1169 maculoso
1015 1131 1120 1169 corio
1136 1146 1146 1169 :
1173 1145 1344 1184 namque
1360 1133 1462 1173 adid

803 1199 928 1238 genus
948 1186 1083 1225 coloris
1101 1186 1221 1226 facies
1233 1191 1461 1241 exprimitur

800 1240 1077 1282 Eunuchortm
1112 1245 1298 1294 corpor-iffi
1318 1245 1460 1299 (corpo-

802 1300 858 1336 ris
877 1296 986 1344 dele,
1019 1308 1084 1336 aut
1109 1309 1214 1337 muta
1240 1301 1281 1339 in
1304 1313 1462 1352 corpore

800 1353 877 1403 Z),
908 1353 1000 1403 quia
1026 1354 1206 1404 plerique
1222 1356 1461 1410 ⁸lentIginofi

802 1406 900 1447 sunt.
959 1409 1063 1447 Hinc
1085 1422 1181 1462 ergo
1199 1413 1456 1462 errauitideo,

802 1463 892 1514 quia
909 1466 1000 1509 γαλῆ
1019 1463 1177 1515 Mustela
1199 1465 1358 1517 dieitur,
1392 1487 1460 1517 γα-

801 1517 925 1562 λεώτης
951 1518 1087 1559 Stellm.
1121 1520 1165 1564 ὦς
1193 1525 1264 1573 παῤ
1293 1524 1458 1570 Α’ςις-σφᾰς,

801 1592 844 1613 νει
864 1580 892 1612 ἐν
909 1581 1069 1620 νεφέλαις.
1099 1574 1204 1619 ἥσθην
1219 1578 1374 1627 ’γαλεώτῃ
1398 1599 1458 1620 κα·

797 1638 983 1677 vaxia-amre
1002 1635 1174 1676 Σωκςᾶτες
1194 1632 1455 1690 (Vers,'174.J,

797 1691 881 1741 Ego
917 1685 1155 1727 Adefionem
1191 1685 1347 1740 sequor,
1386 1692 1455 1743 qui

797 1744 901 1783 recle
922 1743 1125 1793 intellexit,
1144 1745 1377 1786 Terentium
1386 1747 1455 1787 sci-

796 1809 948 1846 entem,
976 1797 1159 1849 mustelino
1180 1799 1300 1840 colore
1319 1806 1457 1843 Eunu-

795 1854 910 1893 chum
930 1852 1063 1893 dixisse
1089 1856 1318 1904 coloratum,
1349 1861 1454 1900 velut

795 1909 1010 1951 subliuido:
1040 1912 1128 1961 quia
1155 1925 1249 1951 vere
1276 1915 1453 1956 Eunuchi

795 1978 860 2007 aut
882 1980 931 2006 ex
949 1967 1220 2008 candidissimis
1241 1970 1454 2025 lentigino-

795 2023 823 2063 st
841 2022 948 2070 fiunt,
970 2033 1010 2061 vt
1030 2036 1078 2061 ex
1096 2024 1237 2075 Gallis,
1266 2036 1305 2064 et
1329 2027 1454 2067 huius-

797 2079 903 2120 modi
929 2078 1263 2119 Occidentalibus:
1307 2094 1372 2122 aut
1404 2099 1453 2124 ex

797 2133 909 2176 fiiscis
931 2132 1121 2183 subliuidi,
1147 2146 1185 2175 vt
1202 2149 1251 2175 ex
1272 2141 1455 2180 Armeni-

799 2193 844 2241 is,
863 2202 903 2230 et
924 2191 1005 2229 aliis
1028 2192 1298 2235 Orientalibus.
1343 2197 1398 2236 D.

857 2247 987 2287 Colere
1012 2245 1217 2299 mustelino]
1248 2252 1369 2305 Nigro
1389 2249 1454 2291 sci-

797 2303 897 2351 licet,
917 2303 980 2354 qui
1005 2303 1110 2342 color
1130 2303 1182 2342 est
1203 2304 1244 2343 in
1265 2307 1448 2356 mustelis,

797 2357 907 2411 supra
927 2359 1130 2398 domorum
1147 2361 1243 2401 tecla
1270 2365 1454 2403 currenti·

797 2416 882 2455 bus.
944 2418 987 2455 E.

848 2471 953 2525 Quae
969 2472 1055 2511 haec
1073 2471 1137 2526 cst]
1173 2475 1220 2514 In
1250 2472 1320 2516 Ms.
1343 2478 1384 2516 R.
1403 2476 1451 2529 cst

795 2527 1041 2571 desideratur.
1100 2533 1140 2570 L.
1467 2530 1470 2532 “

846 2584 1079 2629 Terentium
1121 2597 1226 2640 nego
1271 2583 1451 2640 scripfisse

907 2639 983 2681 Dd
1013 2651 1038 2692 5
1363 2643 1452 2684 Mu-
