<?xml version="1.0" encoding="UTF-8"?>
<!DOCTYPE html PUBLIC "-//W3C//DTD XHTML 1.0 Transitional//EN"
    "http://www.w3.org/TR/xhtml1/DTD/xhtml1-transitional.dtd">
<html xmlns="http://www.w3.org/1999/xhtml" xml:lang="en" lang="en">
 <head>
  <title>
</title>
<meta http-equiv="Content-Type" content="text/html;charset=utf-8" />
  <meta name='ocr-system' content='tesseract 3.04.00' />
  <meta name='ocr-capabilities' content='ocr_page ocr_carea ocr_par ocr_line ocrx_word'/>
</head>
<body>
  <div class='ocr_page' id='page_1' title='image "./comoediaesexexre01tereuoft_0700.png"; bbox 0 0 1815 3168; ppageno 0'>
   <div class='ocr_carea' id='block_1_1' title="bbox 323 137 416 180">
    <p class='ocr_par' dir='ltr' id='par_1_1' title="bbox 323 137 416 180">
     <span class='ocr_line' id='line_1_1' title="bbox 323 137 416 180; baseline -0.011 0"><span class='ocrx_word' id='word_1_1' title='bbox 323 137 416 180; x_wconf 76' lang='lat'><strong>602</strong></span> 
     </span>
    </p>
   </div>
   <div class='ocr_carea' id='block_1_2' title="bbox 460 248 1710 320">
    <p class='ocr_par' dir='ltr' id='par_1_2' title="bbox 460 248 1710 320">
     <span class='ocr_line' id='line_1_2' title="bbox 460 248 1710 320; baseline -0.007 -12"><span class='ocrx_word' id='word_1_2' title='bbox 460 259 489 309; x_wconf 90' lang='lat' dir='ltr'>S</span> <span class='ocrx_word' id='word_1_3' title='bbox 504 275 548 307; x_wconf 78' lang='lat' dir='ltr'><strong>v.</strong></span> <span class='ocrx_word' id='word_1_4' title='bbox 586 262 743 306; x_wconf 81' lang='lat' dir='ltr'>Immo,</span> <span class='ocrx_word' id='word_1_5' title='bbox 767 269 814 304; x_wconf 82' lang='lat' dir='ltr'><strong>vt</strong></span> <span class='ocrx_word' id='word_1_6' title='bbox 835 266 1003 320; x_wconf 82' lang='lat' dir='ltr'><strong>patrem</strong></span> <span class='ocrx_word' id='word_1_7' title='bbox 1024 263 1153 300; x_wconf 87' lang='lat' dir='ltr'><strong>tuum</strong></span> <span class='ocrx_word' id='word_1_8' title='bbox 1165 251 1254 299; x_wconf 84' lang='lat' dir='ltr'><strong>vidi</strong></span> <span class='ocrx_word' id='word_1_9' title='bbox 1280 248 1361 298; x_wconf 74' lang='lat' dir='ltr'><strong>esse</strong></span> <span class='ocrx_word' id='word_1_10' title='bbox 1376 250 1586 305; x_wconf 82' lang='lat' dir='ltr'><strong>habitum,</strong></span> <span class='ocrx_word' id='word_1_11' title='bbox 1609 252 1685 300; x_wconf 83' lang='lat' dir='ltr'><strong>diu</strong></span> <span class='ocrx_word' id='word_1_12' title='bbox 1707 268 1710 269; x_wconf 46' lang='lat'><em>⁷</em></span> 
     </span>
    </p>
   </div>
   <div class='ocr_carea' id='block_1_3' title="bbox 560 332 983 381">
    <p class='ocr_par' dir='ltr' id='par_1_3' title="bbox 560 332 983 381">
     <span class='ocr_line' id='line_1_3' title="bbox 560 332 983 381; baseline -0.012 0"><span class='ocrx_word' id='word_1_13' title='bbox 560 337 688 381; x_wconf 80' lang='lat' dir='ltr'><strong>etiam</strong></span> <span class='ocrx_word' id='word_1_14' title='bbox 707 333 833 379; x_wconf 85' lang='lat' dir='ltr'><strong>duras</strong></span> <span class='ocrx_word' id='word_1_15' title='bbox 855 332 983 378; x_wconf 86' lang='lat' dir='ltr'><strong>dabit.</strong></span> 
     </span>
    </p>
   </div>
   <div class='ocr_carea' id='block_1_4' title="bbox 707 126 1293 177">
    <p class='ocr_par' dir='ltr' id='par_1_4' title="bbox 707 126 1293 177">
     <span class='ocr_line' id='line_1_4' title="bbox 707 126 1293 177; baseline -0.01 0"><span class='ocrx_word' id='word_1_16' title='bbox 707 130 863 177; x_wconf 83' lang='lat' dir='ltr'><strong>ACT.</strong></span> <span class='ocrx_word' id='word_1_17' title='bbox 899 129 951 174; x_wconf 90' lang='lat'><strong>11.</strong></span> <span class='ocrx_word' id='word_1_18' title='bbox 984 126 1104 172; x_wconf 89' lang='lat' dir='ltr'><strong>SCE</strong></span> <span class='ocrx_word' id='word_1_19' title='bbox 1125 127 1188 171; x_wconf 85' lang='lat' dir='ltr'><strong>N.</strong></span> <span class='ocrx_word' id='word_1_20' title='bbox 1217 126 1293 171; x_wconf 89' lang='lat' dir='ltr'><strong>IV.</strong></span> 
     </span>
    </p>
   </div>
   <div class='ocr_carea' id='block_1_5' title="bbox 365 400 1689 777">
    <p class='ocr_par' dir='ltr' id='par_1_5' title="bbox 365 400 1689 777">
     <span class='ocr_line' id='line_1_5' title="bbox 459 400 1687 464; baseline -0.007 -6"><span class='ocrx_word' id='word_1_21' title='bbox 459 410 542 459; x_wconf 83' lang='lat' dir='ltr'><strong>BA</strong></span> <span class='ocrx_word' id='word_1_22' title='bbox 559 423 605 456; x_wconf 88' lang='lat' dir='ltr'><strong>e.</strong></span> <span class='ocrx_word' id='word_1_23' title='bbox 646 409 854 463; x_wconf 85' lang='lat' dir='ltr'><strong>Quisnam</strong></span> <span class='ocrx_word' id='word_1_24' title='bbox 888 406 959 452; x_wconf 88' lang='lat' dir='ltr'><strong>hic</strong></span> <span class='ocrx_word' id='word_1_25' title='bbox 993 401 1233 450; x_wconf 85' lang='lat' dir='ltr'>adolescens</span> <span class='ocrx_word' id='word_1_26' title='bbox 1264 400 1346 453; x_wconf 87' lang='lat' dir='ltr'><strong>est,</strong></span> <span class='ocrx_word' id='word_1_27' title='bbox 1389 403 1465 464; x_wconf 86' lang='lat' dir='ltr'><strong>qui</strong></span> <span class='ocrx_word' id='word_1_28' title='bbox 1503 403 1687 449; x_wconf 79' lang='lat' dir='ltr'>intuitur</span> 
     </span>
     <span class='ocr_line' id='line_1_6' title="bbox 558 477 1453 533; baseline -0.011 -1"><span class='ocrx_word' id='word_1_29' title='bbox 558 484 672 532; x_wconf 81' lang='lat' dir='ltr'><strong>nos?</strong></span> <span class='ocrx_word' id='word_1_30' title='bbox 709 480 795 528; x_wconf 81' lang='lat' dir='ltr'><strong>AN</strong></span> <span class='ocrx_word' id='word_1_31' title='bbox 814 494 861 529; x_wconf 86' lang='lat' dir='ltr'><strong>T.</strong></span> <span class='ocrx_word' id='word_1_32' title='bbox 898 481 966 533; x_wconf 84' lang='lat' dir='ltr'><strong>ah,</strong></span> <span class='ocrx_word' id='word_1_33' title='bbox 988 480 1127 525; x_wconf 85' lang='lat' dir='ltr'><strong>retine</strong></span> <span class='ocrx_word' id='word_1_34' title='bbox 1148 493 1233 530; x_wconf 83' lang='lat' dir='ltr'><strong>me,</strong></span> <span class='ocrx_word' id='word_1_35' title='bbox 1264 477 1453 523; x_wconf 81' lang='lat' dir='ltr'><strong>obsecro.</strong></span> 
     </span>
     <span class='ocr_line' id='line_1_7' title="bbox 459 549 1689 618; baseline -0.009 -11"><span class='ocrx_word' id='word_1_36' title='bbox 459 557 498 607; x_wconf 92' lang='lat' dir='ltr'>B</span> <span class='ocrx_word' id='word_1_37' title='bbox 515 575 545 607; x_wconf 87' lang='lat' dir='ltr'>A</span> <span class='ocrx_word' id='word_1_38' title='bbox 565 572 610 605; x_wconf 85' lang='lat' dir='ltr'><strong>C.</strong></span> <span class='ocrx_word' id='word_1_39' title='bbox 647 558 833 609; x_wconf 83' lang='lat' dir='ltr'>Amabo,</span> <span class='ocrx_word' id='word_1_40' title='bbox 858 555 963 618; x_wconf 86' lang='lat' dir='ltr'><strong>quid</strong></span> <span class='ocrx_word' id='word_1_41' title='bbox 976 553 1055 600; x_wconf 81' lang='lat' dir='ltr'><strong>tibi</strong></span> <span class='ocrx_word' id='word_1_42' title='bbox 1069 551 1160 598; x_wconf 85' lang='lat' dir='ltr'><strong>est?</strong></span> <span class='ocrx_word' id='word_1_43' title='bbox 1196 549 1283 597; x_wconf 86' lang='lat' dir='ltr'><strong>AN</strong></span> <span class='ocrx_word' id='word_1_44' title='bbox 1300 566 1352 598; x_wconf 89' lang='lat' dir='ltr'><strong>T.</strong></span> <span class='ocrx_word' id='word_1_45' title='bbox 1394 552 1689 617; x_wconf 80' lang='lat' dir='ltr'><strong>disperii,per-</strong></span> 
     </span>
     <span class='ocr_line' id='line_1_8' title="bbox 558 625 1297 692; baseline -0.014 -11"><span class='ocrx_word' id='word_1_46' title='bbox 558 638 587 681; x_wconf 86' lang='lat' dir='ltr'><strong>ii</strong></span> <span class='ocrx_word' id='word_1_47' title='bbox 618 633 782 680; x_wconf 84' lang='lat' dir='ltr'><strong>misera.</strong></span> <span class='ocrx_word' id='word_1_48' title='bbox 820 629 964 677; x_wconf 72' lang='grc' dir='ltr'><strong>ΒΑΕ.</strong></span> <span class='ocrx_word' id='word_1_49' title='bbox 1003 628 1109 692; x_wconf 87' lang='lat' dir='ltr'><strong>quid</strong></span> <span class='ocrx_word' id='word_1_50' title='bbox 1139 625 1297 691; x_wconf 83' lang='lat' dir='ltr'><strong>stupes,</strong></span> 
     </span>
     <span class='ocr_line' id='line_1_9' title="bbox 365 698 1684 777; baseline -0.011 -14"><span class='ocrx_word' id='word_1_51' title='bbox 365 731 423 777; x_wconf 87' lang='lat'><strong>25</strong></span> <span class='ocrx_word' id='word_1_52' title='bbox 461 709 719 775; x_wconf 82' lang='lat' dir='ltr'>Antiphila?</span> <span class='ocrx_word' id='word_1_53' title='bbox 755 705 890 754; x_wconf 77' lang='lat' dir='ltr'><strong>ANT.</strong></span> <span class='ocrx_word' id='word_1_54' title='bbox 928 698 1100 754; x_wconf 77' lang='lat' dir='ltr'><strong>videon&#39;</strong></span> <span class='ocrx_word' id='word_1_55' title='bbox 1127 703 1323 755; x_wconf 84' lang='lat' dir='ltr'><strong>Cliniam,</strong></span> <span class='ocrx_word' id='word_1_56' title='bbox 1348 701 1533 750; x_wconf 77' lang='lat' dir='ltr'><strong>annon?</strong></span> <span class='ocrx_word' id='word_1_57' title='bbox 1555 699 1684 750; x_wconf 69' lang='grc' dir='ltr'><strong>ΒΑΕ.</strong></span> 
     </span>
    </p>
   </div>
   <div class='ocr_carea' id='block_1_6' title="bbox 560 776 867 850">
    <p class='ocr_par' dir='ltr' id='par_1_6' title="bbox 560 776 867 850">
     <span class='ocr_line' id='line_1_10' title="bbox 560 776 867 850; baseline -0.016 -18"><span class='ocrx_word' id='word_1_58' title='bbox 560 800 693 850; x_wconf 87' lang='lat' dir='ltr'><strong>quem</strong></span> <span class='ocrx_word' id='word_1_59' title='bbox 713 776 867 838; x_wconf 72' lang='lat' dir='ltr'><strong>vides2</strong></span> 
     </span>
    </p>
   </div>
   <div class='ocr_carea' id='block_1_7' title="bbox 1581 849 1686 901">
    <p class='ocr_par' dir='ltr' id='par_1_7' title="bbox 1581 849 1686 901">
     <span class='ocr_line' id='line_1_11' title="bbox 1581 849 1686 901; baseline -0.029 0"><span class='ocrx_word' id='word_1_60' title='bbox 1581 849 1686 901; x_wconf 80' lang='lat' dir='ltr'><strong>CL.</strong></span> 
     </span>
    </p>
   </div>
   <div class='ocr_carea' id='block_1_8' title="bbox 328 995 1689 1063">
    <p class='ocr_par' dir='ltr' id='par_1_8' title="bbox 328 995 1689 1063">
     <span class='ocr_line' id='line_1_12' title="bbox 328 995 1689 1063; baseline -0.01 -16"><span class='ocrx_word' id='word_1_61' title='bbox 328 1009 516 1063; x_wconf 69' lang='lat' dir='ltr'><strong>ingenium</strong></span> <span class='ocrx_word' id='word_1_62' title='bbox 539 1003 600 1043; x_wconf 83' lang='lat' dir='ltr'><strong>hic</strong></span> <span class='ocrx_word' id='word_1_63' title='bbox 628 1001 770 1043; x_wconf 81' lang='lat' dir='ltr'><strong>eodem</strong></span> <span class='ocrx_word' id='word_1_64' title='bbox 796 997 903 1041; x_wconf 85' lang='lat' dir='ltr'><strong>sensu</strong></span> <span class='ocrx_word' id='word_1_65' title='bbox 929 1000 986 1040; x_wconf 82' lang='lat' dir='ltr'><strong>di·</strong></span> <span class='ocrx_word' id='word_1_66' title='bbox 1022 1000 1167 1052; x_wconf 83' lang='lat' dir='ltr'><strong>solute,</strong></span> <span class='ocrx_word' id='word_1_67' title='bbox 1199 1000 1329 1048; x_wconf 84' lang='lat' dir='ltr'><strong>duras,</strong></span> <span class='ocrx_word' id='word_1_68' title='bbox 1355 1011 1398 1039; x_wconf 80' lang='lat' dir='ltr'><strong>vt</strong></span> <span class='ocrx_word' id='word_1_69' title='bbox 1417 998 1554 1038; x_wconf 78' lang='lat' dir='ltr'><strong>dicitur</strong></span> <span class='ocrx_word' id='word_1_70' title='bbox 1571 995 1689 1036; x_wconf 64' lang='lat' dir='ltr'><strong>bonas·</strong></span> 
     </span>
    </p>
   </div>
   <div class='ocr_carea' id='block_1_9' title="bbox 316 1058 989 2061">
    <p class='ocr_par' dir='ltr' id='par_1_9' title="bbox 327 1058 985 1173">
     <span class='ocr_line' id='line_1_13' title="bbox 329 1058 985 1112; baseline -0.006 -10"><span class='ocrx_word' id='word_1_71' title='bbox 329 1066 442 1111; x_wconf 70' lang='lat' dir='ltr'><strong>citur,</strong></span> <span class='ocrx_word' id='word_1_72' title='bbox 484 1074 560 1112; x_wconf 90' lang='lat' dir='ltr'><strong>quo</strong></span> <span class='ocrx_word' id='word_1_73' title='bbox 589 1058 697 1112; x_wconf 85' lang='lat' dir='ltr'><strong>supra</strong></span> <span class='ocrx_word' id='word_1_74' title='bbox 721 1058 824 1099; x_wconf 87' lang='lat' dir='ltr'><strong>And.</strong></span> <span class='ocrx_word' id='word_1_75' title='bbox 860 1069 903 1107; x_wconf 88' lang='lat'><strong>1,</strong></span> <span class='ocrx_word' id='word_1_76' title='bbox 948 1070 985 1111; x_wconf 85' lang='lat'><strong>5,</strong></span> 
     </span>
     <span class='ocr_line' id='line_1_14' title="bbox 327 1121 491 1173; baseline -0.037 -11"><span class='ocrx_word' id='word_1_77' title='bbox 327 1134 396 1173; x_wconf 80' lang='lat'><strong>40.</strong></span> <span class='ocrx_word' id='word_1_78' title='bbox 454 1121 491 1157; x_wconf 86' lang='lat' dir='ltr'><strong>B.</strong></span> 
     </span>
    </p>

    <p class='ocr_par' dir='ltr' id='par_1_10' title="bbox 316 1173 989 2061">
     <span class='ocr_line' id='line_1_15' title="bbox 385 1173 986 1222; baseline -0.01 -10"><span class='ocrx_word' id='word_1_79' title='bbox 385 1188 438 1216; x_wconf 84' lang='lat'><strong>22</strong></span> <span class='ocrx_word' id='word_1_80' title='bbox 468 1173 603 1219; x_wconf 81' lang='lat' dir='ltr'><strong>Imnm,</strong></span> <span class='ocrx_word' id='word_1_81' title='bbox 644 1183 685 1209; x_wconf 82' lang='lat' dir='ltr'><strong>vt</strong></span> <span class='ocrx_word' id='word_1_82' title='bbox 712 1181 854 1222; x_wconf 82' lang='lat' dir='ltr'><strong>patrem</strong></span> <span class='ocrx_word' id='word_1_83' title='bbox 885 1180 986 1209; x_wconf 85' lang='lat' dir='ltr'><strong>tuum</strong></span> 
     </span>
     <span class='ocr_line' id='line_1_16' title="bbox 328 1226 987 1280; baseline -0.011 -11"><span class='ocrx_word' id='word_1_84' title='bbox 328 1233 410 1269; x_wconf 74' lang='lat' dir='ltr'><strong>vidi</strong></span> <span class='ocrx_word' id='word_1_85' title='bbox 446 1229 508 1279; x_wconf 66' lang='lat' dir='ltr'><strong>effe</strong></span> <span class='ocrx_word' id='word_1_86' title='bbox 537 1226 721 1280; x_wconf 67' lang='lat' dir='ltr'><strong>habitum]</strong></span> <span class='ocrx_word' id='word_1_87' title='bbox 768 1227 871 1267; x_wconf 81' lang='lat' dir='ltr'><strong>Cum</strong></span> <span class='ocrx_word' id='word_1_88' title='bbox 904 1237 987 1263; x_wconf 85' lang='lat' dir='ltr'><strong>non</strong></span> 
     </span>
     <span class='ocr_line' id='line_1_17' title="bbox 329 1279 988 1340; baseline -0.014 -14"><span class='ocrx_word' id='word_1_89' title='bbox 329 1286 442 1340; x_wconf 68' lang='lat' dir='ltr'><strong>possit</strong></span> <span class='ocrx_word' id='word_1_90' title='bbox 472 1297 542 1336; x_wconf 87' lang='lat' dir='ltr'><strong>per</strong></span> <span class='ocrx_word' id='word_1_91' title='bbox 579 1280 618 1322; x_wconf 82' lang='lat' dir='ltr'><strong>se</strong></span> <span class='ocrx_word' id='word_1_92' title='bbox 647 1285 764 1334; x_wconf 82' lang='lat' dir='ltr'><strong>Syrus</strong></span> <span class='ocrx_word' id='word_1_93' title='bbox 795 1279 988 1332; x_wconf 86' lang='lat' dir='ltr'><strong>Clitipho-</strong></span> 
     </span>
     <span class='ocr_line' id='line_1_18' title="bbox 328 1337 986 1394; baseline -0.012 -12"><span class='ocrx_word' id='word_1_94' title='bbox 328 1356 419 1383; x_wconf 79' lang='lat' dir='ltr'><strong>nem</strong></span> <span class='ocrx_word' id='word_1_95' title='bbox 444 1341 625 1394; x_wconf 80' lang='lat' dir='ltr'><strong>abigere,</strong></span> <span class='ocrx_word' id='word_1_96' title='bbox 652 1338 711 1377; x_wconf 65' lang='lat' dir='ltr'><strong>adv</strong></span> <span class='ocrx_word' id='word_1_97' title='bbox 726 1338 850 1377; x_wconf 85' lang='lat' dir='ltr'><strong>minas</strong></span> <span class='ocrx_word' id='word_1_98' title='bbox 870 1337 986 1388; x_wconf 87' lang='lat' dir='ltr'><strong>patris</strong></span> 
     </span>
     <span class='ocr_line' id='line_1_19' title="bbox 329 1392 986 1450; baseline -0.012 -13"><span class='ocrx_word' id='word_1_99' title='bbox 329 1397 525 1450; x_wconf 73' lang='lat' dir='ltr'>confugit,</span> <span class='ocrx_word' id='word_1_100' title='bbox 557 1405 674 1446; x_wconf 82' lang='lat' dir='ltr'><strong>quem</strong></span> <span class='ocrx_word' id='word_1_101' title='bbox 696 1392 809 1445; x_wconf 80' lang='lat' dir='ltr'><strong>fingit</strong></span> <span class='ocrx_word' id='word_1_102' title='bbox 837 1393 986 1431; x_wconf 82' lang='lat' dir='ltr'><strong>iratum.</strong></span> 
     </span>
     <span class='ocr_line' id='line_1_20' title="bbox 333 1448 985 1505; baseline -0.012 -11"><span class='ocrx_word' id='word_1_103' title='bbox 333 1456 421 1495; x_wconf 77' lang='lat' dir='ltr'><strong>Vidi</strong></span> <span class='ocrx_word' id='word_1_104' title='bbox 438 1452 498 1505; x_wconf 67' lang='lat' dir='ltr'><strong>effe</strong></span> <span class='ocrx_word' id='word_1_105' title='bbox 519 1450 704 1504; x_wconf 83' lang='lat' dir='ltr'><strong>habitum]</strong></span> <span class='ocrx_word' id='word_1_106' title='bbox 736 1449 855 1491; x_wconf 78' lang='lat' dir='ltr'><strong>Vario</strong></span> <span class='ocrx_word' id='word_1_107' title='bbox 867 1448 985 1487; x_wconf 90' lang='lat' dir='ltr'>modo</span> 
     </span>
     <span class='ocr_line' id='line_1_21' title="bbox 328 1502 987 1556; baseline -0.012 -6"><span class='ocrx_word' id='word_1_108' title='bbox 328 1510 508 1550; x_wconf 70' lang='lat' dir='ltr'><strong>homines</strong></span> <span class='ocrx_word' id='word_1_109' title='bbox 545 1505 665 1546; x_wconf 81' lang='lat' dir='ltr'><strong>habiti</strong></span> <span class='ocrx_word' id='word_1_110' title='bbox 702 1516 820 1556; x_wconf 87' lang='lat' dir='ltr'><strong>atque</strong></span> <span class='ocrx_word' id='word_1_111' title='bbox 859 1502 987 1542; x_wconf 70' lang='lat' dir='ltr'><strong>affeffi</strong></span> 
     </span>
     <span class='ocr_line' id='line_1_22' title="bbox 330 1558 989 1616; baseline -0.015 -9"><span class='ocrx_word' id='word_1_112' title='bbox 330 1565 408 1606; x_wconf 78' lang='lat' dir='ltr'><strong>esse</strong></span> <span class='ocrx_word' id='word_1_113' title='bbox 425 1559 598 1616; x_wconf 81' lang='lat' dir='ltr'><strong>possunt:</strong></span> <span class='ocrx_word' id='word_1_114' title='bbox 627 1560 765 1613; x_wconf 86' lang='lat' dir='ltr'><strong>quibus</strong></span> <span class='ocrx_word' id='word_1_115' title='bbox 775 1558 989 1600; x_wconf 84' lang='lat' dir='ltr'><strong>secundum</strong></span> 
     </span>
     <span class='ocr_line' id='line_1_23' title="bbox 329 1614 986 1668; baseline -0.017 -4"><span class='ocrx_word' id='word_1_116' title='bbox 329 1621 584 1664; x_wconf 75' lang='lat' dir='ltr'>Academicos</span> <span class='ocrx_word' id='word_1_117' title='bbox 614 1617 717 1657; x_wconf 85' lang='lat' dir='ltr'><strong>aliud</strong></span> <span class='ocrx_word' id='word_1_118' title='bbox 748 1617 865 1668; x_wconf 74' lang='lat' dir='ltr'><strong>&#39;atque</strong></span> <span class='ocrx_word' id='word_1_119' title='bbox 883 1614 986 1655; x_wconf 88' lang='lat' dir='ltr'><strong>aliud</strong></span> 
     </span>
     <span class='ocr_line' id='line_1_24' title="bbox 330 1670 986 1725; baseline -0.014 -7"><span class='ocrx_word' id='word_1_120' title='bbox 330 1679 494 1718; x_wconf 52' lang='lat' dir='ltr'><strong>ridetur.</strong></span> <span class='ocrx_word' id='word_1_121' title='bbox 553 1675 680 1714; x_wconf 79' lang='lat' dir='ltr'><em>Etiam</em></span> <span class='ocrx_word' id='word_1_122' title='bbox 715 1673 826 1712; x_wconf 80' lang='lat' dir='ltr'><em>duras</em></span> <span class='ocrx_word' id='word_1_123' title='bbox 863 1670 986 1725; x_wconf 78' lang='lat' dir='ltr'><em>dabit]</em></span> 
     </span>
     <span class='ocr_line' id='line_1_25' title="bbox 331 1727 988 1785; baseline -0.015 -9"><span class='ocrx_word' id='word_1_124' title='bbox 331 1729 716 1785; x_wconf 83' lang='lat' dir='ltr'><strong>Subintelligendum</strong></span> <span class='ocrx_word' id='word_1_125' title='bbox 742 1728 797 1767; x_wconf 87' lang='lat' dir='ltr'><strong>est</strong></span> <span class='ocrx_word' id='word_1_126' title='bbox 823 1729 886 1768; x_wconf 89' lang='lat' dir='ltr'><strong>vel</strong></span> <span class='ocrx_word' id='word_1_127' title='bbox 906 1727 988 1766; x_wconf 83' lang='lat' dir='ltr'><strong>lites</strong></span> 
     </span>
     <span class='ocr_line' id='line_1_26' title="bbox 330 1783 988 1841; baseline -0.014 -11"><span class='ocrx_word' id='word_1_128' title='bbox 330 1793 392 1830; x_wconf 75' lang='lat' dir='ltr'><strong>vel</strong></span> <span class='ocrx_word' id='word_1_129' title='bbox 409 1788 546 1841; x_wconf 60' lang='lat' dir='ltr'><strong>partes.</strong></span> <span class='ocrx_word' id='word_1_130' title='bbox 603 1790 645 1826; x_wconf 86' lang='lat' dir='ltr'><strong>Iu</strong></span> <span class='ocrx_word' id='word_1_131' title='bbox 666 1783 875 1833; x_wconf 85' lang='lat' dir='ltr'><strong>Eunucho,</strong></span> <span class='ocrx_word' id='word_1_132' title='bbox 905 1784 988 1822; x_wconf 86' lang='lat' dir='ltr'><strong>Du-</strong></span> 
     </span>
     <span class='ocr_line' id='line_1_27' title="bbox 331 1839 986 1897; baseline -0.011 -11"><span class='ocrx_word' id='word_1_133' title='bbox 331 1862 393 1887; x_wconf 76' lang='lat' dir='ltr'><strong>ras</strong></span> <span class='ocrx_word' id='word_1_134' title='bbox 434 1857 561 1897; x_wconf 87' lang='lat' dir='ltr'><strong>partes</strong></span> <span class='ocrx_word' id='word_1_135' title='bbox 597 1842 748 1894; x_wconf 62' lang='lat' dir='ltr'><strong>fiands</strong></span> <span class='ocrx_word' id='word_1_136' title='bbox 785 1839 986 1893; x_wconf 83' lang='lat' dir='ltr'><em>praedicas.</em></span> 
     </span>
     <span class='ocr_line' id='line_1_28' title="bbox 316 1895 985 1954; baseline -0.015 -11"><span class='ocrx_word' id='word_1_137' title='bbox 316 1906 377 1954; x_wconf 71' lang='lat' dir='ltr'><strong>¹Et</strong></span> <span class='ocrx_word' id='word_1_138' title='bbox 394 1913 519 1954; x_wconf 78' lang='lat' dir='ltr'><strong>partes</strong></span> <span class='ocrx_word' id='word_1_139' title='bbox 543 1898 656 1937; x_wconf 71' lang='lat' dir='ltr'><em>duras</em></span> <span class='ocrx_word' id='word_1_140' title='bbox 684 1898 912 1942; x_wconf 68' lang='grc' dir='ltr'><strong>μεταφορικῶς</strong></span> <span class='ocrx_word' id='word_1_141' title='bbox 938 1895 985 1934; x_wconf 82' lang='lat' dir='ltr'><strong>ab</strong></span> 
     </span>
     <span class='ocr_line' id='line_1_29' title="bbox 330 1952 705 1999; baseline -0.019 0"><span class='ocrx_word' id='word_1_142' title='bbox 330 1957 518 1999; x_wconf 62' lang='lat' dir='ltr'><strong>nitoribus</strong></span> <span class='ocrx_word' id='word_1_143' title='bbox 537 1952 705 1994; x_wconf 82' lang='lat' dir='ltr'><strong>scenicis.</strong></span> 
     </span>
     <span class='ocr_line' id='line_1_30' title="bbox 331 2005 986 2061; baseline -0.015 -7"><span class='ocrx_word' id='word_1_144' title='bbox 331 2015 444 2061; x_wconf 69' lang='lat' dir='ltr'><strong>dabit,</strong></span> <span class='ocrx_word' id='word_1_145' title='bbox 462 2012 539 2050; x_wconf 88' lang='lat' dir='ltr'><strong>hoc</strong></span> <span class='ocrx_word' id='word_1_146' title='bbox 558 2008 611 2049; x_wconf 84' lang='lat' dir='ltr'><strong>est</strong></span> <span class='ocrx_word' id='word_1_147' title='bbox 623 2039 631 2054; x_wconf 86' lang='lat'><em>‚</em></span> <span class='ocrx_word' id='word_1_148' title='bbox 667 2007 805 2046; x_wconf 88' lang='lat' dir='ltr'><strong>durum</strong></span> <span class='ocrx_word' id='word_1_149' title='bbox 823 2005 862 2046; x_wconf 82' lang='lat' dir='ltr'><strong>se</strong></span> <span class='ocrx_word' id='word_1_150' title='bbox 879 2019 986 2058; x_wconf 79' lang='lat' dir='ltr'><strong>prae-</strong></span> 
     </span>
    </p>
   </div>
   <div class='ocr_carea' id='block_1_10' title="bbox 331 2062 999 2110">
    <p class='ocr_par' dir='ltr' id='par_1_11' title="bbox 331 2062 999 2110">
     <span class='ocr_line' id='line_1_31' title="bbox 331 2062 999 2110; baseline -0.015 0"><span class='ocrx_word' id='word_1_151' title='bbox 331 2070 449 2110; x_wconf 77' lang='lat' dir='ltr'><strong>bebit.</strong></span> <span class='ocrx_word' id='word_1_152' title='bbox 504 2066 580 2106; x_wconf 89' lang='lat' dir='ltr'><strong>Vel</strong></span> <span class='ocrx_word' id='word_1_153' title='bbox 599 2062 768 2103; x_wconf 80' lang='lat' dir='ltr'><strong>absolute</strong></span> <span class='ocrx_word' id='word_1_154' title='bbox 785 2063 915 2108; x_wconf 78' lang='lat' dir='ltr'><strong>duras,</strong></span> <span class='ocrx_word' id='word_1_155' title='bbox 945 2072 999 2100; x_wconf 79' lang='lat' dir='ltr'><strong>vt·</strong></span> 
     </span>
    </p>
   </div>
   <div class='ocr_carea' id='block_1_11' title="bbox 273 2117 986 2394">
    <p class='ocr_par' dir='ltr' id='par_1_12' title="bbox 273 2117 986 2279">
     <span class='ocr_line' id='line_1_32' title="bbox 273 2117 985 2166; baseline -0.017 0"><span class='ocrx_word' id='word_1_156' title='bbox 273 2141 278 2142; x_wconf 48' lang='lat'><em>⁷</em></span> <span class='ocrx_word' id='word_1_157' title='bbox 331 2129 493 2166; x_wconf 68' lang='lat' dir='ltr'><strong>dicimus</strong></span> <span class='ocrx_word' id='word_1_158' title='bbox 514 2121 627 2161; x_wconf 80' lang='lat' dir='ltr'><strong>bonas</strong></span> <span class='ocrx_word' id='word_1_159' title='bbox 646 2120 683 2159; x_wconf 87' lang='lat' dir='ltr'><strong>ei</strong></span> <span class='ocrx_word' id='word_1_160' title='bbox 703 2119 820 2165; x_wconf 70' lang='lat' dir='ltr'><strong>dedit,</strong></span> <span class='ocrx_word' id='word_1_161' title='bbox 841 2117 903 2157; x_wconf 70' lang='lat' dir='ltr'><strong>vel</strong></span> <span class='ocrx_word' id='word_1_162' title='bbox 922 2117 985 2156; x_wconf 83' lang='lat' dir='ltr'><strong>da-</strong></span> 
     </span>
     <span class='ocr_line' id='line_1_33' title="bbox 329 2174 986 2233; baseline -0.015 -12"><span class='ocrx_word' id='word_1_163' title='bbox 329 2183 385 2222; x_wconf 72' lang='lat' dir='ltr'><strong>bit</strong></span> <span class='ocrx_word' id='word_1_164' title='bbox 429 2190 586 2233; x_wconf 78' lang='lat' dir='ltr'><strong>poenas,</strong></span> <span class='ocrx_word' id='word_1_165' title='bbox 656 2178 739 2217; x_wconf 71' lang='lat' dir='ltr'><strong>Cic.</strong></span> <span class='ocrx_word' id='word_1_166' title='bbox 787 2174 986 2227; x_wconf 75' lang='lat' dir='ltr'><strong>Qampri·</strong></span> 
     </span>
     <span class='ocr_line' id='line_1_34' title="bbox 329 2232 869 2279; baseline -0.019 -1"><span class='ocrx_word' id='word_1_167' title='bbox 329 2253 425 2279; x_wconf 65' lang='lat' dir='ltr'><strong>mum</strong></span> <span class='ocrx_word' id='word_1_168' title='bbox 443 2237 636 2274; x_wconf 79' lang='lat' dir='ltr'><strong>adueniens</strong></span> <span class='ocrx_word' id='word_1_169' title='bbox 655 2232 765 2271; x_wconf 83' lang='lat' dir='ltr'><em>dedit.</em></span> <span class='ocrx_word' id='word_1_170' title='bbox 823 2232 869 2272; x_wconf 92' lang='lat' dir='ltr'><strong>C.</strong></span> 
     </span>
    </p>

    <p class='ocr_par' dir='ltr' id='par_1_13' title="bbox 330 2285 983 2394">
     <span class='ocr_line' id='line_1_35' title="bbox 385 2285 983 2334; baseline -0.017 -1"><span class='ocrx_word' id='word_1_171' title='bbox 385 2294 467 2333; x_wconf 77' lang='lat' dir='ltr'><strong>Diu</strong></span> <span class='ocrx_word' id='word_1_172' title='bbox 493 2292 602 2329; x_wconf 82' lang='lat' dir='ltr'><strong>etiam</strong></span> <span class='ocrx_word' id='word_1_173' title='bbox 621 2288 737 2327; x_wconf 82' lang='lat' dir='ltr'><em>duras</em></span> <span class='ocrx_word' id='word_1_174' title='bbox 755 2285 888 2334; x_wconf 68' lang='lat' dir='ltr'><strong>dabit]</strong></span> <span class='ocrx_word' id='word_1_175' title='bbox 907 2285 983 2325; x_wconf 81' lang='lat' dir='ltr'><strong>Diu</strong></span> 
     </span>
     <span class='ocr_line' id='line_1_36' title="bbox 330 2340 983 2394; baseline -0.018 -4"><span class='ocrx_word' id='word_1_176' title='bbox 330 2351 446 2391; x_wconf 83' lang='lat' dir='ltr'><strong>etiam</strong></span> <span class='ocrx_word' id='word_1_177' title='bbox 472 2347 590 2386; x_wconf 78' lang='lat' dir='ltr'><strong>durus</strong></span> <span class='ocrx_word' id='word_1_178' title='bbox 618 2372 787 2388; x_wconf 81' lang='lat'><strong>.....</strong></span> <span class='ocrx_word' id='word_1_179' title='bbox 825 2340 983 2394; x_wconf 79' lang='lat' dir='ltr'><em>(adhuc)</em></span> 
     </span>
    </p>
   </div>
   <div class='ocr_carea' id='block_1_12' title="bbox 330 2405 984 2510">
    <p class='ocr_par' dir='ltr' id='par_1_14' title="bbox 330 2405 984 2510">
     <span class='ocr_line' id='line_1_37' title="bbox 330 2405 572 2447; baseline -0.025 0"><span class='ocrx_word' id='word_1_180' title='bbox 330 2405 473 2447; x_wconf 71' lang='lat' dir='ltr'><strong>existet.</strong></span> <span class='ocrx_word' id='word_1_181' title='bbox 528 2405 572 2442; x_wconf 85' lang='lat' dir='ltr'><strong>E.</strong></span> 
     </span>
     <span class='ocr_line' id='line_1_38' title="bbox 381 2453 984 2510; baseline -0.017 -9"><span class='ocrx_word' id='word_1_182' title='bbox 381 2465 424 2502; x_wconf 91' lang='lat' dir='ltr'><strong>In</strong></span> <span class='ocrx_word' id='word_1_183' title='bbox 445 2454 760 2510; x_wconf 79' lang='lat' dir='ltr'><strong>margineBemb.</strong></span> <span class='ocrx_word' id='word_1_184' title='bbox 772 2453 866 2494; x_wconf 83' lang='lat' dir='ltr'><strong>teste</strong></span> <span class='ocrx_word' id='word_1_185' title='bbox 877 2456 984 2493; x_wconf 83' lang='lat' dir='ltr'><strong>Faer-</strong></span> 
     </span>
    </p>
   </div>
   <div class='ocr_carea' id='block_1_13' title="bbox 328 2508 984 2622">
    <p class='ocr_par' dir='ltr' id='par_1_15' title="bbox 328 2508 984 2622">
     <span class='ocr_line' id='line_1_39' title="bbox 328 2508 983 2566; baseline -0.018 -8"><span class='ocrx_word' id='word_1_186' title='bbox 328 2531 393 2566; x_wconf 88' lang='lat' dir='ltr'><strong>no,</strong></span> <span class='ocrx_word' id='word_1_187' title='bbox 414 2513 595 2555; x_wconf 77' lang='lat' dir='ltr'><strong>adverba</strong></span> <span class='ocrx_word' id='word_1_188' title='bbox 611 2512 741 2550; x_wconf 74' lang='lat' dir='ltr'><em>Duras</em></span> <span class='ocrx_word' id='word_1_189' title='bbox 752 2509 865 2557; x_wconf 75' lang='lat' dir='ltr'><strong>dabit,</strong></span> <span class='ocrx_word' id='word_1_190' title='bbox 888 2508 983 2548; x_wconf 86' lang='lat' dir='ltr'><strong>haec</strong></span> 
     </span>
     <span class='ocr_line' id='line_1_40' title="bbox 329 2566 984 2622; baseline -0.017 -9"><span class='ocrx_word' id='word_1_191' title='bbox 329 2571 511 2622; x_wconf 79' lang='lat' dir='ltr'><strong>adscripta</strong></span> <span class='ocrx_word' id='word_1_192' title='bbox 526 2569 578 2608; x_wconf 88' lang='lat' dir='ltr'><strong>est</strong></span> <span class='ocrx_word' id='word_1_193' title='bbox 595 2567 881 2618; x_wconf 82' lang='lat' dir='ltr'><strong>interpretatio:</strong></span> <span class='ocrx_word' id='word_1_194' title='bbox 900 2566 984 2603; x_wconf 85' lang='lat' dir='ltr'><strong>Hoc</strong></span> 
     </span>
    </p>
   </div>
   <div class='ocr_carea' id='block_1_14' title="bbox 330 2619 984 2685">
    <p class='ocr_par' dir='ltr' id='par_1_16' title="bbox 330 2619 984 2685">
     <span class='ocr_line' id='line_1_41' title="bbox 330 2619 984 2685; baseline -0.015 -15"><span class='ocrx_word' id='word_1_195' title='bbox 330 2630 387 2683; x_wconf 77' lang='lat' dir='ltr'><strong>est,</strong></span> <span class='ocrx_word' id='word_1_196' title='bbox 412 2620 812 2685; x_wconf 63' lang='lat' dir='ltr'><strong>durumfiprqebebit,</strong></span> <span class='ocrx_word' id='word_1_197' title='bbox 844 2620 906 2661; x_wconf 77' lang='lat' dir='ltr'><strong>vel</strong></span> <span class='ocrx_word' id='word_1_198' title='bbox 921 2619 984 2661; x_wconf 82' lang='lat' dir='ltr'><strong>ab·</strong></span> 
     </span>
    </p>
   </div>
   <div class='ocr_carea' id='block_1_15' title="bbox 1035 1052 1692 1890">
    <p class='ocr_par' dir='ltr' id='par_1_17' title="bbox 1035 1052 1692 1890">
     <span class='ocr_line' id='line_1_42' title="bbox 1035 1052 1687 1108; baseline -0.008 -13"><span class='ocrx_word' id='word_1_199' title='bbox 1035 1059 1068 1095; x_wconf 83' lang='lat' dir='ltr'><strong>ei</strong></span> <span class='ocrx_word' id='word_1_200' title='bbox 1089 1057 1200 1103; x_wconf 83' lang='lat' dir='ltr'><strong>dedit,</strong></span> <span class='ocrx_word' id='word_1_201' title='bbox 1225 1057 1284 1095; x_wconf 85' lang='lat' dir='ltr'><strong>vel</strong></span> <span class='ocrx_word' id='word_1_202' title='bbox 1300 1054 1406 1095; x_wconf 84' lang='lat' dir='ltr'><em>dabit</em></span> <span class='ocrx_word' id='word_1_203' title='bbox 1425 1067 1577 1108; x_wconf 79' lang='lat' dir='ltr'><strong>poenas.</strong></span> <span class='ocrx_word' id='word_1_204' title='bbox 1628 1052 1687 1091; x_wconf 83' lang='lat' dir='ltr'><strong>Ci-</strong></span> 
     </span>
     <span class='ocr_line' id='line_1_43' title="bbox 1036 1109 1687 1165; baseline -0.006 -14"><span class='ocrx_word' id='word_1_205' title='bbox 1036 1125 1139 1151; x_wconf 74' lang='lat' dir='ltr'><strong>cero:</strong></span> <span class='ocrx_word' id='word_1_206' title='bbox 1166 1112 1288 1165; x_wconf 67' lang='lat' dir='ltr'><strong>Qum</strong></span> <span class='ocrx_word' id='word_1_207' title='bbox 1310 1113 1470 1163; x_wconf 85' lang='lat' dir='ltr'><strong>primum</strong></span> <span class='ocrx_word' id='word_1_208' title='bbox 1493 1109 1687 1149; x_wconf 75' lang='lat' dir='ltr'><strong>adueniens</strong></span> 
     </span>
     <span class='ocr_line' id='line_1_44' title="bbox 1035 1166 1688 1219; baseline -0.008 -12"><span class='ocrx_word' id='word_1_209' title='bbox 1035 1166 1173 1219; x_wconf 77' lang='lat' dir='ltr'><strong>dedisti.</strong></span> <span class='ocrx_word' id='word_1_210' title='bbox 1204 1180 1238 1207; x_wconf 84' lang='lat' dir='ltr'><strong>et</strong></span> <span class='ocrx_word' id='word_1_211' title='bbox 1265 1170 1305 1207; x_wconf 80' lang='lat' dir='ltr'><strong>in</strong></span> <span class='ocrx_word' id='word_1_212' title='bbox 1333 1167 1523 1207; x_wconf 81' lang='lat' dir='ltr'><strong>Verrini5:</strong></span> <span class='ocrx_word' id='word_1_213' title='bbox 1554 1166 1688 1204; x_wconf 83' lang='lat' dir='ltr'><strong>Verum</strong></span> 
     </span>
     <span class='ocr_line' id='line_1_45' title="bbox 1035 1220 1689 1276; baseline -0.009 -12"><span class='ocrx_word' id='word_1_214' title='bbox 1035 1227 1096 1265; x_wconf 79' lang='lat' dir='ltr'><em>illa</em></span> <span class='ocrx_word' id='word_1_215' title='bbox 1113 1223 1159 1275; x_wconf 84' lang='lat' dir='ltr'><strong>est</strong></span> <span class='ocrx_word' id='word_1_216' title='bbox 1176 1235 1264 1276; x_wconf 84' lang='lat' dir='ltr'><strong>prae</strong></span> <span class='ocrx_word' id='word_1_217' title='bbox 1284 1224 1315 1262; x_wconf 80' lang='lat'><strong>&#39;‘.</strong></span> <span class='ocrx_word' id='word_1_218' title='bbox 1371 1221 1561 1269; x_wconf 80' lang='lat' dir='ltr'><em>Habitum,</em></span> <span class='ocrx_word' id='word_1_219' title='bbox 1589 1220 1613 1258; x_wconf 84' lang='lat' dir='ltr'>fi</span> <span class='ocrx_word' id='word_1_220' title='bbox 1634 1222 1689 1259; x_wconf 83' lang='lat' dir='ltr'><strong>lo-</strong></span> 
     </span>
     <span class='ocr_line' id='line_1_46' title="bbox 1036 1276 1689 1329; baseline -0.008 -10"><span class='ocrx_word' id='word_1_221' title='bbox 1036 1293 1100 1320; x_wconf 87' lang='lat' dir='ltr'><strong>cus</strong></span> <span class='ocrx_word' id='word_1_222' title='bbox 1128 1279 1184 1319; x_wconf 87' lang='lat' dir='ltr'><strong>est</strong></span> <span class='ocrx_word' id='word_1_223' title='bbox 1208 1276 1338 1325; x_wconf 85' lang='lat' dir='ltr'><strong>sanus,</strong></span> <span class='ocrx_word' id='word_1_224' title='bbox 1368 1277 1546 1329; x_wconf 76' lang='lat' dir='ltr'><strong>intellige</strong></span> <span class='ocrx_word' id='word_1_225' title='bbox 1570 1277 1689 1315; x_wconf 83' lang='lat' dir='ltr'><strong>valen-</strong></span> 
     </span>
     <span class='ocr_line' id='line_1_47' title="bbox 1035 1333 1683 1389; baseline -0.008 -13"><span class='ocrx_word' id='word_1_226' title='bbox 1035 1350 1118 1385; x_wconf 85' lang='lat' dir='ltr'><strong>tem,</strong></span> <span class='ocrx_word' id='word_1_227' title='bbox 1130 1336 1395 1389; x_wconf 67' lang='lat' dir='ltr'><strong>corpulentgtm,</strong></span> <span class='ocrx_word' id='word_1_228' title='bbox 1413 1334 1477 1372; x_wconf 87' lang='lat' dir='ltr'><strong>diu</strong></span> <span class='ocrx_word' id='word_1_229' title='bbox 1489 1333 1683 1371; x_wconf 64' lang='lat' dir='ltr'><strong>vic&#39;lurum.</strong></span> 
     </span>
     <span class='ocr_line' id='line_1_48' title="bbox 1035 1388 1688 1434; baseline -0.009 -1"><span class='ocrx_word' id='word_1_230' title='bbox 1035 1396 1186 1434; x_wconf 89' lang='lat' dir='ltr'><strong>Verum</strong></span> <span class='ocrx_word' id='word_1_231' title='bbox 1212 1392 1299 1430; x_wconf 84' lang='lat' dir='ltr'><strong>talis</strong></span> <span class='ocrx_word' id='word_1_232' title='bbox 1324 1389 1477 1429; x_wconf 81' lang='lat' dir='ltr'><strong>habitus</strong></span> <span class='ocrx_word' id='word_1_233' title='bbox 1496 1388 1688 1430; x_wconf 73' lang='lat' dir='ltr'><strong>Menede‚</strong></span> 
     </span>
     <span class='ocr_line' id='line_1_49' title="bbox 1035 1444 1688 1488; baseline -0.011 0"><span class='ocrx_word' id='word_1_234' title='bbox 1035 1462 1099 1488; x_wconf 90' lang='lat' dir='ltr'><strong>mo</strong></span> <span class='ocrx_word' id='word_1_235' title='bbox 1116 1447 1247 1488; x_wconf 87' lang='lat' dir='ltr'><strong>labore</strong></span> <span class='ocrx_word' id='word_1_236' title='bbox 1270 1457 1309 1486; x_wconf 86' lang='lat' dir='ltr'><strong>et</strong></span> <span class='ocrx_word' id='word_1_237' title='bbox 1337 1457 1516 1484; x_wconf 82' lang='lat' dir='ltr'><strong>moerore</strong></span> <span class='ocrx_word' id='word_1_238' title='bbox 1543 1444 1688 1482; x_wconf 81' lang='lat' dir='ltr'><strong>tamdiu</strong></span> 
     </span>
     <span class='ocr_line' id='line_1_50' title="bbox 1035 1501 1691 1544; baseline -0.009 0"><span class='ocrx_word' id='word_1_239' title='bbox 1035 1515 1224 1544; x_wconf 82' lang='lat' dir='ltr'><strong>macerato</strong></span> <span class='ocrx_word' id='word_1_240' title='bbox 1244 1516 1324 1542; x_wconf 92' lang='lat' dir='ltr'><strong>non</strong></span> <span class='ocrx_word' id='word_1_241' title='bbox 1340 1501 1539 1540; x_wconf 83' lang='lat' dir='ltr'><strong>conuenit.</strong></span> <span class='ocrx_word' id='word_1_242' title='bbox 1580 1503 1691 1540; x_wconf 81' lang='lat' dir='ltr'><strong>Prae--</strong></span> 
     </span>
     <span class='ocr_line' id='line_1_51' title="bbox 1039 1555 1690 1612; baseline -0.009 -13"><span class='ocrx_word' id='word_1_243' title='bbox 1039 1571 1145 1601; x_wconf 86' lang='lat' dir='ltr'><strong>terea</strong></span> <span class='ocrx_word' id='word_1_244' title='bbox 1170 1560 1263 1612; x_wconf 83' lang='lat' dir='ltr'><strong>quid</strong></span> <span class='ocrx_word' id='word_1_245' title='bbox 1288 1557 1331 1597; x_wconf 85' lang='lat' dir='ltr'><strong>fit</strong></span> <span class='ocrx_word' id='word_1_246' title='bbox 1357 1559 1465 1597; x_wconf 79' lang='lat' dir='ltr'><em>duras</em></span> <span class='ocrx_word' id='word_1_247' title='bbox 1496 1555 1625 1595; x_wconf 81' lang='lat' dir='ltr'><strong>dabit?</strong></span> <span class='ocrx_word' id='word_1_248' title='bbox 1653 1568 1690 1593; x_wconf 83' lang='lat' dir='ltr'><strong>a·</strong></span> 
     </span>
     <span class='ocr_line' id='line_1_52' title="bbox 1038 1610 1692 1668; baseline -0.011 -12"><span class='ocrx_word' id='word_1_249' title='bbox 1038 1630 1112 1668; x_wconf 83' lang='lat' dir='ltr'><strong>qua</strong></span> <span class='ocrx_word' id='word_1_250' title='bbox 1124 1615 1303 1655; x_wconf 87' lang='lat' dir='ltr'><strong>omnibus</strong></span> <span class='ocrx_word' id='word_1_251' title='bbox 1315 1612 1587 1665; x_wconf 78' lang='lat' dir='ltr'><strong>interpretibus</strong></span> <span class='ocrx_word' id='word_1_252' title='bbox 1599 1610 1692 1650; x_wconf 86' lang='lat' dir='ltr'><strong>hae-</strong></span> 
     </span>
     <span class='ocr_line' id='line_1_53' title="bbox 1037 1669 1689 1720; baseline -0.009 -9"><span class='ocrx_word' id='word_1_253' title='bbox 1037 1683 1105 1712; x_wconf 83' lang='lat' dir='ltr'><strong>ret.</strong></span> <span class='ocrx_word' id='word_1_254' title='bbox 1123 1676 1204 1714; x_wconf 89' lang='lat' dir='ltr'><strong>Nos</strong></span> <span class='ocrx_word' id='word_1_255' title='bbox 1215 1669 1361 1710; x_wconf 86' lang='lat' dir='ltr'><strong>versum</strong></span> <span class='ocrx_word' id='word_1_256' title='bbox 1374 1684 1397 1708; x_wconf 93' lang='lat' dir='ltr'><strong>n</strong></span> <span class='ocrx_word' id='word_1_257' title='bbox 1405 1683 1491 1717; x_wconf 73' lang='lat' dir='ltr'>0115v</span> <span class='ocrx_word' id='word_1_258' title='bbox 1497 1669 1524 1706; x_wconf 92' lang='lat' dir='ltr'><strong>ti</strong></span> <span class='ocrx_word' id='word_1_259' title='bbox 1533 1671 1689 1720; x_wconf 84' lang='lat' dir='ltr'><strong>Guyeto</strong></span> 
     </span>
     <span class='ocr_line' id='line_1_54' title="bbox 1037 1723 1689 1778; baseline -0.011 -10"><span class='ocrx_word' id='word_1_260' title='bbox 1037 1727 1157 1769; x_wconf 86' lang='lat' dir='ltr'><strong>visum</strong></span> <span class='ocrx_word' id='word_1_261' title='bbox 1168 1727 1232 1776; x_wconf 76' lang='lat' dir='ltr'><strong>est&gt;</strong></span> <span class='ocrx_word' id='word_1_262' title='bbox 1253 1738 1291 1766; x_wconf 83' lang='lat' dir='ltr'><strong>vt</strong></span> <span class='ocrx_word' id='word_1_263' title='bbox 1301 1724 1467 1778; x_wconf 85' lang='lat' dir='ltr'><strong>spurium</strong></span> <span class='ocrx_word' id='word_1_264' title='bbox 1479 1723 1689 1764; x_wconf 80' lang='lat' dir='ltr'><strong>delendum</strong></span> 
     </span>
     <span class='ocr_line' id='line_1_55' title="bbox 1037 1780 1688 1838; baseline -0.014 -13"><span class='ocrx_word' id='word_1_265' title='bbox 1037 1796 1225 1838; x_wconf 83' lang='lat' dir='ltr'><strong>putamus,</strong></span> <span class='ocrx_word' id='word_1_266' title='bbox 1247 1780 1310 1822; x_wconf 91' lang='lat' dir='ltr'><strong>sed</strong></span> <span class='ocrx_word' id='word_1_267' title='bbox 1329 1780 1601 1835; x_wconf 82' lang='lat' dir='ltr'><strong>corrigendum</strong></span> <span class='ocrx_word' id='word_1_268' title='bbox 1614 1780 1688 1817; x_wconf 86' lang='lat' dir='ltr'><strong>ita:</strong></span> 
     </span>
     <span class='ocr_line' id='line_1_56' title="bbox 1037 1834 1686 1890; baseline -0.012 -10"><span class='ocrx_word' id='word_1_269' title='bbox 1037 1842 1175 1889; x_wconf 83' lang='lat' dir='ltr'><em>Immo,</em></span> <span class='ocrx_word' id='word_1_270' title='bbox 1208 1853 1250 1878; x_wconf 79' lang='lat' dir='ltr'><strong>vt</strong></span> <span class='ocrx_word' id='word_1_271' title='bbox 1282 1850 1426 1890; x_wconf 54' lang='lat' dir='ltr'><strong>patrem</strong></span> <span class='ocrx_word' id='word_1_272' title='bbox 1462 1849 1563 1876; x_wconf 83' lang='lat' dir='ltr'><strong>tuum</strong></span> <span class='ocrx_word' id='word_1_273' title='bbox 1596 1834 1686 1883; x_wconf 78' lang='lat' dir='ltr'><em>vidi,</em></span> 
     </span>
    </p>
   </div>
   <div class='ocr_carea' id='block_1_16' title="bbox 762 1890 1687 1990">
    <p class='ocr_par' dir='ltr' id='par_1_18' title="bbox 762 1890 1687 1990">
     <span class='ocr_line' id='line_1_57' title="bbox 1010 1890 1687 1950; baseline -0.009 -14"><span class='ocrx_word' id='word_1_274' title='bbox 1010 1925 1013 1927; x_wconf 55' lang='lat'>&gt;</span> <span class='ocrx_word' id='word_1_275' title='bbox 1035 1909 1158 1950; x_wconf 77' lang='lat' dir='ltr'><strong>partes</strong></span> <span class='ocrx_word' id='word_1_276' title='bbox 1173 1896 1238 1934; x_wconf 83' lang='lat' dir='ltr'><strong>diu</strong></span> <span class='ocrx_word' id='word_1_277' title='bbox 1258 1896 1369 1934; x_wconf 85' lang='lat' dir='ltr'><strong>etiam</strong></span> <span class='ocrx_word' id='word_1_278' title='bbox 1379 1895 1488 1932; x_wconf 69' lang='lat' dir='ltr'><strong>daras</strong></span> <span class='ocrx_word' id='word_1_279' title='bbox 1499 1890 1613 1930; x_wconf 85' lang='lat' dir='ltr'><strong>dabit.</strong></span> <span class='ocrx_word' id='word_1_280' title='bbox 1644 1893 1687 1930; x_wconf 92' lang='lat' dir='ltr'><strong>B.</strong></span> 
     </span>
     <span class='ocr_line' id='line_1_58' title="bbox 762 1951 1026 1990; baseline -0.004 0"><span class='ocrx_word' id='word_1_281' title='bbox 762 1953 838 1990; x_wconf 86' lang='lat' dir='ltr'><strong>Vel</strong></span> <span class='ocrx_word' id='word_1_282' title='bbox 856 1951 988 1990; x_wconf 79' lang='lat' dir='ltr'><em>Duras</em></span> <span class='ocrx_word' id='word_1_283' title='bbox 1024 1971 1026 1975; x_wconf 23' lang='grc' dir='ltr'><em>Α</em></span> 
     </span>
    </p>
   </div>
   <div class='ocr_carea' id='block_1_17' title="bbox 1031 1947 1688 2664">
    <p class='ocr_par' dir='ltr' id='par_1_19' title="bbox 1031 1947 1688 2449">
     <span class='ocr_line' id='line_1_59' title="bbox 1087 1947 1688 2003; baseline -0.01 -12"><span class='ocrx_word' id='word_1_284' title='bbox 1087 1963 1137 2003; x_wconf 83' lang='lat'><strong>23</strong></span> <span class='ocrx_word' id='word_1_285' title='bbox 1179 1951 1349 1990; x_wconf 80' lang='lat' dir='ltr'><strong>Intuitur</strong></span> <span class='ocrx_word' id='word_1_286' title='bbox 1389 1952 1475 1992; x_wconf 81' lang='lat' dir='ltr'><strong>nos]</strong></span> <span class='ocrx_word' id='word_1_287' title='bbox 1523 1947 1584 1987; x_wconf 87' lang='lat' dir='ltr'><strong>Ab</strong></span> <span class='ocrx_word' id='word_1_288' title='bbox 1626 1959 1688 1995; x_wconf 91' lang='lat' dir='ltr'><strong>eo,</strong></span> 
     </span>
     <span class='ocr_line' id='line_1_60' title="bbox 1034 2005 1688 2060; baseline -0.011 -13"><span class='ocrx_word' id='word_1_289' title='bbox 1034 2007 1139 2060; x_wconf 86' lang='lat' dir='ltr'>quod</span> <span class='ocrx_word' id='word_1_290' title='bbox 1157 2006 1210 2045; x_wconf 87' lang='lat' dir='ltr'><strong>est</strong></span> <span class='ocrx_word' id='word_1_291' title='bbox 1229 2007 1403 2053; x_wconf 85' lang='lat' dir='ltr'><strong>intueor,</strong></span> <span class='ocrx_word' id='word_1_292' title='bbox 1432 2005 1616 2048; x_wconf 86' lang='lat' dir='ltr'><strong>intuetur,</strong></span> <span class='ocrx_word' id='word_1_293' title='bbox 1647 2013 1688 2041; x_wconf 91' lang='lat' dir='ltr'><strong>et</strong></span> 
     </span>
     <span class='ocr_line' id='line_1_61' title="bbox 1031 2060 1688 2105; baseline -0.012 -1"><span class='ocrx_word' id='word_1_294' title='bbox 1031 2067 1161 2105; x_wconf 83' lang='lat' dir='ltr'><strong>intuor</strong></span> <span class='ocrx_word' id='word_1_295' title='bbox 1201 2063 1372 2101; x_wconf 80' lang='lat' dir='ltr'><strong>intuitur.</strong></span> <span class='ocrx_word' id='word_1_296' title='bbox 1428 2060 1486 2099; x_wconf 80' lang='lat' dir='ltr'><strong>Ah</strong></span> <span class='ocrx_word' id='word_1_297' title='bbox 1504 2064 1520 2098; x_wconf 95' lang='lat'><em>!</em></span> <span class='ocrx_word' id='word_1_298' title='bbox 1568 2060 1688 2098; x_wconf 79' lang='lat' dir='ltr'><strong>retine</strong></span> 
     </span>
     <span class='ocr_line' id='line_1_62' title="bbox 1032 2115 1688 2174; baseline -0.011 -15"><span class='ocrx_word' id='word_1_299' title='bbox 1032 2121 1104 2174; x_wconf 81' lang='lat' dir='ltr'><strong>me]</strong></span> <span class='ocrx_word' id='word_1_300' title='bbox 1135 2117 1360 2169; x_wconf 84' lang='lat' dir='ltr'><strong>Antiphilae</strong></span> <span class='ocrx_word' id='word_1_301' title='bbox 1379 2128 1470 2167; x_wconf 84' lang='lat' dir='ltr'><strong>prae</strong></span> <span class='ocrx_word' id='word_1_302' title='bbox 1481 2115 1688 2154; x_wconf 84' lang='lat' dir='ltr'><strong>nimialae·</strong></span> 
     </span>
     <span class='ocr_line' id='line_1_63' title="bbox 1036 2171 1688 2224; baseline -0.011 -9"><span class='ocrx_word' id='word_1_303' title='bbox 1036 2178 1129 2224; x_wconf 83' lang='lat' dir='ltr'><strong>titia,</strong></span> <span class='ocrx_word' id='word_1_304' title='bbox 1165 2172 1241 2213; x_wconf 84' lang='lat' dir='ltr'><strong>viso</strong></span> <span class='ocrx_word' id='word_1_305' title='bbox 1265 2173 1407 2219; x_wconf 78' lang='lat' dir='ltr'><strong>Clinia,</strong></span> <span class='ocrx_word' id='word_1_306' title='bbox 1430 2172 1561 2211; x_wconf 83' lang='lat' dir='ltr'><strong>animo</strong></span> <span class='ocrx_word' id='word_1_307' title='bbox 1582 2171 1688 2209; x_wconf 85' lang='lat' dir='ltr'><strong>male</strong></span> 
     </span>
     <span class='ocr_line' id='line_1_64' title="bbox 1035 2229 1686 2282; baseline -0.011 -11"><span class='ocrx_word' id='word_1_308' title='bbox 1035 2231 1112 2272; x_wconf 86' lang='lat' dir='ltr'><strong>esse</strong></span> <span class='ocrx_word' id='word_1_309' title='bbox 1144 2230 1283 2282; x_wconf 87' lang='lat' dir='ltr'><strong>coepit.</strong></span> <span class='ocrx_word' id='word_1_310' title='bbox 1337 2231 1433 2269; x_wconf 86' lang='lat' dir='ltr'><strong>Nam</strong></span> <span class='ocrx_word' id='word_1_311' title='bbox 1469 2238 1508 2266; x_wconf 89' lang='lat' dir='ltr'><strong>et</strong></span> <span class='ocrx_word' id='word_1_312' title='bbox 1536 2229 1686 2265; x_wconf 79' lang='lat' dir='ltr'><strong>animus</strong></span> 
     </span>
     <span class='ocr_line' id='line_1_65' title="bbox 1035 2295 1685 2336; baseline -0.011 -9"><span class='ocrx_word' id='word_1_313' title='bbox 1035 2302 1110 2327; x_wconf 81' lang='lat' dir='ltr'><strong>vna</strong></span> <span class='ocrx_word' id='word_1_314' title='bbox 1128 2300 1212 2325; x_wconf 86' lang='lat' dir='ltr'><strong>cum</strong></span> <span class='ocrx_word' id='word_1_315' title='bbox 1226 2298 1386 2336; x_wconf 86' lang='lat' dir='ltr'><strong>corpore</strong></span> <span class='ocrx_word' id='word_1_316' title='bbox 1399 2295 1685 2333; x_wconf 83' lang='lat' dir='ltr'><strong>nonnunquam</strong></span> 
     </span>
     <span class='ocr_line' id='line_1_66' title="bbox 1034 2338 1685 2384; baseline -0.011 -1"><span class='ocrx_word' id='word_1_317' title='bbox 1034 2342 1163 2384; x_wconf 75' lang='lat' dir='ltr'><strong>deficit</strong></span> <span class='ocrx_word' id='word_1_318' title='bbox 1182 2342 1311 2381; x_wconf 39' lang='lat' dir='ltr'><strong>*nimio</strong></span> <span class='ocrx_word' id='word_1_319' title='bbox 1338 2352 1536 2379; x_wconf 67' lang='lat' dir='ltr'><strong>moerore:</strong></span> <span class='ocrx_word' id='word_1_320' title='bbox 1567 2338 1616 2380; x_wconf 86' lang='lat' dir='ltr'><strong>fic</strong></span> <span class='ocrx_word' id='word_1_321' title='bbox 1645 2348 1685 2378; x_wconf 89' lang='lat' dir='ltr'><strong>et</strong></span> 
     </span>
     <span class='ocr_line' id='line_1_67' title="bbox 1033 2395 1629 2449; baseline -0.012 -9"><span class='ocrx_word' id='word_1_322' title='bbox 1033 2398 1225 2440; x_wconf 83' lang='lat' dir='ltr'><strong>interdum</strong></span> <span class='ocrx_word' id='word_1_323' title='bbox 1246 2397 1366 2435; x_wconf 84' lang='lat' dir='ltr'><strong>nimio</strong></span> <span class='ocrx_word' id='word_1_324' title='bbox 1387 2396 1545 2449; x_wconf 77' lang='lat' dir='ltr'><strong>gaudio.</strong></span> <span class='ocrx_word' id='word_1_325' title='bbox 1586 2395 1629 2434; x_wconf 82' lang='lat' dir='ltr'><strong>C.</strong></span> 
     </span>
    </p>

    <p class='ocr_par' dir='ltr' id='par_1_20' title="bbox 1031 2449 1686 2664">
     <span class='ocr_line' id='line_1_68' title="bbox 1087 2449 1686 2506; baseline -0.008 -12"><span class='ocrx_word' id='word_1_326' title='bbox 1087 2467 1139 2506; x_wconf 86' lang='lat'><strong>25</strong></span> <span class='ocrx_word' id='word_1_327' title='bbox 1163 2453 1309 2493; x_wconf 83' lang='lat' dir='ltr'><strong>Videon’</strong></span> <span class='ocrx_word' id='word_1_328' title='bbox 1325 2453 1494 2497; x_wconf 76' lang='lat' dir='ltr'><strong>Cliniam,</strong></span> <span class='ocrx_word' id='word_1_329' title='bbox 1511 2464 1558 2489; x_wconf 82' lang='lat' dir='ltr'><strong>an</strong></span> <span class='ocrx_word' id='word_1_330' title='bbox 1568 2464 1641 2488; x_wconf 88' lang='lat' dir='ltr'><strong>non</strong></span> <span class='ocrx_word' id='word_1_331' title='bbox 1649 2449 1686 2503; x_wconf 67' lang='grc' dir='ltr'><strong>ἲ]</strong></span> 
     </span>
     <span class='ocr_line' id='line_1_69' title="bbox 1031 2505 1686 2561; baseline -0.012 -11"><span class='ocrx_word' id='word_1_332' title='bbox 1031 2513 1157 2551; x_wconf 81' lang='lat' dir='ltr'><strong>Tanta</strong></span> <span class='ocrx_word' id='word_1_333' title='bbox 1182 2509 1326 2548; x_wconf 88' lang='lat' dir='ltr'><strong>laetitia</strong></span> <span class='ocrx_word' id='word_1_334' title='bbox 1347 2519 1426 2548; x_wconf 87' lang='lat' dir='ltr'><strong>erat</strong></span> <span class='ocrx_word' id='word_1_335' title='bbox 1444 2505 1686 2561; x_wconf 55' lang='lat' dir='ltr'><strong>Antiphilaeg</strong></span> 
     </span>
     <span class='ocr_line' id='line_1_70' title="bbox 1031 2561 1686 2616; baseline -0.008 -10"><span class='ocrx_word' id='word_1_336' title='bbox 1031 2577 1080 2611; x_wconf 76' lang='lat' dir='ltr'><strong>vt:</strong></span> <span class='ocrx_word' id='word_1_337' title='bbox 1091 2565 1153 2607; x_wconf 83' lang='lat' dir='ltr'><strong>etfi</strong></span> <span class='ocrx_word' id='word_1_338' title='bbox 1173 2576 1378 2604; x_wconf 64' lang='lat' dir='ltr'><strong>amatorem</strong></span> <span class='ocrx_word' id='word_1_339' title='bbox 1392 2561 1624 2616; x_wconf 74' lang='lat' dir='ltr'><strong>agnosceret,</strong></span> <span class='ocrx_word' id='word_1_340' title='bbox 1637 2561 1686 2601; x_wconf 87' lang='lat' dir='ltr'><strong>de</strong></span> 
     </span>
     <span class='ocr_line' id='line_1_71' title="bbox 1033 2619 1559 2664; baseline -0.01 -1"><span class='ocrx_word' id='word_1_341' title='bbox 1033 2636 1081 2664; x_wconf 84' lang='lat' dir='ltr'><strong>eo</strong></span> <span class='ocrx_word' id='word_1_342' title='bbox 1103 2633 1234 2663; x_wconf 86' lang='lat' dir='ltr'><strong>tamen</strong></span> <span class='ocrx_word' id='word_1_343' title='bbox 1252 2620 1457 2661; x_wconf 85' lang='lat' dir='ltr'><strong>dubitaret.</strong></span> <span class='ocrx_word' id='word_1_344' title='bbox 1515 2619 1559 2660; x_wconf 88' lang='lat' dir='ltr'><strong>C.</strong></span> 
     </span>
    </p>
   </div>
   <div class='ocr_carea' id='block_1_18' title="bbox 1801 0 1815 620">
    <p class='ocr_par' dir='ltr' id='par_1_21' title="bbox 1801 0 1815 620">
     <span class='ocr_line' id='line_1_72' title="bbox 1801 0 1815 620; baseline 0 2548"><span class='ocrx_word' id='word_1_345' title='bbox 1801 0 1815 620; x_wconf 95' lang='lat' dir='ltr'><strong> </strong></span> 
     </span>
    </p>
   </div>
   <div class='ocr_carea' id='block_1_19' title="bbox 1803 36 1809 747">
    <p class='ocr_par' dir='ltr' id='par_1_22' title="bbox 1803 36 1809 747">
     <span class='ocr_line' id='line_1_73' title="bbox 1803 36 1809 747; baseline 0 0"><span class='ocrx_word' id='word_1_346' title='bbox 1803 36 1809 747; x_wconf 95' lang='lat' dir='ltr'><strong> </strong></span> 
     </span>
    </p>
   </div>
   <div class='ocr_carea' id='block_1_20' title="bbox 1808 971 1815 1474">
    <p class='ocr_par' dir='ltr' id='par_1_23' title="bbox 1808 971 1815 1474">
     <span class='ocr_line' id='line_1_74' title="bbox 1808 971 1815 1474; baseline 0 0"><span class='ocrx_word' id='word_1_347' title='bbox 1808 971 1815 1474; x_wconf 95' lang='lat' dir='ltr'><strong> </strong></span> 
     </span>
    </p>
   </div>
   <div class='ocr_carea' id='block_1_21' title="bbox 1809 971 1813 1620">
    <p class='ocr_par' dir='ltr' id='par_1_24' title="bbox 1809 971 1813 1620">
     <span class='ocr_line' id='line_1_75' title="bbox 1809 971 1813 1620; baseline 0 0"><span class='ocrx_word' id='word_1_348' title='bbox 1809 971 1813 1620; x_wconf 95' lang='lat' dir='ltr'><strong> </strong></span> 
     </span>
    </p>
   </div>
   <div class='ocr_carea' id='block_1_22' title="bbox 1812 971 1815 1620">
    <p class='ocr_par' dir='ltr' id='par_1_25' title="bbox 1812 971 1815 1620">
     <span class='ocr_line' id='line_1_76' title="bbox 1812 971 1815 1620; baseline 0 0"><span class='ocrx_word' id='word_1_349' title='bbox 1812 971 1815 1620; x_wconf 95' lang='lat' dir='ltr'><strong> </strong></span> 
     </span>
    </p>
   </div>
   <div class='ocr_carea' id='block_1_23' title="bbox 1813 1115 1815 1620">
    <p class='ocr_par' dir='ltr' id='par_1_26' title="bbox 1813 1115 1815 1620">
     <span class='ocr_line' id='line_1_77' title="bbox 1813 1115 1815 1620; baseline 0 0"><span class='ocrx_word' id='word_1_350' title='bbox 1813 1115 1815 1620; x_wconf 95' lang='lat' dir='ltr'><strong> </strong></span> 
     </span>
    </p>
   </div>
  </div>
 </body>
</html>
