1815 3168
700 207 991 255 ANDRIA.
1431 217 1519 264 ¹55

287 339 421 395 Quod
433 338 589 398 vulgus
612 336 838 383 seruorum
861 333 976 379 solet,
998 329 1108 377 dolis
1122 337 1173 375 ut
1187 346 1258 377 me
1273 330 1523 376 deluderes:

224 433 251 480 ς
287 420 523 479 Propterea
556 412 676 475 quod
710 420 821 457 amat
852 407 982 454 filius.
1043 402 1204 451 DAV.
1256 400 1391 467 egon'¹
1418 402 1526 451 istuc

388 489 604 535 facerem?
642 485 716 533 Sl.
752 484 930 531 credidi:

286 564 426 628 quue
446 564 553 610 adeo
575 571 776 608 metuens
801 575 880 607 vos
901 557 1051 611 celaui,
1082 555 1204 620 quod
1222 571 1342 602 nunc
1370 554 1527 600 dicam

388 636 549 686 DAV.
583 636 722 701 quid?
761 633 837 681 Sl.
868 633 992 680 scies:

292 718 416 763 Nam
447 711 776 778 propemodum
806 708 947 756 habeo
969 706 1050 754 tibi
1069 708 1156 754 iam
1178 703 1326 752 fidem.
1368 702 1532 751 DAV.'

391 789 567 836 tandem
589 784 785 847 cognosti
807 786 883 848 qui
907 781 1027 832 fiem.
1060 790 1063 793 '
1475 788 1480 790 ’

294 862 373 913 SI.
402 868 514 910 Non
546 863 718 910 fuerant
749 862 927 925 nuptiae
949 859 1134 905 futurae.
1175 854 1224 904 D
1243 868 1340 902 AV.
1389 847 1531 918 quid?

389 940 516 985 non?
551 936 581 984 S
596 952 628 984 1.
666 936 737 983 sed
770 936 976 996 ea'gratia

293 1014 529 1067 simulaui,
562 1030 641 1061 vos
670 1022 718 1060 vt
747 1021 1057 1076 pertentarem.
1113 1004 1264 1055 DAV.
1299 1005 1406 1070 quid
1434 999 1531 1057 ais?

393 1094 420 1136 S
435 1103 470 1135 1.
503 1087 560 1135 fic
580 1105 649 1135 res
672 1087 746 1137 est.
776 1084 822 1133 D
836 1098 926 1132 AV.
961 1084 1075 1136 vide,

203 1183 264 1218 10
294 1168 543 1228 Nunquam
572 1162 679 1209 istuc
713 1163 839 1226 quiui
870 1177 954 1222 ego
978 1157 1239 1220 intelligere.
1276 1153 1384 1206 vah!
1428 1172 1531 1203 con-

393 1237 538 1286 filium
568 1227 803 1284 callidu‘ms

296 1313 375 1364 Sl.
405 1318 509 1361 Hoc
529 1313 654 1372 audi;
691 1324 739 1360 vt
760 1313 865 1359 hinc
886 1323 929 1360 te
941 1313 1124 1362 introire
1142 1306 1250 1364 iuffi,
1272 1317 1531 1375 opportune

398 1389 471 1437 hic
497 1386 548 1435 fit
567 1388 677 1436 mihi
700 1387 891 1436 obuiam.

1369 1462 1413 1505 D
1432 1476 1458 1503 Α
1479 1476 1530 1505 v.

223 1624 251 1665 4
280 1609 395 1665 Qtod
410 1609 544 1665 volgus
552 1606 824 1660 struorumsb-
872 1607 988 1648 iSium
1006 1607 1048 1646 in
1067 1602 1246 1652 secunda,
1264 1603 1355 1656 lege
1375 1603 1534 1641 cumin-

167 1668 235 1723 let]
266 1670 415 1711 Totum
442 1679 528 1704 cum
547 1667 824 1704 extenuatione
872 1664 1153 1715 tei-rogatione,
1190 1659 1334 1699 tandem
1369 1657 1532 1711 cognosti

166 1723 344 1777 protulit,
380 1734 562 1773 tanquam
589 1721 655 1772 qui
689 1718 825 1759 sarissa·
874 1721 937 1772 qui
956 1721 1074 1770 siem?
1127 1719 1167 1756 B.

170 1782 271 1818 erum
299 1778 461 1818 voluerit
486 1780 619 1826 DaUO,
651 1775 702 1814 ob
723 1788 826 1815 com-
933 1780 955 1822 8
1003 1773 1073 1814 Sed
1102 1785 1141 1810 ea
1170 1769 1323 1825 gratia]
1374 1769 1537 1819 Gratia‚'

166 1834 367 1886 probatam
384 1832 506 1872 fidem*
522 1833 615 1872 eius.
671 1833 719 1871 D.
874 1843 945 1882 pro
965 1826 1072 1868 causa
1089 1824 1226 1880 posuit,
1247 1840 1366 1866 noue.
1423 1827 1473 1866 D.

221 1902 248 1943 7
281 1891 381 1930 Nam
416 1888 680 1942 propemodum
708 1885 822 1927 habeo
930 1885 1002 1924 Sed
1019 1899 1058 1923 ea
1076 1897 1204 1939 grana
1219 1879 1413 1936 fi'mulaui]
1450 1881 1533 1921 Alii

165 1949 242 1986 iam
261 1943 470 1998 tibifidem]
501 1945 670 1984 Ridicula
690 1943 823 1982 dilatio
861 1938 918 1992 fic
945 1939 1057 1980 malm·
1087 1937 1354 1992 (dzffimulaui).
1406 1938 1535 1988 Siqui-

167 2004 250 2042 eius
269 2003 336 2050 rei,
367 2013 467 2052 quae
488 2000 563 2040 iam
586 1999 733 2040 dudum
755 2010 824 2038 110-
875 1998 965 2037 dem
972 1996 1186 2049 simulamus
1204 1996 1353 2049 ignota,
1371 1992 1536 2048 diffimu-

168 2070 206 2098 ta
233 2058 288 2097 est
317 2057 484 2096 auditori
503 2054 592 2108 (Ms.
613 2055 760 2096 Boend.
785 2065 825 2093 et
873 2055 987 2093 lamus
1019 2063 1119 2091 nota.
1178 2055 1227 2092 Et
1261 2051 1423 2102 exponit
1451 2063 1534 2088 cau-

168 2114 231 2154 ed.
258 2117 322 2155 Du
348 2115 389 2152 B.
438 2113 544 2152 Nota
563 2112 611 2165 est
630 2113 822 2151 audituro.
874 2109 952 2149 sam
973 2108 1121 2148 coniilii
1140 2105 1215 2154 sui3
1245 2119 1311 2147 vos
1329 2119 1372 2145 vt
1385 2117 1535 2156 perteu-

168 2172 270 2210 Nam
280 2169 554 2222 propemodum,
578 2174 606 2207 ’1.
628 2168 824 2207 admodum
875 2179 1005 2206 tarem.
1059 2168 1104 2205 E.

169 2227 385 2281 quandoque
406 2226 518 2265 etiam
529 2222 735 2280 fignificat,
753 2226 826 2262 iam
931 2234 956 2274 9
991 2221 1047 2261 Sic
1067 2218 1114 2271 est
1141 2217 1218 2272 res]
1256 2216 1376 2268 Quod
1395 2217 1534 2259 Graeci

169 2284 236 2323 hoc
254 2282 299 2334 est
314 2282 588 2335 propemodum,
604 2281 707 2319 cuius
725 2281 826 2319 aetus
877 2276 1031 2326 dicunt,
1063 2276 1150 2318 ἔτεος
1180 2273 1263 2320 ἔχει.
1319 2276 1368 2314 D.

171 2338 218 2391 cst
237 2338 464 2388 admodum).
519 2338 621 2376 Nam
633 2347 826 2390 propemo-
935 2346 986 2375 10
1025 2329 1232 2384 Numnam]
1272 2329 1377 2370 Nam
1410 2328 1534 2378 παςὲλ.

171 2395 258 2433 dum
278 2392 388 2433 habeo
406 2393 499 2446 iam]
528 2395 614 2433 Hoc
637 2391 690 2431 est
714 2403 829 2444 prope
878 2406 984 2433 κεται,
1002 2400 1040 2428 vt
1058 2390 1100 2427 in
1122 2386 1297 2441 quzfimm.
1351 2387 1403 2425 D.

171 2450 330 2496 modum,
350 2449 456 2488 cuius
477 2446 711 2488 accusatiuus
732 2447 786 2486 est
806 2461 827 2485 a
934 2444 1034 2498 Vah]
1079 2442 1302 2483 Interieftio
1331 2439 1384 2480 est
1402 2455 1450 2481 ex
1477 2440 1535 2481 af-

172 2506 312 2545 modus.
367 2508 417 2546 Ι).
876 2499 978 2541 seem
997 2500 1225 2540 admirantis
1245 2499 1306 2536 vel
1326 2496 1534 2551 indignan-

229 2560 325 2600 lllud
343 2559 423 2609 tibi,
443 2558 547 2611 quod
567 2556 715 2601 versum
728 2559 826 2599 adeo
877 2559 933 2597 tis.
988 2559 1029 2597 E.

173 2614 374 2663 deformat,
395 2629 475 2655 non
495 2615 550 2654 est
566 2629 651 2654 curn
677 2619 825 2655 Faerno
931 2617 985 2654 Vt
1001 2613 1096 2652 ierus
1113 2608 1155 2650 {it
1174 2611 1215 2649 in
1227 2622 1301 2665 ego,
1321 2623 1426 2661 pone
1445 2623 1533 2649 cum

173 2669 826 2723 equibusdamcodd.euocandum.
877 2682 955 2709 vno
1019 2665 1102 2710 cod.
1165 2665 1253 2720 zfluc
1301 2680 1366 2722 ego
1417 2667 1530 2720 quiz'q‘.

173 2729 382 2769 Caeterum
409 2739 494 2767 cum
521 2728 664 2769 tandem
686 2727 829 2768 habeat
876 2729 918 2768 B.
1487 2723 1494 2732 ⁶
