1815 3168
279 191 376 238 ²70

767 170 1138 218 PROLOGVS

414 297 602 354 Dedisse,
627 310 671 346 et
693 298 802 345 nihil
827 293 983 343 dedisse
1006 295 1245 341 verborum
1268 302 1437 341 tamen:
1460 326 1461 330 ,

319 395 380 442 25
416 379 617 425 Colacem
641 372 723 421 effe
743 374 888 419 Naeui
911 385 952 417 et
972 371 1108 416 Plauti
1130 381 1320 416 veterem
1342 368 1554 417 fabulam:

413 449 584 501 Parafiti
606 450 831 515 personam
854 441 958 493 inde
981 445 1176 496 ablatam,
1205 454 1249 490 et
1267 445 1431 490 militis.

416 530 462 576 Si
488 527 533 573 id
560 524 617 572 est
641 534 879 590 peccatum,
904 531 1128 585 peccatum
1149 515 1495 582 imprudentia'st

415 607 597 655 Poetae3
631 618 720 647 non
745 615 833 662 quo
854 598 1019 643 furtum
1041 595 1180 641 facere
1199 593 1425 641 studuerit.
1493 601 1497 604 '

417 676 472 724 Id
490 680 549 723 ita
573 673 668 728 effe,
694 692 769 722 vos
793 676 877 719 iam
898 671 1083 717 iudicare
1102 670 1319 734 poteritis.

322 770 388 818 30
421 753 553 801 Colax
576 750 812 797 Menandri
836 745 916 793 est:
957 748 1001 791 in
1026 762 1074 790 ea
1102 744 1161 790 est
1183 742 1388 808 parasitus
1417 743 1564 798 Colax,

420 833 478 877 Et
504 827 626 873 miles
651 824 884 886 gloriosus:
924 838 991 867 eas
1014 821 1053 866 se
1074 838 1164 866 non
1190 829 1321 880 negat

418 903 623 953 Personas
643 896 895 947 transtulisse
917 899 963 943 in
984 895 1250 943 Eunuchum
1269 895 1386 942 suam

286 1119 410 1149 tamen
439 1116 515 1143 non
542 1099 672 1154 dedtffe
703 1110 847 1149 nempe
864 1093 950 1140 Lus-

287 1165 362 1210 cio,
384 1174 461 1213 quo
483 1159 611 1198 minus
634 1153 951 1208 deprehenderet

285 1219 434 1259 ‚furtum
452 1215 595 1255 factum
616 1227 664 1254 ex
683 1213 827 1253 Colace
840 1210 950 1253 Plau-

288 1277 330 1315 ti.
390 1278 430 1315 B.

344 1341 400 1384 24
429 1327 481 1369 Et
496 1325 595 1368 nihil
610 1322 736 1376 ded1‘ffi
752 1321 948 1361 verborum

286 1385 427 1440 tamen]
457 1387 546 1431 Aut,
577 1381 778 1420 neminem
796 1375 947 1418 fefellis-

286 1441 350 1481 se:
379 1450 456 1489 aut,
480 1439 577 1479 nihil
588 1432 800 1489 apposuiffe
809 1435 860 1473 de
870 1430 947 1474 suo.

286 1498 342 1538 Et
376 1495 474 1538 nihil
504 1493 633 1546 dedg'ffi‘
669 1490 865 1530 verborum
894 1503 951 1529 ta-

287 1554 388 1609 men]
426 1557 506 1594 Aut
533 1549 734 1590 neminem
751 1543 953 1586 fefelliffe:

288 1613 379 1652 dare
396 1609 506 1649 enim
524 1604 648 1653 verba,
683 1603 866 1656 decipere
876 1601 928 1640 est
939 1615 951 1650 ς

290 1668 381 1720 quia
399 1665 466 1718 qui
484 1676 568 1703 rem
578 1660 781 1713 exspeffltt,
803 1669 842 1698 et
851 1658 951 1697 nihil

289 1733 445 1776 praeter
473 1718 589 1758 verba
624 1717 799 1762 inuenit,
842 1714 952 1753 deca

291 1789 381 1832 ptus
400 1776 467 1819 est.
479 1775 584 1815 vnde
603 1773 704 1819 alibi,
719 1769 838 1811 Verba
847 1772 954 1823 istaec

276 1835 388 1888 fiant.
430 1836 478 1873 Et
497 1844 520 1870 e
540 1830 740 1878 contrario,
760 1829 850 1867 Rem
872 1839 953 1866 cum

290 1892 424 1935 videas,
449 1886 599 1938 censeas.
640 1891 718 1926 Aut
735 1885 865 1923 aliter:
892 1884 953 1921 ni-

289 1946 347 1987 hil
366 1941 554 1984 addidiffe
573 1941 622 1982 de
631 1940 715 1979 stilo
728 1938 793 1979 suo
802 1942 952 1978 Teren-

292 2004 401 2043 tium.
459 2002 507 2042 D.

348 2069 400 2111 25
429 2054 570 2097 Naeuii
611 2052 735 2093 Colax
766 2046 952 2102 nusquam

290 2123 542 2154 memoratur.
599 2107 762 2149 Deinde
799 2104 952 2148 Luscius

290 2173 344 2211 ita
363 2182 445 2208 non
463 2163 607 2207 accusat
626 2163 869 2211 Terentium,
889 2159 956 2200 sed

293 2223 463 2273 excusat,
490 2223 582 2274 quia
599 2218 681 2274 ipse
699 2220 850 2259 Plautus
871 2230 952 2268 per-

291 2281 426 2323 sonam
445 2278 591 2331 parafiti
613 2287 653 2316 et
668 2277 797 2315 militis
815 2288 836 2313 a
855 2277 951 2313 Nae-

291 2341 358 2378 uio
377 2336 421 2375 fit
437 2336 593 2374 furatus.
630 2335 744 2372 Forte
761 2344 831 2383 pro
848 2330 953 2369 Nae-

290 2398 332 2434 ui
349 2407 395 2441 et,
414 2392 493 2444 legi
513 2389 630 2430 debet
652 2399 786 2439 nempe.
839 2389 880 2426 Β.

348 2452 402 2492 26
449 2446 607 2497 Parasiti
637 2444 830 2497 personam
865 2443 949 2481 inde

292 2503 474 2557 ablatam]
518 2506 567 2543 Et
598 2501 673 2539 hoc
709 2501 826 2539 mire:
864 2511 948 2537 non

294 2559 420 2603 versus
454 2559 596 2611 (Immo
635 2571 755 2608 quaml
779 2555 949 2594 maxime

292 2631 384 2658 cum
415 2612 577 2669 persona
604 2612 753 2653 Parafiti
780 2622 818 2650 et
846 2611 950 2650 Mili-

290 2676 339 2720 fis
364 2674 409 2716 iu
437 2673 613 2727 integros
635 2682 771 2709 eorum
788 2668 948 2720 loquen-

1592 967 1659 1017 Ex

999 1096 1094 1136 tium
1116 1094 1251 1136 versus.
1291 1096 1331 1137 Si
1351 1096 1461 1136 aliter
1479 1093 1656 1145 accipin,

998 1153 1156 1192 ridicula
1187 1154 1258 1191 erit
1286 1153 1495 1197 calumnia,
1527 1162 1579 1188 ne
1604 1148 1659 1188 di.

1001 1222 1102 1256 eam,
1148 1208 1332 1257 pudenda
1398 1211 1517 1249 Vnde
1557 1205 1656 1243 haec

998 1275 1090 1302 nota
1110 1264 1172 1302 vix
1182 1266 1336 1303 Donato
1356 1264 1492 1316 digna)
1512 1262 1656 1307 obiicit,

997 1319 1062 1359 sed
1094 1332 1164 1371 per
1198 1317 1398 1370 personam
1431 1314 1508 1356 esse
1544 1327 1658 1355 trans·

997 1377 1123 1415 latam.
1154 1375 1248 1426 quid
1279 1374 1446 1422 stultius,
1476 1383 1540 1411 aut
1558 1372 1669 1411 calm

997 1431 1180 1472 mniofius
1201 1431 1278 1471 dici
1297 1429 1441 1483 potest?
1499 1432 1547 1470 D.

1052 1499 1108 1541 27
1128 1488 1318 1528 Peccatum
1332 1487 1577 1538 imprudentia
1589 1482 1655 1538 est]

1000 1544 1044 1584 ld
1063 1543 1127 1593 est,
1155 1544 1397 1598 ignorantia:
1438 1553 1495 1592 vt,
1523 1546 1660 1593 impru-

1002 1603 1088 1640 dens
1114 1599 1249 1640 barum
1273 1612 1398 1640 rerum
1414 1596 1522 1651 (sunt
1542 1596 1657 1636 verba

1000 1657 1180 1697 Terentii
1196 1661 1298 1697 Eun.
1320 1669 1350 1706 Ι,
1377 1668 1415 1704 2,
1444 1655 1540 1707 56.).
1574 1666 1658 1694 non

999 1714 1109 1752 enim
1127 1712 1295 1752 stultitia,
1353 1711 1394 1750 Si
1416 1711 1458 1750 id
1474 1709 1520 1761 cst
1531 1721 1659 1762 pecca-

998 1783 1100 1817 tum,
1125 1780 1310 1822 peccatum
1338 1767 1582 1821 imprudentia
1610 1764 1658 1818 est

1003 1825 1168 1880 Poetae]
1213 1825 1341 1865 Primo
1371 1833 1490 1876 negat
1522 1834 1659 1873 pecca-

1002 1893 1095 1930 tum,
1106 1880 1253 1920 deinde
1263 1878 1444 1918 concedit
1453 1888 1494 1917 et
1503 1888 1655 1932 purgat.

1002 1936 1271 1990 Imprudentia]
1298 1934 1546 1988 Ignorantia,
1575 1947 1658 1973 non

1000 1993 1205 2044 imperitia.
1259 1989 1303 2029 Si
1334 1989 1376 2029 id
1402 1988 1448 2041 est
1469 2001 1658 2041 peccatum

1000 2047 1122 2091 πλοκῆ.
1154 2050 1253 2087 Nam
1268 2058 1453 2099 peccatum
1471 2044 1656 2096 superius,

1003 2116 1151 2144 nomen
1172 2101 1245 2144 est:
1279 2113 1319 2141 et
1336 2099 1511 2153 sequens,
1543 2103 1656 2154 parti-

1002 2161 1157 2212 cipium.
1213 2161 1261 2198 Et
1287 2159 1412 2210 primo
1436 2169 1555 2210 negat
1571 2171 1658 2210 pec-

1004 2227 1138 2255 catum.
1169 2213 1316 2253 deinde
1334 2213 1358 2252 fi
1378 2225 1576 2266 peccatum
1589 2213 1655 2263 est,

1001 2282 1142 2325 purgat
1170 2270 1210 2309 id
1229 2267 1353 2322 ipsum
1376 2270 1518 2308 veniali
1537 2270 1657 2321 quali-

1000 2339 1079 2369 tate
1123 2326 1170 2366 ab
1215 2324 1500 2378 imprudentiae
1543 2326 1668 2378 parti--

1002 2383 1104 2488 bug-8
1134 2386 1206 2479 1131Ῐο
1225 2441 1289 2492 qui
1303 2436 1549 2490 antiquissimi
1557 2437 1652 2478 libb.

998 2497 1100 2536 reue
1121 2509 1207 2549 quo.
1265 2498 1309 2535 B.

1056 2564 1107 2605 31
1146 2556 1255 2604 Lege
1287 2564 1348 2590 eas
1372 2546 1416 2602 J}
1452 2562 1549 2590 n1c
1578 2562 1654 2590 non

1002 2620 1123 2665 negat.
1180 2610 1223 2648 B.

1055 2676 1110 2721 32
1138 2663 1184 2707 In
1202 2661 1416 2707 Eunuchum
1435 2660 1659 2759 [immi-aeg
