1815 3168
677 109 987 155 ANDRIA.'

1414 123 1505 172 233

283 240 404 295 Quid
439 255 533 284 eam
567 237 693 283 tum?
734 235 909 282 suamne
943 230 1024 280 effe
1067 232 1235 279 aiebat?
1270 230 1315 279 C
1329 247 1375 281 R.
1418 252 1509 282 non

380 311 488 361 CH.
529 315 681 359 Cuiam
702 311 865 372 igitur?
904 306 1011 356 CR.
1046 309 1187 355 fratris
1209 306 1357 354 filiam.

149 427 153 429 Α
185 409 246 456 30
281 387 386 438 CH.
428 393 554 436 Certe
577 405 672 434 mea
704 385 776 436 est.
812 383 915 432 CR.
956 383 1062 447 quid
1085 384 1173 430 ais?
1212 381 1286 430 Sl.
1307 383 1440 446 quid
1464 394 1512 430 tu

377 464 469 511 ais?
500 463 534 510 P
547 477 577 508 A
593 478 647 510 Μ.
685 465 825 522 arrige
847 477 970 508 aures
993 457 1232 522 Pamphile.
1419 449 1422 451 ’

278 538 354 587 Sl.
390 541 480 594 Qui
504 538 672 585 credis?
711 533 817 583 CH.
848 537 1009 582 Phania
1028 534 1114 586 ille,
1135 534 1266 579 frater
1301 550 1425 579 meus
1445 533 1512 580 fu·

375 617 422 662 it.
461 612 535 660 Sl.
570 630 737 664 noram,
763 622 805 657 et
829 610 927 656 scio.

279 687 326 738 C
340 704 390 736 H.
428 693 467 735 Is
487 690 591 734 hinc
610 688 774 734 bellum
797 686 968 746 fugiens
981 721 994 738 ,
1026 698 1184 748 meque
1206 684 1251 728 in
1264 680 1406 728 Asiam
1415 699 1516 748 per.

374 765 567 828 sequens,
589 761 888 828 Proficiscitur.
1407 772 1411 779 ¹

281 845 408 889 Tum
428 840 546 886 illam
564 839 812 901 relinquere
832 837 904 883 hic'
925 834 985 882 est
996 836 1181 895 veritus;
1207 831 1375 898 postilla
1396 828 1516 879 nuhc

380 918 578 982 primum
599 914 771 967 audio„¹

438 1028 463 1060 a
572 1002 891 1067 ff'P5

152 1154 266 1194 ellam
278 1167 294 1202 ,²
318 1165 420 1204 quae
445 1164 537 1199 „cum
556 1151 624 1189 illo
648 1148 806 1201 nauiga-

152 1221 271 1258 uerat‚
292 1208 409 1247 filiam
429 1202 552 1255 suam,
583 1206 672 1245 ideo
692 1204 805 1242 dicit:

154 1267 309 1306 Vtinam
337 1265 403 1302 hoc
421 1262 494 1314 fit,
532 1262 680 1313 inquit,
710 1259 809 1313 quod

142 1323 267 1373 spero.
324 1323 373 1360 Et
405 1319 618 1370 interrogat
657 1330 705 1354 an
741 1316 809 1353 ille

153 1376 298 1417 Phania
341 1374 460 1413 filiam
509 1371 610 1411 suam
656 1371 810 1410 diceret.

157 1431 279 1483 Quod
306 1443 390 1468 cum
415 1425 583 1475 audisset,
616 1425 813 1465 confirma-

156 1490 213 1527 uit
234 1486 413 1531 dicendo,
435 1496 530 1524 certe
548 1497 623 1522 mea
641 1482 697 1532 est.
726 1485 767 1521 E.

208 1543 309 1583 Dele
328 1553 418 1586 tum,
441 1540 544 1591 quod
563 1538 666 1577 abest
687 1553 708 1576 a
728 1536 812 1575 cod.

156 1597 342 1645 Petrenfi,
374 1595 472 1634 nihil
493 1593 645 1633 confert
662 1590 815 1632 senten·

160 1655 247 1703 tiae,
269 1664 309 1692 et
327 1663 451 1691 metro
468 1658 672 1704 repugnat.
729 1651 771 1688 Β.

160 1780 163 1782 ·
214 1777 267 1818 29
281 1765 406 1804 Cuiam
418 1763 569 1817 igitur?]
582 1758 813 1807 Vetuste,cu-

159 1824 243 1861 iam.
274 1819 379 1871 quod
401 1817 581 1857 omnibus
602 1815 814 1870 generibus

159 1875 362 1916 etzcafibus
383 1872 507 1913 seruit.
563 1876 613 1913 D.

213 1936 320 1986 Lege
336 1931 439 1970 aibat
457 1929 507 1969 ob
533 1938 710 1969 metrum.
745 1930 785 1983 Β.

168 2076 171 2080 .
215 2057 269 2098 30
296 2045 432 2099 Arrige
449 2044 575 2088 auris,
608 2036 816 2091 Pamphile]

161 2100 380 2140 Translatio
419 2114 441 2139 a
479 2095 700 2150 pecudibus,
738 2096 819 2146 qui-

162 2154 234 2196 bus
262 2155 386 2195 verbis
412 2153 598 2201 intendit,
628 2151 819 2202 accipien-

164 2211 252 2251 dam
272 2208 348 2250 efi'e
371 2224 505 2251 vocem
525 2212 622 2260 (An,
644 2209 822 2258 arripien-

167 2270 274 2307 dam?
303 2270 367 2307 W.
417 2271 468 2307 At
495 2265 586 2304 haut
607 2263 723 2302 dubie
743 2263 822 2314 leg.

168 2322 296 2376 quibus
323 2336 430 2362 aures
450 2323 693 2361 intenduntur
710 2320 822 2368 adhae-

124 2383 127 2385 ’
169 2379 368 2431 cipiendam
392 2392 524 2418 vocem.
553 2380 626 2428 Z).
685 2377 823 2428 Arrige

1395 986 1519 1069 Q'uid

857 1155 958 1184 tum:
993 1145 1125 1185 votiua
1163 1145 1271 1184 enim
1304 1141 1392 1184 sunt
1419 1156 1519 1195 quae

857 1202 1102 1241 nunciantur.
1162 1205 1205 1241 E.
1309 1234 1311 1236 .

913 1259 1057 1313 Arrige
1090 1259 1218 1307 auris]
1264 1259 1417 1297 Plautus
1445 1258 1520 1295 Ru-

859 1312 967 1353 dent.
1005 1327 1050 1362 v,
1092 1325 1136 1361 2,
1187 1317 1254 1355 61.
1312 1314 1385 1352 Suo
1425 1311 1521 1351 mihi

860 1369 919 1408 hic
938 1367 1110 1418 ftrmone
1139 1370 1289 1407 arrexit
1307 1369 1420 1406 auris.
1452 1367 1522 1406 hu-

860 1426 918 1463 ius
947 1424 1156 1463 locutionis
1185 1423 1280 1462 illud
1299 1423 1450 1464 Sallust:
1478 1437 1522 1462 a·

861 1478 942 1532 pud
976 1480 1158 1519 Diomed.
1196 1481 1345 1520 arrexit
1380 1482 1523 1519 animos

861 1535 1030 1575 militum.
1088 1538 1128 1575 L.

916 1603 965 1643 31
997 1592 1166 1635 Noram,
1196 1589 1342 1640 etscio]
1371 1590 1523 1629 Noram

862 1645 1069 1695 Phaniam,
1096 1646 1177 1696 scio
1203 1644 1363 1685 fratrem·
1392 1642 1519 1684 fuiffe.

862 1705 966 1754 Ergo
992 1712 1032 1742 et
1058 1700 1106 1740 ad
1139 1699 1363 1755 personam,
1403 1711 1443 1740 et
1473 1699 1522 1740 ad

863 1771 946 1797 rem
967 1758 1106 1796 retulit.
1163 1760 1214 1797 D.

908 1812 998 1861 Jlle,
1038 1815 1173 1865 frater
1216 1816 1336 1864 meus]
1383 1811 1525 1863 Implet

865 1870 969 1921 quod
989 1882 1158 1909 errorem
1175 1868 1331 1915 fecerat,
1354 1879 1393 1907 vt
1411 1868 1525 1907 doce-

865 1925 1037 1965 atfiliam
1058 1923 1172 1964 suam.
1228 1928 1271 1967 E.

922 1994 976 2035 32
1019 1982 1154 2033 Meque
1189 1983 1229 2019 in
1257 1979 1382 2033 Asiam
1405 1977 1525 2032 perfi-

867 2051 993 2090 quens,
1009 2036 1274 2090 proficiscitur]
1303 2036 1463 2076 Benein
1472 2040 1526 2075 A·

866 2093 968 2140 fiam,
994 2093 1057 2131 vbi
1077 2092 1219 2132 bellum
1241 2105 1325 2131 non
1346 2102 1434 2139 erat,
1457 2089 1525 2130 sed

868 2151 911 2188 in
931 2148 1106 2189 Graecia.
1159 2151 1207 2188 Et
1229 2146 1332 2199 perse
1358 2160 1443 2186 uens
1470 2147 1525 2186 di-

870 2206 939 2253 cit,
967 2203 1313 2256 perseum-ationem
1330 2160 1526 2254 ffequenfis
1541 2230 1543 2232 v

872 2260 1090 2300 ostendens.
1147 2260 1384 2312 Persequitur
1416 2259 1526 2298 enim

872 2317 938 2368 qui
965 2330 1048 2355 non
1067 2315 1205 2354 definit
1222 2313 1340 2366 sequi.
1395 2315 1527 2368 Virgi-

872 2374 943 2411 lius
963 2374 1080 2424 (Aen.
1103 2385 1160 2418 lx,
1193 2373 1329 2424 217.),
1356 2371 1462 2428 ‚Qae
1489 2384 1528 2409 te

171 2438 284 2477 auris,
304 2433 502 2486 Pamphile]
533 2435 620 2473 Hoc
640 2433 744 2472 Simo
770 2431 823 2469 vi-
863 2428 965 2480 sola,
999 2432 1108 2480 puer,
1142 2428 1264 2466 multis
1291 2440 1308 2465 e
1333 2426 1528 2476 matribus,

169 2490 281 2529 detur
302 2489 442 2528 dicere.
500 2494 556 2530 Vt
584 2488 648 2528 alii
672 2496 822 2539 putant,

171 2543 250 2598 ipse
265 2544 330 2583 fibi
351 2545 581 2596 Pamphilus.
635 2546 682 2583 D.

225 2603 364 2656 Arrige
382 2603 502 2650 aures]
530 2606 746 2645 κακέμφατον
759 2596 823 2636 est.

171 2656 370 2711 Significat
388 2667 529 2706 tamen,
549 2655 712 2696 intende
722 2653 822 2694 audi.

873 2484 962 2535 aufie
982 2484 1226 2536 Persequitur.
1283 2485 1334 2522 D.

931 2553 980 2593 33
1011 2544 1119 2593 Lege
1150 2539 1223 2577 hoc
1246 2538 1401 2578 ordine:
1435 2538 1529 2576 Tum

874 2595 973 2636 illam
994 2595 1053 2636 hic
1083 2596 1288 2650 relinquere
1312 2597 1453 2636 veritus
1470 2592 1527 2645 cst.

872 2655 914 2697 Β.
