1815 3168
353 145 455 204 464

766 137 929 183 ACT.
962 136 1022 182 V.
1057 132 1251 180 SCEN.
1280 134 1313 180 1.

488 265 677 316 Istucine
698 265 972 312 interminata
993 263 1084 309 sum
1118 261 1224 308 hinc
1257 259 1403 307 abiens
1430 259 1542 307 tibi?

397 361 455 409 15
496 342 583 391 ΡΥ.
622 341 744 396 Quid
766 339 985 387 facerem?
1023 341 1080 384 ita
1101 347 1146 384 vt
1172 347 1218 382 tu
1245 335 1369 395 iusti,
1400 335 1475 383 soli
1496 331 1718 383 credita'st'.

492 415 607 465 Tu.
644 415 837 467 Scelesta,
859 415 968 478 lupo
993 428 1125 459 ouem
1147 409 1406 458 commifisti.
1449 410 1660 474 dispudet,

493 497 564 544 Sic
583 494 693 541 mihi
717 487 917 538 data'effe
936 488 1083 537 verba.
1124 487 1232 552 quid
1251 486 1338 534 illic
1358 485 1551 533 hominis
1578 485 1669 533 est?

356 715 473 773 pltat:
499 727 584 768 pr0,
607 712 657 752 ob
676 711 728 751 id.
786 708 832 749 Id
859 706 1015 763 opinor]

358 773 513 816 callide
539 768 690 823 Pythias
722 767 868 820 opinor
911 765 1018 814 dixit,

357 843 448 870 cum
480 826 576 867 sciat.
633 824 739 879 Qtid
771 826 849 871 ais,
867 821 1019 873 fizcrile—

356 885 459 943 ga?]
494 882 644 931 αὔξησις.
688 883 788 921 Nam
807 878 1019 931 primofie-

357 941 468 993 lesta,
503 937 652 979 deinde
671 932 838 986 venefica,
879 933 1020 987 postre-

357 1011 423 1038 mo
435 994 629 1048 fizcrilega.
684 995 733 1033 D.

413 1052 523 1107 Qid
543 1054 622 1097 ais,
642 1044 854 1100 fizcrilega?
883 1042 1022 1095 istucci-

357 1109 459 1162 ne?]
519 1104 635 1157 Quali
661 1102 850 1142 intendat
861 1101 1019 1147 crimen,

357 1163 467 1218 quod
502 1174 634 1213 neque
668 1158 885 1198 custodierit
909 1156 1021 1210 virgi-

356 1234 464 1262 nem.
489 1223 541 1260 At
559 1217 623 1256 illa
643 1225 852 1268 praecepto
878 1210 917 1252 se
937 1225 1020 1265 par-

357 1274 455 1317 uifle
472 1270 700 1325 respondet:
718 1268 1020 1326 Qidflzcerem?

356 1336 414 1376 ita
432 1333 491 1373 vti
510 1330 605 1383 iusti,
620 1329 695 1380 soli
714 1325 904 1379 credita’st.
935 1327 979 1366 E.

418 1401 471 1443 14
493 1387 648 1441 Istucine
665 1386 904 1425 interminata
910 1378 1019 1435 fiam]

357 1445 458 1486 Satis
485 1443 703 1486 moraliter,
735 1437 886 1492 Istucine
907 1439 1019 1477 inter-2

356 1505 502 1542 minata
524 1498 635 1552 flam:
677 1511 766 1550 pro,
798 1497 903 1534 Num
932 1493 1020 1546 tssuc

357 1555 434 1600 tibi
471 1558 693 1597 comminata
720 1551 839 1605 fiam?
899 1551 1021 1605 ffluci-

358 1627 405 1655 ne
417 1615 660 1653 interminata
670 1610 772 1662 fiam,
794 1608 877 1648 hinc
898 1606 1022 1647 abiens

358 1669 490 1725 tibi2]
521 1674 694 1721 Apparet
714 1667 810 1706 haec
830 1664 914 1717 post
934 1666 1022 1705 Sce-

357 1741 452 1767 nam
479 1724 557 1765 effe
590 1723 783 1764 mandata.
837 1722 937 1762 Nam
968 1714 1021 1758 suss

358 1796 428 1836 pra
455 1796 537 1822 non
566 1781 751 1821 meminit
779 1779 881 1828 (Cur
913 1773 1021 1819 non?

357 1839 466 1879 Vide
483 1851 556 1885 111,
577 1850 618 1883 2,
640 1838 747 1890 52.):
778 1831 842 1874 sed
872 1830 1023 1872 dixerat

360 1905 522 1943 tantum,
540 1893 624 1932 Hos
635 1893 745 1943 prius
765 1890 1021 1931 introducam:

358 1964 395 1992 et
415 1963 504 2004 quae
525 1950 606 1990 volo
615 1947 727 2000 fi'mul
735 1944 939 1998 imperabo:
954 1956 1021 1997 po-

350 2006 430 2061 stea
454 2008 630 2045 continuo
653 2017 753 2042 exeo,
808 2004 859 2042 D.

421 2075 468 2117 15
502 2061 563 2102 Ita
591 2073 633 2099 vt
653 2073 696 2099 tu
724 2055 827 2109 iusti,
850 2052 929 2107 Jbli
949 2066 1021 2094 cre-

359 2120 441 2160 dita
470 2117 545 2172 est]
593 2117 753 2156 Dixerat
778 2113 888 2153 enim
915 2113 1020 2164 prius

359 2176 560 2223 Chaerea,
604 2170 730 2211 Edicit
759 2184 803 2209 ne
834 2173 896 2208 vir
926 2167 1022 2221 quisI

359 2245 469 2285 quam
487 2231 540 2271 ad
558 2243 636 2269 eam
652 2228 769 2276 adeat,
790 2238 824 2265 et
852 2224 955 2273 mihi,
979 2236 1022 2263 ne

359 2287 564 2339 abfiedam,
579 2288 749 2338 imperat.
805 2280 915 2335 Iusti]
944 2296 1023 2328 συγ·

360 2343 446 2387 :momx
477 2352 531 2382 καὶ
551 2337 817 2390 μεταπλασμδς,
850 2350 920 2391 pro
950 2333 1023 2390 ius:

380 2418 391 2440 z
423 2402 450 2442 i.
509 2401 559 2440 D.

355 2400 471 2497 sstVt
491 2469 534 2496 tu
559 2452 659 2508 iusti]
678 2448 748 2495 Ms.
760 2454 802 2492 R.
816 2445 953 2504 iuffisti.
980 2450 1021 2491 L.

421 2516 473 2555 16
503 2510 674 2560 Scelesta,
702 2522 802 2548 ouem
828 2507 909 2560 lupo
930 2519 1023 2559 (om-

362 2568 506 2622 mzflstz]
538 2572 648 2608 Bene
671 2564 830 2605 dilatum
852 2573 908 2601 tot
919 2575 1023 2601 occa-

362 2624 535 2666 sionibus
555 2621 818 2677 prouerbium,
837 2616 1024 2673 personae

1634 564 1724 611 ΡΥ.

1066 704 1231 750 Thaiclis
1253 701 1467 758 affer-iptum
1496 703 1575 753 est3
1605 704 1727 748 conti-

1068 775 1136 804 net
1153 764 1258 804 enim
1281 761 1496 803 femineam
1514 763 1726 801 reuerenti-

1068 833 1129 860 am
1151 829 1190 859 et
1208 818 1471 858 meretricium
1487 815 1648 864 sensum,
1668 830 1727 857 re-

1068 876 1201 927 ditque
1220 871 1343 914 rursus
1363 875 1411 914 ad
1428 876 1577 914 minora
1591 873 1728 913 conui-

1070 934 1149 972 cia:
1178 930 1268 984 quia
1294 931 1399 971 videt
1429 928 1467 970 se
1497 926 1575 969 effe
1595 929 1728 969 conui-

1070 991 1178 1028 &am
1233 988 1282 1028 Et
1302 987 1356 1027 est
1374 986 1648 1039 prouerbium,
1681 987 1730 1026 O·

1068 1055 1148 1083 uem
1165 1042 1249 1096 lupo
1273 1042 1483 1096 commzfisti.
1542 1045 1592 1083 D.

1129 1099 1243 1139 Ouem
1263 1098 1351 1151 lupo
1371 1098 1587 1152 cummtfisti]
1618 1099 1727 1139 Prae·

1070 1153 1180 1204 dam,
1211 1154 1359 1206 inquit„
1385 1154 1602 1207 praedatori
1621 1154 1729 1195 dedi-

1069 1211 1124 1252 sti.
1184 1208 1387 1265 Dfioudet]
1418 1209 1543 1250 Valde
1564 1223 1640 1264 ego
1664 1210 1727 1250 hic

1070 1277 1110 1309 et
1129 1264 1386 1308 vehementer
1404 1263 1597 1307 erubesco.
1627 1269 1671 1308 E.

1123 1323 1293 1378 Scelesta]
1330 1321 1491 1363 lfidorus
1520 1319 1730 1363 Differ-ent.

1071 1393 1159 1434 pag.
1179 1391 1275 1434 771.
1330 1379 1433 1432 Lupo
1455 1378 1574 1433 ouem]
1604 1381 1730 1419 Hero-

1070 1437 1148 1477 dot.
1164 1435 1229 1475 lib.
1250 1447 1311 1477 IV.
1340 1437 1498 1484 τοιγαρέν
1530 1433 1595 1481 ἔφη
1622 1433 1730 1473 ωὖτδν

1070 1495 1287 1536 καταλείψειν
1318 1488 1368 1531 σ”ἰν
1392 1497 1423 1530 ἐν
1442 1488 1581 1531 λύκοισι.
1608 1492 1727 1532 Plaut.

1069 1547 1261 1591 Pseudolo
1284 1560 1318 1596 1,
1338 1560 1379 1595 2,
1401 1555 1436 1598 8.
1484 1547 1651 1588 Ματιεῖἱς
1676 1548 1729 1587 lu-

1068 1617 1137 1659 pos
1166 1605 1264 1658 apud
1292 1617 1374 1644 oues
1401 1605 1585 1659 linquere,
1616 1616 1728 1659 quam

1071 1663 1134 1703 hos
1156 1661 1254 1701 domi
1271 1660 1440 1711 custodes.
1494 1662 1536 1700 L.

1123 1719 1273 1759 Omnes
1302 1718 1461 1770 quidem
1491 1716 1599 1765 libri,
1651 1717 1730 1758 No·

1071 1774 1188 1824 nius,
1242 1783 1282 1814 et
1315 1780 1446 1816 Acron
1492 1772 1541 1812 ad
1587 1773 1726 1814 Horat.

1072 1834 1204 1875 Cat-m.
1231 1845 1259 1878 1,
1280 1842 1314 1883 3,
1342 1829 1490 1869 habent
1510 1827 1726 1882 commisisti.

1070 1885 1148 1929 Sed
1175 1897 1212 1925 vt
1237 1882 1364 1925 versus
1391 1886 1432 1925 fit
1466 1882 1608 1932 saluus3
1647 1885 1726 1938 leg.

1071 1940 1238 1993 commist.
1293 1941 1486 1981 Nimirum
1495 1938 1614 1980 Thais
1627 1951 1743 1980 com·-

1070 1998 1169 2044 mifit
1195 1995 1390 2043 iubendo,
1421 2008 1459 2036 vt
1486 1995 1644 2050 Pythias
1663 2010 1739 2049 pa„

1070 2053 1206 2095 rendo.
1275 2052 1381 2093 Hinc
1416 2050 1587 2105 sequitur
1622 2053 1726 2102 mihi,

1071 2124 1164 2160 non,
1188 2105 1269 2150 tibi.
1327 2113 1459 2161 Atque
1488 2106 1525 2148 se
1544 2107 1728 2161 Scelestam

1070 2164 1150 2220 ipsa
1171 2164 1277 2214 dicit,
1306 2176 1345 2206 vt
1364 2169 1504 2205 Heaut.
1522 2178 1563 2214 v,
1591 2177 1628 2213 2,
1665 2177 1728 2219 17.

1073 2227 1208 2277 Syrus:
1241 2222 1411 2274 Scelestus
1421 2216 1576 2276 quantas
1595 2220 1727 2262 turbas

1074 2280 1218 2320 conciui
1250 2277 1411 2329 insciens.
1468 2277 1626 2319 Deinde
1655 2278 1731 2317 col—

1074 2337 1167 2385 loca,
1192 2337 1304 2374 Ouem
1322 2334 1431 2388 [πρός
1458 2344 1497 2374 vt
1519 2332 1562 2373 fit
1590 2344 1731 2374 vtrum·

1072 2404 1149 2446 que
1175 2392 1215 2431 in
1246 2390 1352 2442 Arfi,
1380 2390 1479 2431 etin
1498 2390 1732 2443 pronuncia·

1067 2451 1180 2491 -tione
1198 2446 1264 2488 fiat
1280 2460 1400 2487 mora.
1455 2450 1497 2488 B.

1129 2517 1180 2559 17
1210 2504 1268 2544 Sic
1294 2504 1384 2544 mihi
1402 2504 1492 2544 data
1510 2501 1570 2556 effi}
1596 2499 1728 2557 verba]

1071 2561 1239 2604 Videtur
1274 2562 1382 2614 plura
1415 2555 1527 2599 fuisse
1565 2558 1726 2608 distin-a,

1071 2618 1142 2661 nisi
1207 2614 1486 2672 superueniffet
1541 2615 1729 2660 Chaerea.

1624 2669 1734 2728 Qut
