1815 3168
707 180 1000 226 ANDRIA.

1451 198 1537 243 105

228 324 288 379 25
324 316 478 367 Quum
501 310 601 356 illoc
621 307 829 354 aduenio:
869 304 1053 352 solitudo
1076 313 1175 352 ante
1197 303 1369 353 ostium.
1394 309 1478 355 iam
1500 309 1545 355 id

417 386 601 448 gaudeo.

321 459 430 511 CH.
463 458 599 508 Reste
636 459 755 505 dicis.
796 454 831 505 P
846 469 878 502 A
893 469 947 502 M.
981 471 1136 520 perge.
1171 452 1268 501 DA
1284 467 1331 503 v.
1365 473 1545 505 maneo:

420 538 585 582 interea
603 535 785 581 introire
807 533 1029 578 neminem

323 611 481 665 Video,
503 613 618 658 exire
636 611 884 656 neminem:

423 685 550 734 dibus

922 617 1166 653 matronam
1190 605 1371 652 nullam.
1405 608 1451 652 in
1483 624 1549 654 ae-

325 761 457 811 Nihil
487 762 653 813 ornati,
681 758 793 806 nihil
822 756 1012 805 tumulti.
1045 753 1211 803 acceffi:
1246 757 1365 803 intro
1394 756 1548 823 aspexi.

423 835 461 884 P
473 850 505 882 A
522 850 577 882 Μ.
618 835 717 888 scio,

326 914 548 972 Magnum
580 909 768 971 {ignum-
811 907 973 957 DAV.
1015 923 1127 956 num
1156 905 1360 956 videntur
1393 925 1552 956 conue-

425 989 522 1035 nire
544 986 649 1034 haec
672 980 874 1052 nuptiis?

195 1192 286 1219 vera
313 1177 472 1232 suspicio
494 1180 596 1221 Daui
633 1180 744 1234 (lege
770 1191 848 1233 ope

1489 1079 1551 1126 30

950 1178 1006 1221 26
1035 1177 1141 1217 Reae
1161 1176 1265 1218 dicis.
1279 1181 1404 1231 perge]
1434 1176 1557 1216 Vultu

196 1234 271 1279 Ms.
293 1235 412 1275 Hulst.
432 1238 483 1277 Et
502 1235 605 1284 bene,
638 1237 851 1283 continu03
899 1233 1201 1274 enunciandam.
1240 1237 1326 1274 Hoc
1344 1231 1436 1270 dicit
1446 1233 1558 1271 Parn-

197 1305 254 1339 ηε,
266 1292 306 1345 ]ἰ
319 1290 362 1330 ab
381 1305 537 1346 vtroque
548 1291 614 1332 hoc
624 1290 747 1343 fieret,
772 1291 851 1343 esset
901 1289 1038 1341 philus.
1094 1290 1253 1338 Maneo]
1299 1288 1383 1337 Ne,
1414 1291 1467 1327 At
1496 1301 1560 1337 pa-

198 1361 286 1386 vera
293 1346 488 1402 fitspicio).

198 1407 288 1455 nuo]
321 1402 458 1452 Deest,
485 1404 586 1445 duco.
643 1400 857 1446 Consuetu-

202 1458 299 1497 dine
335 1457 478 1499 dlffilm
512 1458 584 1507 est,
635 1461 855 1501 ἔλλειπτικῶς.

201 1513 369 1569 Egomet]
400 1517 487 1555 Vna
498 1524 582 1566 pars
594 1515 775 1554 orationis
790 1512 856 1553 est.

204 1570 416 1620 Chremem]
463 1570 650 1610 Chremem
682 1581 721 1609 et
747 1569 859 1610 Chre-

202 1639 352 1675 metent,
402 1636 440 1664 vt
480 1628 622 1666 Darem
666 1637 705 1666 et
741 1625 858 1665 Dare-

204 1695 290 1723 um.
346 1684 397 1722 D.

260 1736 341 1791 Ego
369 1749 422 1775 me
452 1738 642 1779 continuo]
674 1735 738 1776 Sic
763 1745 857 1776 vett.

203 1805 341 1833 omnes
352 1805 364 1842 3
384 1804 515 1831 tamen
532 1790 704 1833 Priscian.
723 1790 786 1830 lib.
801 1804 858 1830 v1.

203 1863 242 1901 p.
263 1852 329 1892 62.
348 1861 490 1903 egomet
507 1850 683 1889 continuo
693 1847 744 1887 acl
753 1846 860 1887 Chre-

202 1918 304 1944 mem.
361 1907 402 1944 L.

255 1973 309 2014 25
339 1958 509 2000 solitudo
529 1973 613 2000 ante
633 1958 776 2011 ostium]
806 1958 863 1998 Si-

204 2030 283 2070 gna
301 2015 348 2055 ab
369 2015 427 2056 his
441 2029 540 2068 quae
557 2013 652 2063 sunt,
674 2028 773 2067 quae
782 2027 864 2054 non

202 2070 282 2113 esse
313 2072 471 2113 deceret
497 2070 591 2126 (ΜΓ.
617 2071 738 2112 Hulst.
768 2070 869 2111 dece-

204 2131 318 2181 rent).
375 2130 458 2169 Iam
486 2129 528 2168 id
553 2127 713 2184 gaudeo]
745 2124 863 2178 Quafi

205 2181 408 2225 aduersum
421 2215 431 2234 ‚
458 2194 498 2225 et
514 2197 598 2224 non
619 2181 863 2223 consentien-

206 2251 285 2281 tem
297 2241 549 2292 Pamphilum,
569 2241 707 2280 excitat
718 2237 765 2278 ad
775 2251 865 2292 gau-

208 2295 315 2337 dium
331 2297 475 2337 laetitia
496 2293 571 2337 sua.
618 2297 700 2336 Iam
718 2294 761 2334 id
775 2307 866 2349 gau·

209 2351 298 2401 deo]
352 2353 415 2393 Sic
446 2354 635 2406 Virgilius
678 2353 806 2403 (Aen.
834 2365 865 2398 1,

209 2409 325 2461 701),
357 2410 449 2448 Cum
467 2413 586 2458 venit,
616 2409 758 2448 aulaeis
792 2408 866 2446 iam

199 2462 246 2515 fi
267 2467 395 2519 regina
403 2463 587 2519 ficperbis.
640 2467 688 2505 D.

268 2521 339 2559 Pro
365 2519 468 2567 illoc,
497 2520 603 2573 quod
631 2519 684 2560 est
710 2517 866 2566 Donati,

212 2586 350 2614 omues
372 2576 482 2617 codd.
506 2589 602 2628 quos
631 2574 725 2618 vidit
759 2576 871 2614 Faer—

212 2644 307 2679 nus,
346 2641 385 2669 et
421 2629 560 2684 priscae
595 2631 871 2684 editt.·legunt

211 2688 285 2728 illo.
341 2687 381 2728 B.

546 1347 629 1404 Ego
655 1361 708 1387 me
738 1349 854 1386 comi-
901 1359 989 1385 tum
1021 1343 1348 1397 temporisfffuisti
1384 1341 1472 1395 (Ms.
1506 1346 1559 1384 H.

905 1412 945 1440 et
971 1401 1030 1441 ed.
1049 1403 1189 1441 Vener.
1214 1412 1332 1452 1490.
1387 1399 1449 1438 Ne
1474 1413 1559 1438 tem-

904 1459 1009 1509 poris
1032 1454 1143 1507 fieret
1173 1455 1338 1507 dilatio).
1394 1455 1561 1508 Interea]

904 1512 1114 1563 Temporis
1160 1512 1269 1563 longi
1321 1509 1560 1563 significatio,

906 1569 1071 1608 Introire
1096 1567 1289 1620 neminem]
1331 1571 1368 1608 A
1394 1580 1479 1606 non
1505 1565 1563 1606 fa-

908 1624 987 1664 &is.
1028 1625 1094 1662 D.

961 1690 1015 1731 27
1046 1678 1162 1716 Exire
1180 1677 1373 1730 neminem]
1405 1676 1513 1726 Quid
1533 1675 1564 1714 fi

908 1735 1012 1773 intus
1031 1737 1166 1773 erant?
1195 1732 1286 1772 ideo
1306 1733 1370 1781 ait,
1392 1736 1491 1771 exire
1507 1745 1567 1772 ne-

909 1792 1053 1830 minem.
1109 1791 1158 1830 D.
1452 1788 1454 1790 ’

965 1847 1115 1885 Omnes
1150 1843 1310 1895 quidem
1345 1843 1397 1882 ita
1435 1843 1567 1883 distin-

911 1911 1048 1955 guunt,
1066 1898 1131 1939 sed
1151 1899 1234 1952 post
1253 1913 1461 1939 matronam
1482 1900 1570 1939 nul·

910 1959 983 1998 lam
992 1956 1349 2008 interpufiffionem
1358 1956 1570 1995 tollendam

914 2010 1075 2061 censeo,
1118 2022 1158 2050 et
1186 2024 1336 2051 comma
1365 2009 1568 2050 rescriben-

918 2069 1011 2109 dum
1032 2067 1114 2119 post
1132 2066 1292 2106 aedibus.
1349 2071 1391 2108 B.

972 2131 1023 2173 28
1054 2123 1167 2163 Nihil
1191 2124 1332 2165 ornati]
1362 2120 1571 2169 ἂρχαϊσμός.

912 2178 974 2223 Sic
1009 2179 1200 2220 Sallustius
1227 2180 1287 2231 (in
1328 2180 1572 2231 Fragmentis

912 2238 1148 2278 incertorum
1165 2234 1291 2288 libb),
1322 2233 1427 2289 Ergo
1448 2236 1574 2275 senati

913 2294 1056 2334 decreto
1071 2291 1310 2342 seruiendum
1328 2304 1371 2329 ne
1374 2289 1440 2340 stt.
1495 2295 1548 2332 D.

972 2348 1089 2387 Nihil
1117 2347 1259 2395 ornati]
1290 2345 1481 2387 Charifius
1505 2346 1575 2386 lib.

919 2421 949 2447 1.
976 2418 1014 2456 p.
1040 2415 1102 2456 15.
1156 2406 1196 2443 L.

971 2471 1025 2512 29
1055 2459 1230 2515 Signum]
1261 2458 1576 2510 Proprieproar—

919 2525 1122 2570 gumento.
1183 2515 1287 2554 Num
1316 2514 1507 2568 videntur]
1539 2518 1575 2555 A

918 2569 1242 2624 consequentibus
1286 2577 1577 2623 argumentum.

918 2629 1012 2670 Non
1046 2631 1196 2680 opinor]
1242 2626 1315 2667 Ille
1349 2627 1580 2679 opinionem

1030 2686 1067 2725 G
1097 2697 1120 2738 5
1430 2693 1580 2724 accom-
