1815 3168
618 174 940 218 ANDRIA.

1380 196 1465 241 14¹

154 318 212 362 25
249 301 357 348 Tibi
377 299 508 348 verba
530 299 688 345 censes.
727 297 804 347 Sl.
840 299 956 347 falso.
1001 297 1096 346 DA
1115 315 1162 349 v.
1195 305 1338 368 itaque
1370 309 1472 356 her-

345 375 408 422 cle
430 374 539 420 nihil
558 377 642 422 iam
669 379 826 422 mutire
853 376 1007 422 audeo.

246 450 318 498 Sl.
357 455 458 496 Hoc
480 467 563 510 ego
583 450 667 497 scio
702 469 868 505 vnum,
903 453 1126 498 nemiuem
1149 454 1361 519 peperisse
1386 458 1471 506 hic.

342 524 390 571 D
407 539 434 570 Α
454 538 501 569 ν.
538 525 782 576 intellexti?

247 602 330 648 Sed
364 600 503 646 nihilo
534 601 664 648 secius
695 619 798 649 mox
831 602 1026 649 deferent
1054 619 1245 668 puerum
1270 606 1354 653 huc
1375 619 1474 655 ante

343 674 512 722 ostium.

245 752 297 798 id
320 769 402 813 ego
427 754 513 798 iam
534 769 652 799 nunc
675 753 754 800 tibi
774 756 1001 808 renuncio,
1021 753 1152 807 here,
1184 755 1396 810 futurum,
1429 771 1473 809 vt

343 826 395 874 fis
428 826 581 881 sciens.

1396 914 1472 957 Ne

115 1059 194 1087 nex
222 1043 313 1087 scire
333 1048 477 1087 omnia.
535 1047 608 1088 Sed
621 1045 665 1099 si
679 1018 800 1102 quid⁴
873 1050 929 1091 26
966 1048 1157 1089 Neminem
1190 1052 1364 1116 peperisse·
1398 1052 1475 1107 hic]

112 1117 268 1143 narrare
291 1105 433 1157 occepi]
473 1105 602 1156 Occepi
623 1106 770 1153 melius,

114 1172 231 1211 quam
264 1163 389 1212 incepi.
429 1160 566 1200 dicitur
597 1161 644 1201 ab
671 1163 771 1200 occi-

116 1217 203 1267 pio:
231 1216 285 1254 est
306 1218 411 1255 enim
431 1220 562 1271 occepi,
591 1217 693 1270 quali
713 1231 771 1258 ca-

116 1283 184 1321 put
209 1273 263 1311 rei
284 1272 453 1312 instituti.
508 1277 558 1313 D.

168 1328 285 1368 Men-i
320 1339 359 1368 et
399 1326 614 1368 sententiae
650 1330 769 1383 gratia

118 1383 209 1435 lege
229 1385 309 1437 Ego
335 1397 408 1423 non
428 1385 491 1428 te?
520 1388 617 1425 Nam
638 1388 768 1424 Dauus

120 1439 285 1477 dixerat:
333 1452 361 1479 N
379 1452 449 1480 oN
488 1440 587 1490 fiatis
610 1441 772 1494 pernosti

118 1509 195 1542 nte,-
252 1496 457 1535 Caeterum
484 1497 603 1548 plane
636 1497 773 1536 inutile

116 1549 171 1588 est
189 1549 277 1596 tibi,
312 1550 414 1601 quod
434 1552 549 1591 nostri
571 1553 681 1592 codd.
706 1552 772 1592 ha-

119 1606 322 1645 bentante
340 1620 507 1646 narrare.
562 1613 603 1649 B.

176 1675 229 1714 25
269 1661 396 1713 Falsb]
439 1663 564 1703 Potest
591 1675 630 1703 et
656 1670 772 1711 εἰρωνι-

120 1720 183 1761 κῶς
208 1717 315 1769 fizlsb
343 1720 612 1769 pronunciari:
648 1718 774 1772 potest

123 1785 173 1823 et,
187 1772 276 1812 salso
289 1774 471 1825 loqueris,
490 1774 578 1814 dici.
608 1786 647 1814 vt
656 1776 773 1815 Sallu-

119 1829 206 1868 stius
237 1833 337 1882 (lug.
366 1832 436 1882 1.),
465 1831 573 1883 Ραζβ)
602 1834 773 1885 queritur

120 1886 163 1925 de
181 1898 318 1924 natura
333 1886 408 1935 fita
434 1887 631 1927 humanum
647 1900 770 1942 genus.

119 1945 170 1983 Et
190 1941 394 1981 vocalitatis
411 1941 516 1982 causa
535 1943 582 1983 sic
605 1943 712 1993 dixit,
734 1953 773 1981 rt

110 1997 251 2050 fidula,
271 2011 409 2050 optato,
433 2013 554 2040 certo:
588 2000 691 2051 quasi
722 1997 774 2038 se—

120 2053 222 2100 dule,
243 2064 382 2106 optate,
403 2067 519 2095 certe.
575 2055 687 2095 Nihil
702 2059 775 2095 iam

121 2113 257 2149 mutire
278 2111 410 2161 audeo]
439 2113 600 2160 Ennius,
625 2114 707 2152 Nec
725 2113 776 2150 dr·-

124 2179 175 2212 co,
195 2181 260 2206 nec
266 2168 390 2218 fiicio.
445 2168 564 2210 Vnde
589 2179 627 2208 et
652 2182 773 2208 mutos

125 2222 294 2263 dicimus.
349 2224 457 2276 quod
490 2226 629 2265 Graeci
673 2229 774 2273 φθέγ-

123 2282 257 2326 γεσθαι.
314 2281 363 2318 D.

179 2333 274 2374 lllud
284 2334 390 2389 fizUb
413 2350 631 2389 quanquam
642 2349 778 2377 omnes

125 2390 210 2429 libri
232 2391 404 2432 tribuunt
421 2394 591 2433 Simoni:
624 2406 710 2433 cum
726 2405 778 2432 ta-

127 2459 218 2485 men
248 2445 408 2497 persona
433 2448 601 2488 hominis
618 2448 662 2488 fit
680 2450 778 2489 indi-

130 2514 269 2553 gnum,
298 2503 363 2554 ipfi
385 2508 499 2545 Dauo
530 2519 687 2557 quoque
713 2506 777 2546 ad-

128 2554 366 2597 scribendum
386 2572 489 2612 puto.
510 2561 554 2601 cf.
576 2563 716 2602 fleant.
731 2575 776 2613 Π,

128 2623 164 2658 2,
186 2624 248 2664 27.
280 2617 372 2653 Hec.
391 2629 427 2664 v,
448 2630 482 2670 27
508 2630 567 2660 11.
623 2620 665 2659 B.

820 1104 1011 1145 Neminem
1056 1106 1244 1154 dicendo,
1290 1122 1478 1150 maiorem

822 1161 1156 1202 confinnationem
1174 1162 1290 1211 fecit,
1322 1179 1403 1203 non
1424 1162 1479 1204 so·

820 1217 901 1257 lum
922 1218 1149 1270 Glycerium
1174 1233 1257 1258 non
1276 1218 1475 1273 peperissb,

818 1270 884 1314 sed
912 1275 1029 1313 etiam
1061 1276 1273 1316 neminem.
1333 1280 1380 1317 Et
1417 1278 1476 1316 hic

818 1329 987 1368 dicendo
1015 1330 1182 1369 ostendit
1200 1333 1370 1373 domum.
1428 1337 1478 1375 Et

818 1385 872 1424 est
889 1388 1073 1435 neminem,
1095 1388 1243 1427 nullum
1262 1387 1477 1429 hominem.

820 1445 868 1482 Et
894 1451 988 1479 nota
1022 1443 1064 1480 in
1098 1441 1295 1482 feminino
1326 1458 1477 1498 genere

821 1498 936 1538 etiarn
955 1501 1127 1537 neminem
1144 1498 1314 1548 positum.
1371 1503 1419 1541 D.

877 1553 960 1592 Hoc
984 1568 1050 1609 ego
1067 1554 1167 1606 scio]
1204 1553 1377 1595 Priscian.
1408 1556 1476 1597 lib.

821 1621 884 1649 v1.
938 1611 982 1648 L.

877 1665 1076 1703 Bentleius
1101 1664 1285 1705 intellexti
1308 1666 1389 1706 sine
1418 1668 1478 1708 in-

821 1720 1098 1772 terrogatione.
1155 1725 1196 1762 Z.
1358 1748 1360 1751 -
1460 1749 1462 1751 v

874 1787 929 1827 27
966 1777 1068 1815 Mox
1104 1776 1271 1830 deferent
1302 1779 1475 1834 puerum]

821 1830 935 1883 Quasi
948 1830 1056 1880 dicar,
1077 1833 1192 1872 nobis.
1250 1837 1298 1875 D.

874 1887 1006 1927 Nihilo
1021 1888 1166 1939 secius]
1197 1892 1280 1938 Pro,
1297 1890 1480 1932 nihilomi-

820 1957 888 1984 nu5
917 1945 1084 1996 deferent
1112 1945 1180 1984 huc
1208 1959 1361 1997 puerum
1393 1962 1478 1988 ante

821 2000 960 2051 ostium,
983 2014 1058 2052 quo
1077 1999 1191 2042 facile
1206 2013 1245 2041 et
1262 2003 1311 2041 de
1331 2016 1478 2056 praete-

825 2057 899 2095 rito
920 2057 1055 2095 Dauus
1081 2056 1323 2099 admonuisse
1358 2060 1478 2099 domi-

824 2126 919 2151 num
937 2112 1113 2161 declaret,
1135 2125 1174 2153 et
1190 2125 1228 2153 vt
1246 2116 1477 2167 opinionem

824 2183 845 2208 a
866 2166 905 2207 se
922 2179 1112 2210 amoueat.
1167 2173 1210 2211 E.

876 2227 936 2265 Ne
946 2237 1102 2277 puerum
1120 2227 1161 2264 in
1172 2225 1287 2266 Thefi
1307 2225 1477 2268 absorbe-

825 2291 929 2329 atur,
953 2282 1098 2320 colloca
1125 2295 1214 2323 mox
1237 2294 1388 2336 puerum
1410 2284 1479 2324 huc

826 2338 1003 2390 deferent.
1059 2338 1099 2377 B.

881 2399 932 2441 28
964 2393 1012 2432 Id
1033 2407 1099 2448 ego
1127 2397 1202 2434 iam
1229 2408 1322 2434 nunc
1341 2394 1411 2435 tihi
1427 2410 1480 2436 re-

826 2448 972 2496 nuncio]
994 2450 1123 2504 Fingit
1136 2449 1172 2490 se
1182 2451 1356 2502 prodere,
1376 2453 1480 2504 quod

826 2504 908 2557 ipse
932 2505 1097 2545 faCturus
1128 2506 1204 2549 est:
1234 2518 1271 2545 vt
1300 2522 1381 2547 non
1403 2521 1481 2548 cre·-

826 2562 893 2600 dat
926 2559 1044 2601 senex
1071 2562 1118 2601 ab
1148 2576 1195 2602 eo
1224 2561 1328 2613 fieri,
1377 2565 1482 2616 quod

826 2617 1060 2671 praedixerit
1087 2618 1184 2662 fore.
1239 2620 1288 2661 Id
1316 2634 1380 2676 ego
1407 2624 1482 2661 iam

1387 2690 1481 2716 nunc
