1815 3168
557 138 559 140 ’
618 149 1028 198 EVNVCHV&

1409 169 1506 230 4w

281 274 392 325 CH.
425 277 473 324 Id
503 277 660 342 ipsum.
699 275 785 323 ΡΥ.
821 275 1055 341 idipsum?
1091 279 1217 339 virgo
1237 298 1354 330 vero.
1394 276 1508 330 Tu.

381 356 393 399 i
414 370 530 416 prae,
560 353 728 416 sequor.

180 448 245 494 70
284 433 361 476 Tu
387 428 475 487 istic
498 445 638 481 mane,
682 439 727 476 vt
749 428 986 474 Chremem
1016 428 1281 484 introducas,
1316 433 1507 494 Pythias.

228 575 537 627 ACTVS
594 570 940 644 QVINTI
995 574 1296 627 SCENA
1342 577 1453 626 111.

321 663 604 705 PYTfflAs.
635 664 942 705 CHREMES.
972 663 1326 706 SOPHRONA.

279 796 396 911 G

199 1080 252 1132 69
278 1078 325 1118 Id
352 1074 529 1131 ipficm?]
570 1077 655 1116 Hoc
684 1076 799 1116 veluti

139 1136 305 1176 molesto
328 1133 459 1186 (forte,
471 1134 618 1187 moesto)
633 1134 734 1171 vultu
747 1133 801 1171 di·

142 1193 260 1231 citur:
290 1190 388 1230 adeo
408 1201 446 1229 vt
463 1191 635 1229 imitetur
646 1189 801 1236 dieium,

143 1249 369 1298 vultumque
390 1248 471 1286 eius
491 1245 656 1298 Pythias.
718 1246 801 1284 Vir-

142 1318 191 1360 go
214 1317 300 1341 vero
312 1306 329 1341 ,Ι
337 1303 354 1356 ]
390 1303 487 1341 Vero
499 1305 684 1349 εἲςωυικῶςς
708 1315 800 1340 nam

145 1366 291 1407 εἰρωνεία
311 1359 374 1405 est,
407 1368 446 1396 vt
464 1360 582 1409 (Aen.
607 1371 673 1404 xv,
700 1359 799 1409 93),

143 1416 341 1470 Egregium
351 1427 437 1453 vero
455 1414 608 1453 laudem.
667 1412 798 1466 Virgo]

147 1471 264 1522 Quali
301 1475 366 1522 qui
399 1470 562 1508 minime
592 1468 800 1520 pudicitiae

144 1527 279 1565 statum
300 1539 342 1564 ac
362 1525 620 1565 verecundiae
638 1525 800 1577 virgina-

141 1583 186 1622 lis
211 1593 427 1621 veneretur.
484 1583 506 1620 1
519 1593 630 1633 prae,
644 1579 799 1634 sequor]

144 1634 414 1680 Manifestum'
426 1635 478 1677 est
488 1669 497 1686 ,
531 1650 597 1675 cur
614 1636 800 1674 meretrix

145 1694 255 1732 dona
282 1692 561 1745 capiendorum
599 1694 798 1740 iuuenum,

142 1750 295 1802 praeire
322 1750 415 1788 velit
438 1748 668 1794 Chaeream,
699 1758 738 1786 et
760 1749 801 1786 in

143 1803 421 1856 consequendo
460 1802 537 1857 ipsa
574 1804 617 1843 fit
646 1803 800 1843 tardior.

139 1861 237 1901 Vult
269 1862 375 1900 enim
399 1861 564 1900 liberum
598 1860 680 1900 fine
706 1859 801 1898 arbi-

143 1917 210 1955 tris
236 1930 322 1955 cum
351 1917 481 1968 puella
508 1914 586 1955 efle
614 1916 800 1966 colloqui·

142 1986 220 2021 um,
255 1984 293 2010 et
314 1973 460 2011 licitum
481 1985 664 2011 amorem.
718 1970 798 2011 Nisi

139 2028 243 2068 forte
261 2040 436 2080 putamus
455 2029 687 2068 Terentium
703 2027 798 2066 haec

142 2084 222 2123 fine
241 2082 346 2124 causa
365 2082 502 2133 fecisse,
530 2085 595 2135 qui
615 2084 656 2123 fit
674 2085 794 2136 (fuit,

143 2151 304 2192 vterque
341 2140 447 2192 cod.)
483 2140 797 2179 artificiofiffimus

533 876 644 923 mihi
655 878 677 921 Ρ

142 2198 269 2236 Poeta.
320 2199 419 2237 Nam
431 2210 562 2248 neque
580 2195 654 2248 ipsa
673 2197 811 2249 ingreg

145 2251 245 2291 ditur
266 2265 350 2291 cum
368 2252 562 2298 Chaerea,
591 2266 723 2304 neque
740 2266 798 2290 m-

147 2308 258 2360 gredi
267 2307 372 2347 fimul
385 2309 799 2359 permittitPhaednam

143 2363 346 2415 (Pythiam,
359 2366 460 2405 reete
470 2367 510 2404 in
524 2364 735 2410 edd.vett.).
747 2369 797 2405 D.

204 2419 251 2457 Id
283 2420 427 2471 ipsicm?
463 2424 593 2476 virgo]
626 2420 799 2472 Quidam

143 2474 390 2528 intelligunt,
423 2476 600 2516 confusus
631 2491 672 2516 es
698 2476 799 2529 quasi

149 2530 278 2582 virgo:
315 2531 503 2572 erubescis
532 2548 579 2573 ex
604 2532 726 2582 veste,
757 2543 799 2572 et

143 2585 410 2626 confusionem
422 2591 574 2640 pateris,
594 2604 712 2641 quam
731 2591 797 2628 vir-

146 2654 196 2695 go
217 2643 389 2694 patiatur,
415 2659 529 2697 quam
546 2645 692 2686 vitiasti.
749 2649 798 2687 Et

425 821 452 848 v
485 821 501 847 1
531 819 557 847 n
585 802 603 846 Ρ
645 801 751 863 quid
773 801 922 848 venire
945 802 992 847 in
1016 811 1211 848 mentem
1232 818 1350 850 nunc
1380 801 1510 868 poffit:

1386 955 1509 1010 Quid

851 1072 973 1117 rursus
1002 1074 1055 1118 est
1074 1075 1176 1130 quasi
1203 1076 1439 1128 admonitio,
1469 1092 1509 1121 vt

851 1146 890 1173 et
910 1134 1049 1185 pudori
1067 1149 1149 1173 non
1170 1135 1224 1181 fit,
1243 1137 1350 1187 quod
1363 1137 1430 1175 ista
1449 1151 1509 1177 ve-

850 1189 905 1229 ste
919 1189 1076 1229 indutus
1105 1191 1181 1237 est3
1200 1192 1391 1242 iiquidem
1403 1194 1510 1232 vitia-

851 1246 908 1285 uit
926 1247 1131 1300 virginem.
1189 1248 1211 1286 Ι
1224 1257 1329 1300 prae,
1344 1249 1507 1304 quuor}

848 1303 1065 1350 Antecede‚
1086 1316 1160 1355 ego
1182 1314 1222 1343 te
1242 1301 1391 1355 sequar.
1418 1310 1461 1347 E.

904 1360 988 1406 Pro,
1003 1357 1154 1411 fiqum,
1173 1360 1250 1411 leg.
1263 1360 1424 1413 fiquor,
1457 1361 1509 1400 ob

851 1412 965 1452 codd.
998 1425 1037 1451 et
1064 1414 1167 1464 quod
1188 1415 1307 1454 'l‘hais
1329 1431 1402 1456 vna
1420 1431 1509 1456 cum

849 1468 1028 1511 Chaerea
1049 1470 1428 1522 egreditureScena.
1462 1478 1508 1516 B.

904 1591 960 1633 70
993 1581 1050 1620 Tu
1075 1580 1152 1634 zflic
1178 1596 1302 1632 mane,
1335 1597 1378 1623 vt
1399 1584 1509 1624 Chre-

849 1650 938 1675 mem
955 1638 1187 1692 introducas]
1221 1640 1364 1680 Relicffa
1372 1641 1426 1679 est
1436 1644 1510 1694 Py·

849 1692 946 1731 thias
973 1693 1021 1731 ob
1052 1695 1187 1732 multas
1215 1692 1361 1734 causas:
1391 1709 1430 1735 et
1464 1700 1508 1736 in

852 1750 997 1798 primis,
1027 1760 1066 1788 vt
1084 1750 1195 1801 poffit
1213 1763 1284 1802 per
1303 1764 1387 1790 eam
1402 1753 1509 1791 delu-

850 1802 907 1842 sus
923 1808 1113 1844 Parmeno
1132 1819 1277 1857 pauore
1295 1805 1360 1845 sno
1373 1805 1509 1848 sen'em

851 1861 1107 1912 compellere,
1135 1862 1291 1915 ingredi
1318 1863 1366 1902 ad
1385 1877 1509 1903 mere-

849 1916 983 1954 tricem
996 1947 1005 1965 ,
1037 1927 1076 1955 et
1094 1917 1338 1968 praesentem
1359 1919 1442 1959 fieri
1460 1920 1508 1960 ad

849 1971 1132 2012 confirmandas
1154 1976 1318 2026 nuptias.
1371 1976 1424 2016 D.

905 2095 924 2125 1
957 2081 1064 2138 Qid
1074 2082 1096 2126 ‘3
1114 2087 1209 2138 quid
1225 2089 1350 2125 venire
1361 2088 1398 2126 in
1410 2102 1506 2128 men·

847 2140 940 2193 tem]
981 2146 1026 2180 ln
1066 2138 1143 2179 hoc
1180 2143 1266 2179 loco
1305 2144 1506 2195 cogitantis

848 2193 1051 2247 disputatio
1070 2198 1124 2236 est
1143 2198 1245 2249 apud
1268 2196 1424 2251 seipsam
1436 2205 1505 2254 Py·

849 2251 972 2299 thiae,
1007 2264 1197 2303 quatenus
1217 2258 1506 2303 Parmenonem

847 2307 938 2346 dolo
959 2309 1069 2359 poffit
1083 2307 1221 2348 vlcisci.
1275 2313 1325 2351 D.

903 2364 1035 2418 Qid?
1074 2367 1166 2417 quid
1203 2367 1350 2421 venire]
1393 2370 1507 2409 Haec

847 2420 968 2460 Scena
987 2422 1186 2460 confilium
1206 2426 1428 2474 quaerentis
1441 2440 1506 2466 an-

849 2478 962 2515 cillae
981 2488 1099 2526 tenet,
1122 2479 1448 2530 quemadmodum
1468 2480 1505 2521 se

847 2533 958 2584 possit
992 2531 1128 2573 vlcisci.
1186 2536 1347 2576 Deinde
1373 2537 1505 2576 admo-

846 2590 1052 2633 nitionem.
1075 2601 1113 2628 vt
1134 2590 1318 2634 Chremes
1339 2606 1422 2632 c-nm
1437 2607 1506 2632 nu-

847 2647 938 2685 trice
958 2646 1210 2699 ingrediatur.
1264 2651 1306 2689 E.
