1815 3168
289 106 388 162 670

667 90 928 139 ACT.1v.
969 88 1160 136 SCEN.
1196 91 1270 138 v1.

421 223 468 274 C
482 238 525 272 L.
560 221 681 277 Quid
704 221 837 281 igitur
858 218 997 265 dicam
1014 216 1094 264 tibi
1112 211 1210 268 vis?
1243 214 1376 270 abisti,
1398 217 1508 264 mihi

332 321 351 354 ι
366 321 389 366 5
427 302 626 348 Amicam
648 297 835 348 adduxti,
858 309 988 357 quam
1011 309 1104 338 non
1125 292 1248 339 liceat
1269 304 1462 353 tangere.

424 374 517 425 ΞΥ.
558 378 650 421 Iam
677 388 769 418 non
789 371 880 416 sum
903 371 1058 415 iratus:
1089 366 1158 413 sed
1179 360 1493 414 scin’vbinunc
1508 365 1557 414 fit
1569 368 1649 415 tibi

424 456 529 500 Tua
565 444 777 495 Bacchis?
820 441 922 491 CL.
971 442 1087 507 apud
1131 459 1227 491 nos.
1271 439 1302 490 S
1317 455 1362 489 Υ.
1406 459 1520 500 non.
1549 440 1649 491 CL.

517 524 592 574 vbi
616 519 754 583 ergo?
788 517 817 567 S
832 534 877 570 Y.
914 517 1031 583 apud
1055 516 1256 564 Cliniam.

424 598 526 650 CL.
566 600 693 646 Perii.
732 586 819 642 Sv.
855 594 978 642 bono
1011 593 1158 639 animo
1188 609 1255 639 es:
1303 594 1389 639 iam
1418 604 1650 654 argeutum

519 675 573 722 ad
598 691 692 720 eam
714 671 893 722 deferes,

425 750 562 808 Quod
598 751 636 796 ei
670 747 905 813 pollicituS.
942 740 1039 792 CL.
1079 744 1250 806 garris:
1296 738 1445 796 vnde?
1490 740 1582 790 SY.
1625 761 1652 791 a

523 838 601 873 tuo
641 836 777 888 patre.

330 923 392 956 20
433 900 479 951 C
497 915 540 948 L.
576 898 710 945 Ludis
731 892 902 944 fortasse
924 911 1011 944 me.
1047 893 1128 942 SY.
1168 893 1256 961 ipsa
1280 910 1328 941 re
1348 893 1615 961 experibere.

351 1133 401 1175 14
419 1118 526 1175 ῼζιὶιὶ
542 1120 662 1174 igitur
673 1114 810 1170 dicam]
838 1112 949 1166 Quid

292 1179 402 1219 enirn
423 1173 569 1229 pofl'um
589 1175 659 1214 tibi
678 1173 827 1219 dicere,
862 1185 966 1210 cumv

292 1234 393 1275 mihi
412 1234 574 1272 amicam
594 1230 811 1277 adduxeris,
831 1241 948 1279 quam

295 1305 376 1332 non
395 1291 506 1329 liceat
532 1299 704 1340 tangere.
759 1287 866 1324 Bene
896 1315 905 1324 .
938 1313 948 1321 .

294 1377 303 1387 .
347 1347 468 1398 longe
498 1343 617 1383 fafius
647 1343 701 1382 est
726 1338 948 1380 adolescens

293 1402 342 1442 ab
367 1402 506 1440 iniuria
537 1399 652 1452 (Bene
677 1401 748 1436 cito
770 1393 950 1449 remiffior

294 1460 400 1513 longe
417 1458 550 1509 fac'lus
568 1455 615 1508 efl
634 1453 837 1503 adolescens
857 1450 903 1491 ab
921 1453 950 1489 i-

294 1515 472 1555 racundia
499 1514 581 1564 2.),
622 1510 821 1563 postquam
849 1522 951 1547 com-

293 1571 395 1623 perit
404 1578 609 1623 argentum
645 1568 722 1606 iam
765 1576 951 1618 paratum.

345 1680 470 1722 Nostri
490 1680 592 1720 recle
607 1678 817 1724 collocant,
847 1675 954 1730 ‚Qid

294 1741 415 1793 igitur
435 1736 507 1777 tibi
528 1737 587 1774 vis
606 1736 751 1774 dicam?
779 1733 879 1773 Illud
890 1731 954 1771 ab·

294 1794 353 1846 isti
372 1807 458 1832 cum
478 1792 520 1831 fit
548 1793 747 1841 ineptum;
777 1790 892 1842 Syrus
915 1801 953 1827 e-

294 1852 378 1891 nim
403 1846 588 1898 nusquam
607 1847 774 1886 abierat:
804 1857 953 1896 repone

292 1905 402 1960 adisti
426 1903 517 1943 mihi
541 1916 700 1942 manum.
762 1904 872 1941 Nam.
887 1900 951 1938 ad-

294 1966 351 2002 ire
370 1973 515 2001 manum
530 1958 640 1998 alicui
669 1957 723 1996 est
753 1956 950 2007 decipere,

292 2018 467 2073 poi-recia
490 2028 609 2055 manu
639 2012 802 2065 aliquid,
846 2010 950 2063 quast

292 2076 447 2114 daturus
466 2071 528 2121 fis,
548 2069 761 2116 ostentare,
799 2078 840 2107 et
863 2081 950 2106 cum

292 2132 388 2171 alter
405 2137 647 2178 accepturum
676 2123 714 2164 se
731 2135 855 2176 putat,
888 2136 951 2162 re-

293 2185 458 2227 trahere.
531 2183 594 2224 Sic
642 2183 786 2221 occurit
829 2179 948 2221 Plaut.

293 2240 379 2286 Cas.
407 2254 442 2287 v,
468 2253 505 2289 2,
532 2250 600 2292 45.
625 2239 713 2282 Aul.
732 2249 798 2287 11,
833 2244 877 2287 8,
909 2243 947 2286 8.

291 2302 486 2342 Poen.11‚
512 2307 546 2343 Ι,
575 2305 635 2335 11.
693 2297 736 2334 B.

356 2365 404 2407 15
430 2352 522 2392 Non
549 2349 660 2389 liceat
685 2362 836 2404 tangere
887 2348 954 2388 Ni-

293 2411 395 2450 mius
423 2406 478 2446 est
509 2405 620 2445 ardor
646 2406 687 2445 in
705 2405 819 2444 adole
837 2415 952 2443 cente

295 2479 381 2506 cum
401 2463 530 2502 videat
540 2463 711 2510 amicam,
732 2474 806 2501 nec
821 2471 952 2500 tamen

296 2519 473 2575 tangendi
490 2517 649 2557 facultas
672 2517 790 2556 datur.
847 2519 897 2558 C.

350 2580 399 2621 16
423 2576 503 2616 Iam
514 2588 585 2618 non
594 2574 683 2627 fiam
694 2573 836 2628 iratus]
858 2575 951 2615 Non

1552 973 1648 1017 CL.

996 1113 1123 1167 potest
1156 1125 1250 1167 prae
1270 1113 1390 1154 nimia
1407 1114 1552 1153 laetitia
1569 1113 1652 1154 diu-

995 1173 1068 1210 tius
1101 1173 1263 1210 reticere
1291 1169 1396 1222 quod
1414 1168 1558 1209 fecerit.
1615 1170 1651 1210 I·

997 1228 1118 1280 ratus]
1148 1227 1271 1266 Iratus
1282 1226 1336 1265 est
1352 1239 1402 1265 ex
1423 1223 1549 1266 causa:
1572 1226 1650 1265 Ira·

997 1284 1134 1324 candus
1162 1297 1209 1323 ex
1232 1282 1416 1321 moribus.
1475 1282 1567 1321 Scin'
1586 1281 1652 1321 vbi

996 1353 1091 1380 nunc
1134 1337 1224 1393 tt‘3]
1263 1342 1370 1378 Haec
1399 1339 1650 1390 interrogatio

1000 1396 1205 1451 gaudentis
1223 1393 1288 1442 est,
1315 1406 1354 1434 et
1373 1395 1435 1434 cui
1455 1396 1585 1433 omnia
1603 1407 1652 1435 ex
1671 1394 1675 1396 ’

998 1463 1089 1492 voto
1107 1449 1360 1490 successerint.
1417 1451 1462 1491 C.

1056 1515 1103 1556 18
1135 1508 1263 1547 Perii!
1300 1509 1408 1546 Haec
1433 1519 1507 1545 vox
1534 1505 1587 1544 est
1613 1520 1654 1545 a·

999 1565 1156 1613 mantis,
1182 1563 1327 1614 aliquid
1353 1563 1444 1601 mali
1466 1560 1654 1614 suspican-

999 1622 1056 1660 tis.
1124 1621 1228 1670 Quia
1264 1618 1479 1658 amantibus
1523 1619 1654 1659 omnia

1001 1676 1088 1716 sunt
1113 1674 1287 1728 suspec'ca.
1341 1676 1422 1715 Iam
1441 1674 1652 1730 argentum]

1003 1734 1084 1773 Iam
1103 1734 1261 1772 nimiam
1280 1731 1522 1770 velocitatem
1542 1731 1654 1784 figni-

1002 1788 1099 1828 ficat.
1153 1787 1331 1841 Defires]
1360 1791 1406 1828 In
1425 1788 1499 1826 alia
1515 1785 1655 1839 fignifi-

1002 1847 1154 1884 catione
1178 1844 1361 1896 accipitur
1394 1843 1491 1882 illud
1519 1843 1655 1896 Olym-

1001 1900 1122 1952 piadis
1140 1900 1188 1938 ad
1206 1899 1479 1947 Alexandrum,
1499 1898 1654 1946 Amabo,

998 1957 1135 2007 inquit,
1165 1957 1216 1995 mi
1228 1953 1299 2006 fili,
1327 1953 1507 2008 quicstas,
1537 1968 1652 2007 neque

999 2012 1145 2065 deseras
1164 2025 1230 2050 me.
1269 2012 1372 2051 Hinc
1390 2011 1543 2051 delator.
1575 2013 1622 2053 C.

1055 2081 1106 2121 19
1139 2067 1295 2121 Garris]
1333 2078 1517 2118 tanquam
1553 2068 1649 2108 auis.

998 2124 1120 2166 Vnde
1141 2123 1326 2179 garrulus.
1382 2127 1431 2164 Et
1446 2126 1595 2178 garrire
1619 2127 1654 2164 ie

1001 2180 1146 2230 dicitur,
1158 2180 1222 2232 qui
1233 2180 1402 2218 inaniter
1412 2179 1591 2230 loquitur.
1605 2182 1654 2222 C.

1054 2237 1237 2287 Plerique
1254 2235 1367 2275 codd.
1384 2235 1485 2275 recle
1505 2236 1652 2278 addunt

999 2292 1079 2333 Es:
1105 2291 1222 2347 Qffld
1235 2299 1271 2331 εἴ
1291 2306 1326 2330 es
1340 2291 1537 2344 pollicitus.
1567 2296 1607 2333 B.

1051 2361 1108 2391 20
1146 2347 1386 2402 Experihere]
1432 2349 1651 2399 Antiquum

1000 2404 1083 2446 est:
1134 2417 1206 2443 nos
1253 2403 1419 2444 dicimus
1457 2406 1650 2457 experiere.

998 2461 1191 2501 quenalis
1220 2461 1315 2512 (Sat.
1345 2474 1379 2509 1,
1413 2463 1545 2513 170.),
1576 2463 1652 2502 Ex-

992 2519 1135 2570 periar,
1153 2516 1243 2570 quid
1261 2516 1477 2558 concedatur
1492 2519 1534 2558 in
1551 2515 1648 2571 illos,

999 2584 1072 2613 etc.
1126 2574 1168 2614 C.
