1815 3168
558 100 975 147 EVNVCHVS.

1350 122 1445 169 433

121 240 184 293 55
220 223 355 281 Quod
379 225 478 278 scis,
513 225 672 278 nescis,
705 241 850 289 neque
874 225 927 273 de
949 227 1191 282 Eunucho,
1220 247 1365 295 neque
1392 234 1446 282 de

313 304 418 348 vitio
441 302 619 360 virginis
635 320 644 346 :

214 379 313 423 Hac
342 393 390 421 re
422 387 464 421 et
484 387 525 421 te
559 377 682 422 omni
712 373 839 422 turba
869 377 1073 432 euolues,
1111 388 1155 425 et
1177 379 1240 425 illi
1270 395 1443 442 gratum

312 451 477 499 feceris.

1178 477 1185 494 t

210 522 260 574 Id
280 527 413 574 modo
441 527 521 579 dic,
547 524 675 574 abiss'e
700 531 889 593 Dorum.
925 525 1008 575 ΡΥ.
1049 531 1109 577 ita
1135 530 1302 582 faciam.
1339 531 1440 581 Do.

309 603 378 649 sed
398 596 571 649 videon’
594 602 859 649 Chremem?

207 674 348 726 Thais
370 680 454 724 iam
473 678 622 724 aderit.
663 676 759 725 ΡΥ.
797 679 903 742 quid
928 679 1016 725 ita?
1052 678 1160 729 Do.
1190 684 1304 746 quia,
1336 701 1439 733 cum

303 753 406 800 inde
427 754 548 805 abeo,
571 757 658 800 iam
679 765 774 801 tum
799 756 1022 818 inceperat

205 828 364 876 Turba
384 831 496 875 inter
518 827 624 875 eos(
649 830 683 877 P
698 843 741 874 Y.

779 831 899 876 aufer
923 847 1079 877 aurum
1100 831 1209 880 hoc:
1249 851 1333 897 ego
1364 836 1440 885 sci-

303 904 361 951 bo
389 920 439 951 ex
459 904 559 958 hoc,
581 905 688 968 quid
715 903 805 952 fiet.

124 1135 177 1179 55
205 1123 323 1179 Qod
335 1124 572 1180 scis-,nestis]
603 1126 724 1166 Vnde

67 1181 110 1221 in
122 1185 336 1221 Heautont.
370 1181 524 1232 Ncfiias
533 1183 632 1234 quod
631 1182 721 1233 fiis,

57 1237 226 1290 stfilpis·
283 1240 331 1276 Et
359 1235 433 1275 hoc
462 1237 516 1275 est
535 1239 638 1288 quod
661 1257 722 1277 κα·

67 1292 205 1339 κόζηλον
222 1292 371 1330 dicitur.
425 1292 542 1345 Qod
557 1293 648 1342 scis,
669 1308 723 1332 ne-

54 1348 154 1402 scis]
187 1347 433 1388 Prouerbiale
455 1347 528 1394 est,
560 1360 599 1387 et
625 1350 721 1388 mul·

68 1416 151 1444 tum
187 1404 290 1455 apud
330 1404 558 1443 Dialefflcos
595 1407 720 1444 traffiha-

67 1471 170 1500 tum:
204 1471 251 1506 vt,
275 1459 386 1497 Facio
401 1489 411 1505 ‚
446 1473 480 1497 et
501 1459 691 1509 nonfacio
708 1477 723 1498 .-

66 1515 387 1564 et‚Amicusfitm‚
409 1529 444 1553 et
455 1529 526 1554 non
535 1515 627 1565 sum
637 1534 649 1552 :
668 1526 719 1565 et,

64 1572 200 1618 Audio,
220 1586 257 1610 et
272 1585 345 1609 non
362 1571 487 1615 audio,
511 1583 551 1609 et
570 1582 720 1610 caetera

64 1624 296 1666 huiusmodi.
325 1626 386 1665 De
397 1626 589 1680 Eunucho]
610 1628 721 1677 Quid

63 1682 191 1723 fuerit.
257 1685 316 1724 De
355 1682 545 1736 Eunucho]
598 1683 720 1734 Quod

63 1738 241 1780 Chaerea
275 1737 344 1786 fit,
384 1753 465 1777 nou
500 1739 718 1779 Eunuchus,

60 1794 122 1834 De
152 1796 247 1832 vitio
277 1794 457 1848 virginis]
500 1794 617 1845 Quod
641 1796 719 1835 iam

57 1850 196 1891 mulier
217 1848 315 1888 fae-'ta
335 1851 389 1892 iit.
443 1852 490 1889 D.

114 1905 227 1961 Qod
231 1905 323 1955 scis,
333 1904 462 1959 mstis]
484 1908 532 1945 V.
544 1906 588 1947 C.
600 1905 719 1960 Qod

49 1960 161 2016 scias.
216 1962 280 2001 Sic
297 1961 338 1999 in
356 1965 564 2002 Heautont.
587 1975 647 2010 lv,
676 1976 713 2015 4,

60 2022 128 2062 26.
171 2018 229 2056 Tu
258 2017 370 2068 mstis
398 2018 456 2067 id,
489 2017 594 2070 quod
618 2018 706 2069 fiis.

60 2075 213 2114 Plautus
240 2074 282 2112 in
308 2073 441 2115 Milite
478 2087 537 2119 Π,
567 2077 615 2120 6,
647 2081 711 2123 88.

2 2131 4 2134 ’
56 2130 151 2171 ‚Nae
169 2142 210 2167 tu
231 2129 355 2175 hercle,
380 2131 471 2181 fite
486 2130 561 2167 Dii
578 2143 712 2179 ament,

61 2185 226 2239 linguam
235 2187 441 2238 comprimes
468 2184 620 2237 Posthac
630 2204 645 2224 .-
663 2200 710 2225 et-

60 2245 137 2283 iam
155 2239 250 2289 illud,
277 2241 485 2294 quodfiies,
506 2241 710 2292 nfiiueris,

64 2295 127 2334 Ne
155 2297 312 2346 videris,
344 2298 446 2350 quod
472 2299 624 2337 videris.
656 2302 697 2337 Io

59 2351 230 2392 sarisber
263 2354 377 2403 Epist.
403 2358 492 2402 186.
525 2355 711 2394 comicum

59 2405 152 2448 illud
167 2408 253 2459 jere
271 2409 310 2446 in
328 2411 483 2448 omnium
502 2410 712 2451 volueretur

59 2466 205 2509 animis,
222 2461 437 2517 Qodscio‚
461 2467 589 2517 ηςῙί-ἰο.
622 2469 661 2506 L.

113 2522 166 2572 56
199 2520 278 2557 Hac
304 2533 343 2557 re
370 2532 405 2558 te
423 2524 521 2560 omni
545 2521 656 2562 turba
675 2537 710 2561 e-

61 2575 199 2626 uolues]
229 2572 350 2618 Causa
369 2577 541 2629 quaefita‚
564 2591 630 2619 cm·
646 2593 712 2621 an-

1174 980 1440 1038 ACTVS

773 1136 814 1165 te
841 1127 1009 1180 iurgium
1037 1141 1124 1168 cum
1156 1130 1282 1170 milite
1310 1131 1435 1172 Thais

773 1181 920 1222 nesciat
947 1184 1116 1224 vitiatam
1138 1187 1344 1239 virginem.
1381 1191 1434 1229 Et

772 1238 828 1278 illi
857 1253 1009 1293 gratum
1034 1243 1191 1291 feceris]
1231 1244 1323 1291 Cui,
1360 1244 1435 1284 nisi

772 1296 942 1347 virgini?
972 1297 1078 1334 cuius
1105 1296 1274 1346 crimen,
1310 1310 1350 1338 vt
1376 1298 1434 1339 su-

775 1363 859 1400 pra,
891 1349 1041 1390 filentio
1074 1354 1233 1404 texeris,
1262 1353 1434 1404 praeser-

774 1406 842 1443 tim
867 1407 1025 1445 tacentis
1044 1407 1227 1446 iniuriam
1246 1406 1361 1460 suam,
1392 1422 1433 1451 et

773 1460 820 1499 fic
848 1462 1018 1500 dolentis
1044 1461 1214 1501 amissam
1236 1466 1434 1518 virginita-

772 1527 861 1564 tem,
885 1528 923 1556 vt
943 1530 1015 1556 nec
1042 1518 1321 1560 conseffionem
1342 1520 1432 1571 suae

771 1574 991 1611 calamitatis
1013 1571 1138 1612 subire
1158 1576 1269 1625 possit
1288 1580 1432 1627 (Dace-

769 1630 825 1666 ria
843 1630 966 1676 ϊθὲῖθ,
994 1628 1060 1678 illi,
1096 1631 1226 1669 retulit
1244 1632 1291 1670 ad
1311 1633 1432 1673 Thai-

771 1684 871 1724 dem.
905 1686 1063 1724 Etenim
1088 1683 1197 1725 serua
1215 1689 1432 1736 potiusl-le-

768 1754 849 1779 ram
871 1753 1003 1779 curare
1025 1741 1188 1791 videtur,
1206 1756 1322 1794 quam
1337 1745 1431 1786 alie-

766 1809 869 1835 nam.
898 1797 974 1849 Z).
1029 1800 1080 1837 D.

821 1918 874 1959 57
904 1906 950 1946 Id
965 1907 1071 1946 modo
1090 1909 1166 1959 dic]
1198 1909 1246 1949 Id
1262 1925 1334 1963 pro
1344 1908 1424 1962 hoe,

764 1959 1049 2061 ffibiungffiuum
1086 1978 1157 2017 pro
1199 1968 1426 2018 praepofiti-

817 2138 867 2182 58
908 2130 1024 2170 Thais
1049 2133 1124 2171 iam
1142 2130 1277 2178 aderit]
1308 2136 1420 2176 Bene

762 2185 881 2231 dixit,
910 2187 1054 2226 Aderit.
1085 2186 1176 2226 huic
1198 2190 1305 2228 enim
1331 2191 1422 2232 ade-

762 2243 811 2280 rit
828 2242 960 2282 Ήῑειίε.
1020 2243 1121 2297 Quia
1153 2258 1231 2283 cum
1258 2246 1341 2285 inde
1359 2253 1419 2286 ab·

761 2301 817 2342 eo]
847 2298 972 2337 Aliam
1001 2297 1147 2338 causam
1177 2314 1224 2339 ex
1242 2303 1317 2340 alia
1336 2301 1419 2355 sup—

761 2351 906 2405 posuit:
949 2355 1052 2406 quafi
1083 2355 1257 2408 diceret,
1298 2359 1414 2399 Video

760 2410 919 2459 causizm.
979 2412 1030 2450 D.

817 2533 869 2574 59
897 2519 953 2560 Tu
963 2523 1034 2574 ftr
1052 2522 1200 2571 aarum]
1230 2523 1298 2566 Ms.
1311 2527 1352 2565 R.
1374 2536 1416 2567 et

758 2578 958 2674 V.C.ETu
977 2581 1084 2633 aufer
1100 2594 1244 2622 aurum.
1301 2586 1349 2633 L,-

913 2646 937 2673 e
