1815 3168
516 202 603 244 DE
636 198 1030 244 TERENTIO.
1324 217 1466 246 XLIX

111 325 161 364 de
184 320 308 363 nostro
329 319 489 367 iudicet,
519 317 656 358 diserte
677 317 869 369 expreffin
930 317 1160 359 Vbertatem
1188 321 1295 359 enim
1322 322 1458 362 tribuit

109 378 372 431 Tragoediae‚
400 390 516 425 quam
543 375 604 413 dat
625 376 817 413 Pacuuio:
854 376 1107 426 gracilitatem
1132 377 1308 428 Saryrae,
1342 392 1458 427 quam

110 434 244 475 tribuit
262 433 429 474 Lucilio:
458 432 764 470 mediocritatem
785 442 875 468 vero
893 431 1147 477 comoediae,
1171 445 1285 482 quam
1307 434 1370 471 dar
1390 438 1457 472 Γε-

111 491 234 531 tentio
303 487 358 526 Vt
385 487 411 526 fi
433 490 519 538 quis
540 488 733 527 vberrimo
762 484 951 525 sermonis
981 499 1127 538 genere
1146 487 1343 526 heroicum
1366 488 1458 527 defi-

109 548 188 587 niat
210 547 386 584 poetam:
414 554 452 586 et
474 544 546 581 hoc
566 543 707 582 tribuat
727 542 902 594 Virgilio.
961 542 1081 582 Aulus
1099 543 1249 582 Gellius
1274 545 1339 582 lib.
1364 539 1451 598 Vir,

108 614 188 653 cap.
216 613 275 652 13.
333 599 421 640 Vera
439 612 559 639 autem
589 612 622 637 et
636 600 793 651 propria
819 595 1021 645 huiufinodi
1038 599 1255 649 formarum
1282 601 1459 652 exempla,

109 662 149 697 in
165 656 290 710 lingua
308 657 466 703 Latina,
496 658 554 695 ΛΤ.
579 656 698 694 Varro
717 653 778 704 ‘ff'
799 654 904 700 dicit,
938 653 1119 692 vbertan's
1142 656 1352 704 Pacuuium,
1368 670 1459 709 gm-

109 715 260 752 cilitatis
282 712 482 758 Lucilium,
520 711 788 749 mediocritatis
806 708 1025 748 Terentium.
1087 711 1201 760 Quae
1229 714 1283 749 est
1312 717 1362 750 de
1381 714 1460 751 Co-

107 769 306 815 moediae,
337 766 664 820 quemadmodum
689 768 728 805 in
754 765 889 806 scholis
910 766 1113 816 loquimur,
1136 765 1306 806 effentia.
1356 768 1460 807 Cum

105 827 263 865 Plautus
293 822 405 874 saepe
429 824 610 875 Tragico‚
654 834 934 872 nonnunquam
969 835 1128 874 quoque
1165 820 1281 870 serio,
1318 834 1462 862 vtatnr,

107 884 358 932 Quamquam
378 880 428 919 ibi
450 876 538 917 sane
557 876 690 917 sermo,
713 891 751 918 vt
769 879 901 930 priore
920 878 1006 916 loco
1026 891 1047 915 a
1067 881 1242 917 Varrone
1263 881 1460 931 accipitur.

109 939 243 978 Sermo
263 939 368 976 enim
387 947 426 975 et
452 935 493 972 'ro‘
513 933 591 977 νῖθος
616 935 824 981 differunt,
854 945 891 972 vt
912 932 1030 971 homo
1051 936 1384 985 prudentiffimus,
1420 945 1462 974 et

107 994 256 1034 femina
275 1004 374 1043 quae
392 1003 488 1043 pure
506 990 696 1042 loquitur-3
725 990 847 1041 qualis
877 989 1015 1028 dicitur
1038 990 1297 1029 Gracchorum
1324 1004 1459 1030 mater.

107 1054 433 1100 Vnumquemque
452 1047 560 1085 enim
582 1048 687 1085 reete
705 1048 935 1097 exprimere,
956 1057 995 1084 et
1015 1045 1221 1084 humanam
1235 1050 1383 1098 optime
1395 1049 1465 1086 de-

105 1106 257 1146 lineare
278 1106 406 1150 vitam,
430 1100 596 1142 summus
617 1115 733 1153 atque
752 1113 951 1141 extremus
969 1101 1039 1141 viri
1060 1113 1177 1153 atque
1199 1105 1359 1142 aucioris
1382 1117 1462 1142 ma-

106 1163 203 1203 ximi
238 1171 398 1200 conatus
432 1158 497 1198 est.
552 1159 669 1199 Recte
692 1155 945 1197 Grammatici'
966 1156 1014 1196 ad
1040 1158 1296 1208 Sophoclem:
1336 1158 1393 1199 ἕςι
1422 1159 1465 1198 δὲ

107 1221 191 1256 'tiro
217 1223 348 1263 μὲγιςον
372 1214 405 1252 ἐν
422 1217 582 1260 ποιητικῇ,
604 1217 701 1257 &nai-a
722 1209 812 1256 ἦθος.
868 1212 931 1263 Efl
949 1224 1070 1252 autem
1090 1214 1184 1253 illud
1198 1219 1402 1254 maximum
1421 1218 1464 1256 im

108 1274 270 1324 Poena,
289 1273 488 1323 exprimere
507 1271 620 1310 ethos.
673 1269 853 1310 Debebat
864 1267 1060 1316 addidiffe‚
1080 1271 1119 1309 in
1129 1270 1350 1311 Dramatica
1356 1285 1467 1325 prae-

97 1330 246 1382 firtim.
299 1332 346 1368 Et
357 1327 536 1366 Horatius
555 1339 633 1366 tam
652 1327 794 1373 multis,
814 1327 931 1365 vitam
952 1326 1203 1377 Tragoediae
1224 1325 1265 1365 τό
1290 1324 1370 1373 ἦθος
1389 1328 1467 1369 effe

110 1386 257 1424 docuit.
312 1382 540 1422 Aristoteles
562 1395 672 1430 vero,
698 1384 812 1420 etiarn
831 1383 871 1420 in
890 1382 1123 1433 Tragoedia,
1152 1382 1237 1434 post
1257 1385 1466 1427 Actionem

111 1443 249 1492 (quam
268 1438 448 1478 Fabulam
476 1439 704 1489 plerumque
729 1439 855 1487 vocat)
887 1447 985 1487 quae
1006 1434 1189 1493 essentiae
1216 1452 1302 1490 pars
1321 1439 1464 1492 prima,

111 1508 265 1549 partem
299 1492 481 1533 effentiae
507 1490 711 1532 secundam
731 1492 924 1533 constituit
940 1490 982 1528 ro*
1001 1494 1091 1535 ἦθος.
1155 1495 1300 1534 Mirum
1329 1497 1384 1536 est
1401 1511 1466 1537 au-

112 1563 206 1602 tem,
228 1551 353 1589 locum
363 1549 544 1588 Varronis
564 1562 585 1587 a
606 1549 765 1588 nemine
784 1549 1035 1587 intelleelum.
1091 1550 1171 1599 Qui
1189 1563 1275 1590 cum
1296 1555 1469 1604 palmam

111 1608 151 1647 in
179 1606 413 1659 argumentis
443 1604 612 1643 Caecilio
643 1604 839 1652 concedit,
868 1605 1085 1656 principem
1105 1605 1348 1646 Comoediae
1365 1609 1470 1649 haud

111 1662 231 1703 dubio
254 1661 463 1701 Caecilium
484 1659 685 1699 constituit.
743 1661 909 1710 Quare?
936 1661 1023 1697 Pars
1045 1662 1292 1712 Tragoediae
1320 1667 1468 1715 praeci-

111 1732 189 1773 pua
225 1716 280 1757 est
308 1721 610 1767 Argumentum.
663 1714 891 1755 Aristoteles
924 1714 1042 1752 modo
1079 1719 1203 1763 μῦθον,
1252 1721 1369 1758 modo
1398 1725 1468 1759 τῶν

111 1778 315 1821 πραγμάτων
333 1774 482 1809 σύνθεσιν
500 1783 636 1809 vocare
653 1768 762 1810 solet.
821 1771 902 1821 Qui
918 1781 957 1807 et
976 1770 1107 1809 multis
1122 1772 1269 1822 probat,
1289 1788 1380 1814 eum
1401 1778 1469 1828 qui

112 1829 181 1870 hae
200 1839 308 1881 parte
327 1827 491 1873 excellit,
510 1826 655 1865 etiamfi
674 1827 837 1866 caeteris
854 1825 1089 1871 destituatur,
1117 1831 1376 1870 Dramaticum
1397 1835 1471 1872 Po.

110 1897 213 1925 etam
234 1885 306 1924 dici
326 1880 440 1934 poss'e.
498 1884 589 1922 Pars
612 1880 777 1922 secunda
799 1879 854 1920 est
874 1881 916 1919 τᾶ
935 1877 1025 1930 ἦθος,
1048 1885 1151 1934 quod
1173 1898 1260 1924 cnm
1271 1890 1467 1928 Terentio

110 1941 274 1994 affignet
285 1938 415 1984 Varro',
436 1940 565 1977 locum
584 1939 639 1977 illi
655 1939 878 1991 proximum
897 1937 1085 1978 concedit.
1144 1940 1261 1990 Quod
1283 1948 1363 1983 non
1384 1956 1470 1996 pot-

112 1997 168 2037 est
185 2000 375 2050 ignorare,
395 1996 459 2046 qui
479 1996 657 2046 antiquos
673 1995 852 2041 Criticos‚
872 1994 1053 2046 inprimis
1065 2007 1195 2035 autern
1209 1998 1468 2048 Aristotelem,

113 2067 199 2094 cum
221 2066 310 2092 cura
329 2053 424 2104 legit
439 2063 483 2089 ac
502 2051 701 2103 intelligit.
759 2051 959 2091 Sermonis
978 2051 1084 2090 enim
1104 2053 1200 2098 laus,
1223 2067 1337 2105 quam
1358 2058 1473 2095 Plau·-

110 2121 153 2150 to
183 2108 300 2148 tribui
320 2108 366 2146 ab
385 2121 432 2146 eo
455 2108 610 2154 volunt,
638 2118 790 2146 tantum
817 2105 921 2144 abest
952 2116 990 2145 vt
1010 2119 1095 2146 cum
1115 2110 1275 2160 reliquis
1296 2112 1470 2152 conferri

109 2164 242 2219 polilt,
270 2174 309 2206 vt
336 2163 528 2216 postremo
545 2163 652 2211 loco,
682 2173 724 2201 et
740 2162 824 2213 post
842 2161 901 2209 ‘cuju
918 2166 1072 2208 διάνοιαν,
1092 2177 1273 2214 ponatur.
1332 2169 1470 2218 Qun-e

111 2235 164 2262 ex
185 2219 378 2260 sententia
409 2220 622 2273 Varronis,
652 2219 717 2271 qui
746 2218 807 2257 hic
827 2217 1072 2258 Aristotelem
1092 2221 1294 2272 expreffit,
1322 2225 1469 2275 primus

112 2278 168 2318 est
182 2277 384 2325 Caecilius,
403 2273 591 2316 secundus
609 2273 663 2313 est
682 2274 918 2314 Terentius:
948 2287 1046 2325 quos
1067 2275 1213 2316 deinde
1235 2279 1392 2321 Plautus
1410 2279 1475 2319 se--

106 2334 249 2386 quitur.
306 2350 309 2352 ·
335 2331 456 2383 Quod
503 2331 676 2370 debebat
719 2327 901 2380 cogitass'e
947 2331 1059 2370 Siren
1108 2334 1198 2385 aeui
1250 2334 1366 2374 nostri
1414 2340 1475 2376 Iu-

111 2390 186 2430 stus
211 2387 376 2440 Lipsius:
405 2388 471 2438 qui
497 2386 674 2440 profesto
703 2388 831 2426 locum
867 2383 1002 2424 summi
1037 2388 1301 2428 Romanorum
1334 2392 1474 2434 Critici

111 2459 195 2485 non
224 2445 458 2496 penetrauit.
514 2442 566 2483 τδ
596 2439 674 2488 ἦθος
710 2453 843 2483 autem
869 2442 1008 2482 Plauto
1043 2444 1231 2485 Horatius
1263 2445 1473 2497 abiudicat,

107 2514 203 2543 cum
217 2501 377 2555 inquit:

705 2590 821 2643 aspice
852 2589 1009 2630 Plautus

338 2648 424 2705 Qu
435 2649 545 2704 pac‘lo
559 2658 690 2703 partes
708 2660 854 2691 tutetur
871 2649 1031 2689 amantis
1051 2644 1186 2706 ephebi.

800 2736 885 2781 da
1428 2745 1477 2787 Et
