1815 3168
602 114 1008 163 EVNVCHVS.

1397 123 1488 169 297

260 236 502 295 Quaesiui?
535 257 673 305 porro
697 241 964 288 Eunuchum
990 238 1094 286 dixti
1117 236 1226 283 velle
1251 249 1307 292 te,

260 319 375 371 Quia
398 316 508 364 solae
532 326 713 364 vtuntur
736 316 803 362 his
822 318 1022 376 reginae5
1060 314 1253 379 repperi.

175 540 230 588 87
256 531 488 590 Qaefiui‘3]
515 534 620 577 Vide
645 548 780 588 quem-

121 590 331 632 admodum
342 590 532 637 exhibeat,
543 603 662 643 atque
673 604 778 631 aeru-

120 661 231 686 mnas
258 648 322 687 fibi
342 646 556 687 difficilium
574 661 781 686 munerum

123 703 226 742 dicat
271 702 491 756 imposuisse
534 705 781 743 meretricem

122 759 240 807 (Edd.
262 771 352 801 vett.
373 761 444 798 ita:
482 760 585 808 Vide,
622 773 664 797 vt
681 759 782 798 exhi-

122 813 225 862 beat,
265 829 456 854 aerumnas
473 814 548 867 fibi
577 815 781 869 d1ffi'cilium

121 884 311 911 munerum
320 869 517 923 impoficzffi’
526 872 779 923 meretricem).

119 926 183 967 Ex
201 928 396 979 Aethiopia
406 925 624 976 ancillulam,
636 928 779 979 inquit,

120 984 224 1024 dixti
242 997 278 1023 te
297 995 434 1036 cupere.
489 983 597 1034 Quid
622 996 699 1037 ego
725 981 781 1022 fe-

122 1040 157 1080 ci
175 1041 218 1078 in
237 1052 279 1078 re
299 1039 408 1088 coeli,
432 1049 472 1078 et
488 1038 584 1089 solis,
613 1053 655 1079 ac
673 1051 780 1093 pene

122 1094 225 1135 orbis
257 1095 439 1140 alterius?
478 1094 652 1149 quaestui.
683 1103 781 1147 “non

121 1152 230 1192 enim
253 1151 296 1200 in
320 1161 475 1204 promtu
503 1162 595 1191 erat.
653 1151 781 1193 Dein-

122 1207 191 1256 de,
231 1221 313 1246 non
347 1206 487 1259 petisti:
533 1204 600 1247 fed
631 1206 778 1259 dixisti:

122 1276 197 1303 nee
215 1263 317 1302 velle
335 1274 391 1312 te,
418 1260 482 1302 sed
508 1276 670 1314 cupere:
698 1276 782 1302 non

123 1320 290 1372 nigram,
317 1316 380 1358 sed
400 1332 447 1358 ex
457 1318 684 1369 Aethiopia:
705 1331 783 1358 nec

121 1374 224 1423 decli,
250 1371 311 1414 sed
322 1375 458 1413 reliffis
470 1374 585 1413 rebus
602 1373 781 1413 omnibus

121 1429 305 1482 quaesiui.
340 1429 448 1480 Quid
460 1430 522 1469 hic
532 1443 614 1469 non
626 1428 782 1482 exquisi-

123 1493 231 1526 tum?
262 1485 354 1537 quid
375 1500 458 1525 non
479 1486 529 1525 ita
551 1483 779 1538 expressum,

120 1552 161 1581 vt
179 1541 278 1580 nihil
297 1541 386 1581 addi
397 1541 533 1593 poffit?
565 1542 782 1582 Eunuchum

115 1609 238 1650 porro
261 1596 361 1644 velle]
390 1598 597 1637 Eunuchos
623 1612 644 1636 a
662 1595 780 1638 Perfis

121 1653 312 1692 institutos
347 1663 482 1705 putant
518 1666 566 1691 ex
605 1652 780 1704 captiuis.

120 1714 156 1751 A
177 1709 400 1762 Babyloniis
428 1709 536 1748 enim
556 1708 781 1749 Hellanicus

124 1766 257 1804 auGtor
275 1765 330 1804 est
351 1764 392 1804 id
411 1761 594 1804 habuifi'e.
653 1766 781 1804 Eunu·

122 1820 227 1860 chum
241 1819 360 1873 pol‘ro
382 1821 482 1861 dixti
490 1819 576 1859 velle
585 1822 648 1872 gte]
679 1817 783 1860 Vide

121 1875 459 1929 quemadmodum,
483 1887 523 1916 vt
533 1876 657 1915 maius
667 1874 783 1915 faciat

121 1932 230 1984 quod
252 1932 453 1984 praestitit,
479 1945 562 1972 non
578 1929 697 1973 semel
715 1931 784 1971 im-

122 1998 234 2039 putat
259 1989 338 2028 duo
365 1989 581 2040 mancipia:
611 1984 677 2028 sed
705 1987 783 2039 pri·

121 2058 187 2084 mo
205 2043 376 2097 puellam,
396 2044 543 2085 deinde
555 2043 780 2084 Eunuchum.

120 2099 355 2146 Eunuchum]
385 2101 537 2147 ἳύνέχος
555 2100 701 2149 εἴρηταί,
737 2099 783 2142 ὦς

124 2155 214 2201 ἐυνῆν
253 2154 358 2206 ἔχων,
395 2156 476 2196 τι-ἶτ’
503 2158 576 2203 2¹52,
612 2158 784 2202 φυλὰτἹων

125 2224 313 2254 οσοοειΝ
332 2224 469 2266 ιὙΝεΝ
487 2223 753 2252 κεκΑΝΔυοσ.
765 2212 785 2231 ¹⁵

122 2268 376 2322 (W‘ielingius
408 2269 600 2320 opinatur,
632 2263 785 2319 scripsis-

125 2320 164 2362 se
191 2323 464 2376 interpretem:
502 2330 518 2362 ὁ
553 2324 662 2375 σώζων
690 2322 783 2366 ivm&

122 2383 295 2427 γυναικῶν,
322 2388 375 2418 καὶ
397 2379 523 2428 ἂνδρός.
577 2383 638 2421 En
657 2391 786 2418 meam

123 2431 362 2485 symbolam:
413 2435 475 2475 ὅσα
504 2437 538 2476 ἐν
577 2438 654 2483 εὐνῇ
682 2438 786 2482 γονῆς

124 2507 164 2527 τε
200 2497 254 2527 καὶ
280 2491 403 2538 linwede.
434 2496 501 2534 W.
555 2496 693 2540 Forte,
723 2488 787 2529 ὅσοι

127 2547 178 2584 ἔτι
205 2544 291 2583 κοιναὶ
319 2547 471 2596 γυναικδς
496 2561 534 2586 τε
561 2556 617 2586 καὶ
644 2546 775 2591 ἂνδρδς.

124 2602 230 2651 Siue,
254 2600 337 2646 ὅπως
355 2602 402 2649 fen*
421 2602 505 2645 ἄλλη
530 2610 549 2648 ἡ
574 2604 656 2653 *runi
678 2609 782 2643 κεκοί-

787 396 904 455 Τς

1374 378 1490 434 Heri

827 550 919 573 νωνκε
945 531 1078 582 ἂνδςδς.
1107 532 1181 579 Z).
1234 531 1370 584 Porro]
1406 532 1488 569 De·

822 590 944 640 inde,
980 590 1043 628 vel
1078 588 1231 642 postea,
1268 587 1329 627 vel
1362 585 1488 625 multo

829 645 922 700 post.
979 648 1028 687 D.

889 709 937 752 gg
975 703 1076 756 Qia
1102 699 1212 751 fialae
1240 712 1398 739 vtunmr
1429 697 1487 738 his

831 758 991 814 reginae]
1025 757 1144 803 Illam,
1168 756 1258 807 quia
1286 769 1333 793 ex
1353 753 1488 794 Aethi-

829 815 930 864 opia.
961 813 1074 859 hunc,
1097 812 1187 864 quia
1216 809 1319 852 solae
1345 810 1403 849 his
1429 823 1489 849 re-

829 871 948 924 ginae
964 879 1132 909 vtuntur.
1163 867 1272 919 Quid
1289 868 1364 906 tale
1372 866 1489 906 Thai-

830 927 869 965 di
889 927 1018 966 riualis
1048 924 1182 965 dedit?
1207 922 1307 979 Qia
1323 922 1428 974 fialae
1446 937 1488 960 v—

828 995 967 1033 tuntur
994 982 1051 1021 his
1079 982 1241 1035 reginae]
1273 980 1388 1019 Varie
1411 982 1489 1019 Eu·

829 1037 1002 1079 nuchum
1029 1037 1145 1084 dixit,
1173 1046 1213 1075 et
1239 1036 1370 1074 intulit
1400 1035 1487 1075 His.

831 1104 889 1144 vt,
919 1093 959 1132 Si
985 1094 1174 1147 qut-'siluam
1190 1091 1247 1143 est,
1275 1096 1338 1144 qutv
1345 1092 1489 1143 placere

819 1150 864 1203 se
875 1149 1022 1202 studeat
1039 1149 1146 1189 bonis
1172 1148 1297 1203 Qam
1302 1147 1493 1201 plurimis,

831 1220 867 1246 ct
899 1208 1050 1246 minime
1084 1204 1217 1244 multos
1245 1203 1403 1243 laedere:
1442 1204 1490 1242 In

832 1262 888 1303 his
909 1265 1021 1303 Poeta
1052 1260 1110 1300 lm·
1130 1274 1260 1300 nomen
1283 1257 1490 1311 profitetur

819 1317 947 1370 suum.
989 1318 1166 1370 Reginae]
1198 1316 1241 1356 Id
1262 1315 1316 1355 est
1333 1316 1488 1355 diuites.

831 1371 896 1413 sed
949 1370 1220 1419 ἐμφατικῶτερον
1267 1371 1331 1410 est.
1389 1371 1490 1423 Quia

820 1428 922 1480 filae
950 1439 1113 1468 vtuntur
1140 1427 1197 1466 his
1225 1427 1384 1482 reginae]
1415 1429 1491 1466 No-

831 1496 886 1532 ta,
914 1497 1032 1535 quum
1050 1482 1282 1524 Eunuchum
1302 1484 1343 1522 in
1362 1482 1491 1536 lingu-

829 1541 902 1580 lari
927 1552 1093 1579 nurnero
1115 1535 1399 1591 praeposuerit,
1429 1539 1491 1578 his

831 1592 1076 1635 subiunxifl'e.
1101 1592 1167 1633 sed
1190 1594 1246 1632 his
1264 1608 1347 1633 non
1358 1593 1490 1634 adEu-

832 1649 1001 1691 nuchum
1019 1650 1160 1699 retulit,
1181 1647 1245 1690 sed
1262 1649 1310 1689 ad
1323 1649 1490 1696 delicias,

832 1719 897 1746 aut
917 1706 1009 1758 quid
1027 1707 1125 1748 talez
1153 1706 1243 1757 quia
1263 1703 1362 1745 solae
1381 1715 1492 1744 vtun·
1531 1709 1534 1711 ’

831 1773 891 1802 tur
908 1760 1125 1802 huiusmodi
1146 1761 1295 1801 deliciis
1314 1757 1493 1814 seruitiis-

833 1831 911 1870 que
929 1819 1106 1871 reginae.
1160 1821 1209 1858 Et
1233 1817 1401 1857 oratorie
1429 1816 1492 1856 hie

831 1873 1009 1921 subdidit,
1029 1872 1131 1926 quod
1141 1875 1182 1913 in
1193 1873 1373 1913 ancillula
1383 1887 1493 1925 prae·

832 1930 1000 1970 tei-misit.
1037 1930 1128 1982 quia
1155 1930 1260 1969 nulla
1276 1926 1494 1982 Aethiopis·

830 1984 868 2027 sa
890 1985 1051 2026 honesta
1069 1985 1142 2025 dici
1165 1986 1302 2037 potuit.
1356 1984 1408 2025 Et
1437 1999 1491 2025 re-

829 2044 941 2099 ginas
962 2041 1081 2082 modo
1101 2041 1241 2081 diuites
1264 2041 1369 2081 dicit.
1390 2051 1430 2080 vt
1449 2041 1490 2080 in

830 2098 1074 2145 Phormione,
1093 2097 1228 2153 Regem
1237 2111 1292 2136 me
1303 2097 1364 2149 esse
1383 2110 1492 2149 opor-

833 2157 921 2196 tuit.
981 2154 1133 2207 Reperi]
1174 2153 1260 2194 Plus
1287 2153 1342 2192 est
1373 2166 1491 2204 quam

832 2213 914 2251 emi.
969 2211 1017 2249 Et
1055 2210 1146 2248 vide
1177 2222 1292 2260 quam
1322 2210 1491 2263 propriis

834 2277 874 2308 et
902 2265 1134 2316 amplissimis
1165 2263 1290 2304 verbis
1318 2262 1403 2305 vsus
1424 2264 1491 2307 est.

834 2323 926 2374 quia
949 2332 989 2361 et
1005 2321 1184 2361 ancillam
1202 2333 1252 2359 ex
1273 2320 1491 2372 Aethiopia,

837 2388 878 2418 et
897 2377 1148 2423 Eunuchum,
1171 2389 1250 2428 quo
1273 2374 1372 2416 solae
1383 2388 1493 2416 vtum

838 2445 899 2473 tur
918 2434 1092 2486 reginae.
1121 2432 1226 2475 illam
1244 2431 1423 2484 quaesiui,
1451 2445 1492 2472 et

831 2491 944 2530 hunc
972 2489 1147 2542 repperi:
1176 2499 1357 2529 neutrum
1383 2489 1492 2529 enim

829 2546 971 2586 horum
993 2544 1107 2589 facile
1127 2542 1257 2596 (forte,
1264 2543 1413 2600 frustra
1430 2546 1491 2598 Z.)

830 2601 993 2658 positum
1012 2611 1105 2643 erat.
1159 2602 1211 2644 D,
1296 2601 1307 2606 ”
