1815 3168
326 167 462 200 inv
584 150 863 199 VICTOR
897 154 985 199 DE
1019 152 1422 200 COMOEDIA.

325 270 638 324 compensante&
697 273 854 324 Duplex
881 270 959 312 effe
989 285 1238 313 numerorum
1262 271 1486 314 differentia
1520 272 1689 313 videtur:

329 328 649 380 quandoquidem
675 339 826 368 veteres
859 329 914 366 illi
940 329 1194 369 Comoediam
1213 331 1324 369 variis
1341 329 1580 383 distinguere
1608 341 1695 368 ver*

329 385 430 424 fibus
449 384 700 431 studuerunt,
726 396 773 423 eo
794 384 900 436 quod
920 384 1024 424 laudi
1045 385 1213 424 maxime
1229 385 1401 435 daretur,
1428 385 1523 437 {iqui
1538 395 1692 424 ’nouum

328 441 511 480 carminis
529 453 654 494 genus
675 437 972 479 adinuenifl'ent.
1029 439 1152 480 Vnde
1177 439 1391 494 Phrynicus
1409 442 1449 480 in
1468 443 1604 482 lonico
1624 442 1695 479 rni-

331 497 419 537 nori
439 497 685 536 catalecticon
705 506 965 535 tetrametrum
992 496 1250 548 excogitauit,
1281 495 1602 548 Pherecratesque
1625 491 1696 535 fibi

332 550 483 593 versum
512 567 534 593 e
562 550 759 604 spondeo,
791 551 962 604 dactylo,
996 562 1035 590 et
1061 549 1242 590 trochaeo
1273 551 1575 604 pulcherrimum
1604 565 1694 591 ςσηἶ

333 609 530 648 cinnauit:
560 620 635 647 nec
662 604 768 645 secus
788 606 949 658 Eupolis
975 616 1238 646 tetrametrum
1257 619 1308 646 ex
1326 607 1516 648 'trochaeis
1535 608 1694 661 conglu-

333 665 487 705 tinauit.
544 667 692 704 Verum
715 661 1008 714 Aristophanes,
1035 670 1076 701 v⁶t
1094 663 1136 701 in
1155 662 1334 702 omnibus
1354 662 1408 702 est
1424 662 1694 711 ποιηττκῶτατοςκ,

335 723 378 761 in
405 720 478 758 hoc
498 721 616 758 etiam
636 718 859 757 vllicedere
877 719 1009 757 noluit.
1061 718 1274 758 iambicum
1301 720 1405 759 eni-m
1434 718 1698 772 hypercatale-

335 778 476 816 &icum
494 786 799 823 monometrum,
826 785 864 813 et
883 773 1287 827 brachycatalefilicum
1308 776 1536 820 trimetrum,
1556 775 1612 814 est
1626 776 1698 814 mi-

337 848 378 873 ra
399 830 581 870 suauitate
610 830 840 869 modulatus.
895 828 1058 882 Insuper
1085 842 1134 869 ex
1154 830 1367 882 anapaestis
1385 833 1596 871 trimetrum
1615 831 1694 870 aca-

338 889 573 935 antestium,
608 899 657 924 ex
677 884 904 926 choriambis
923 899 1015 926 vero
1036 899 1322 926 monometrum
1349 889 1495 939 primus
1519 887 1697 926 omnium

338 944 588 995 temperauit,
618 952 734 993 atque
759 943 831 981 alia
858 943 1057 994 complura
1077 956 1149 994 per
1167 944 1368 991 Seruium,
1394 952 1438 982 et
1459 942 1559 981 illius
1578 942 1701 980 inter-¹

338 1012 469 1053 pretes
487 998 714 1039 Fabulatum
736 1009 935 1047 annotata,
967 1011 1067 1050 quae
1085 998 1308 1038 mortalibus
1335 997 1434 1038 adeo
1460 999 1699 1050 placuerunt,

337 1066 377 1096 Vt
398 1055 577 1095 barbaros
602 1055 719 1094 etiam
736 1052 929 1095 Persarum
949 1055 1101 1094 animos
1116 1056 1317 1107 potuerint
1334 1053 1568 1094 demulcere.
1611 1057 1703 1094 Ere»

340 1113 423 1152 nim
444 1111 545 1163 apud
565 1123 631 1149 eos
650 1110 945 1162 Aristophanem
967 1112 1180 1163 accepimus
1203 1109 1425 1163 praesertim
1445 1125 1467 1149 a
1485 1121 1583 1163 rege
1600 1110 1702 1148 cele»
1762 1115 1764 1117 ’

340 1168 502 1208 bratum.
561 1167 709 1208 Contra
736 1181 827 1206 vero
846 1170 958 1208 Noua
975 1167 1191 1209 Comoedia
1220 1166 1395 1213 lambos,
1426 1176 1466 1205 vt
1492 1166 1701 1217 plurimum

341 1223 457 1271 solet,
489 1219 664 1275 vsurpat:
694 1222 1024 1275 quemadmodum
1047 1237 1070 1263 a
1097 1222 1286 1273 Stobaeo,
1317 1221 1542 1270 Plutarcho,
1572 1221 1702 1261 Gellio

343 1281 458 1320 citata
477 1278 687 1319 Menandri
708 1281 875 1319 earmina
894 1279 1169 1319 demonstrant.

454 1336 568 1376 Binas
595 1346 780 1386 apparatu
809 1335 1044 1376 differentias
1072 1332 1237 1374 extitisse
1263 1333 1513 1374 Grammatici
1537 1330 1704 1372 tradide-

341 1401 453 1439 runt,
486 1401 572 1430 cum
592 1389 738 1429 scilicet
757 1392 796 1429 in
819 1389 1015 1442 personiS‚
1050 1401 1133 1429 tum
1159 1391 1201 1428 in
1219 1388 1298 1441 ipsa
1325 1387 1444 1438 serie,
1472 1387 1711 1430 Comoedia:

344 1459 512 1498 rumque
539 1457 733 1485 contextu.
794 1447 992 1485 Platonius
1020 1447 1121 1486 enim
1153 1446 1281 1485 auctor
1307 1444 1361 1484 est
1379 1445 1519 1484 veteris
1532 1444 1706 1484 como-e-
1733 1463 1743 1467 -‡

343 1504 434 1543 diae
459 1507 594 1543 Poetas
623 1516 646 1542 e
666 1503 789 1541 Scena
817 1501 945 1541 solitos
974 1500 1053 1541 effe
1081 1515 1149 1541 eos
1176 1501 1344 1541 educere
1361 1498 1604 1553 personatos,
1635 1498 1705 1550 qui

344 1560 468 1600 statim
500 1571 550 1597 ex
579 1556 657 1610 ipsa
678 1557 777 1598 facie
798 1572 894 1610 quos
919 1556 1041 1597 effent
1066 1569 1147 1597 toto
1167 1570 1288 1610 opere
1307 1558 1488 1609 carpturi,
1525 1554 1707 1608 spectato-

345 1615 450 1655 ribus
481 1614 716 1653 indicarent:
748 1625 786 1653 vt
809 1614 835 1653 fi
863 1614 965 1654 forte
984 1615 1067 1665 quis
1097 1627 1179 1653 non
1207 1613 1526 1660 audhecarmina
1546 1623 1707 1664 cogere-

345 1682 426 1718 tur,
454 1671 506 1709 de
535 1667 699 1721 persona
729 1680 880 1717 tamen,
912 1669 1083 1721 quisnam
1112 1668 1207 1709 effet
1232 1669 1492 1715 deridendus,
1525 1664 1707 1720 agnosce·

346 1738 419 1767 ret.
477 1726 554 1767 Sed
571 1726 724 1768 ComiCi
742 1728 979 1765 recentiores
997 1725 1046 1764 ad
1064 1724 1317 1764 excutiendos
1343 1724 1574 1776 potissimum
1602 1720 1705 1770 risus,

345 1781 572 1823 histrionum
607 1781 724 1821 facies
753 1781 1048 1834 contigua-arunt.
1105 1784 1169 1820 De
1195 1780 1382 1819 industria
1415 1780 1572 1831 quidem
1597 1791 1709 1817 mon·

346 1836 482 1880 strosos
501 1838 703 1876 hominum
721 1839 842 1876 vultus
863 1838 1051 1890 effingere
1070 1836 1323 1883 conabantur,
1353 1849 1406 1875 ne
1425 1835 1589 1885 cuipiam
1605 1833 1710 1874 forte

348 1894 502 1935 fortuna
520 1893 735 1936 Macedoni
756 1904 846 1932 tunc
864 1893 1055 1945 praefecto
1082 1893 1220 1932 {imiles
1243 1890 1320 1930 esse
1347 1890 1590 1931 viderentur:
1619 1903 1709 1942 pro-

348 1950 524 2002 indeque
548 1948 660 1988 miser
688 1950 754 1988 ille
779 1953 895 1989 Poeta
921 1963 1002 1988 non
1032 1947 1134 1988 secus
1161 1959 1203 1987 ac
1230 1947 1475 1987 fibarbarum
1491 1947 1710 1999 principem

352 2007 439 2046 data
456 2020 572 2058 opera
592 2003 855 2052 subsannaret,
888 2006 1044 2058 publice
1074 2005 1317 2044 multaretur:
1347 2004 1447 2043 adeo
1474 2002 1618 2041 nobilis
1642 2002 1708 2041 illa

352 2063 590 2103 Graecorum
620 2061 791 2100 maiestas
818 2062 977 2113 impuris
1004 2060 1312 2112 obtemperabat.
1368 2060 1534 2110 Quippe
1555 2057 1709 2097 distorta

353 2130 513 2170 corpora
531 2117 751 2158 Menander
771 2117 816 2168 (fi
834 2117 1009 2156 Platonio
1030 2117 1243 2166 credimus)
1254 2117 1448 2167 planeque
1459 2126 1711 2154 communem

351 2174 557 2213 hominum
591 2173 824 2214 excedentia
851 2183 1024 2213 naturam
1053 2172 1228 2224 personis
1260 2171 1494 2219 imitabatur,
1535 2168 1708 2222 profecto

352 2229 565 2281 sapienter,
599 2231 818 2280 Quoniam,
847 2230 972 2280 inquit
994 2229 1082 2277 iiie,
1114 2242 1195 2267 non
1224 2224 1346 2267 solum
1374 2227 1541 2272 malum,
1572 2223 1637 2264 sed
1669 2235 1707 2266 et

352 2287 444 2325 mali
473 2285 628 2325 vitanda
655 2284 708 2324 est
735 2283 906 2337 suspicio.
961 2285 1080 2336 Quod
1111 2295 1242 2323 autem
1269 2283 1317 2323 ad
1342 2281 1510 2324 Fabulae
1537 2282 1709 2333 pertinet

352 2353 593 2388 contextum,
625 2340 777 2382 Chorus
805 2343 847 2379 in
875 2339 982 2379 causa
1007 2341 1061 2379 est
1089 2352 1155 2379 cur
1177 2341 1280 2379 inter
1310 2336 1348 2377 se
1366 2350 1515 2377 veteres
1533 2339 1711 2388 nouique

351 2411 433 2437 non
456 2397 669 2449 quadrent:
704 2396 1022 2448 quandoquidem
1040 2397 1094 2435 illi
1115 2397 1216 2435 varia
1235 2394 1424 2446 quaedam
1444 2393 1710 2432 modulamina

351 2453 637 2505 temperabant,
669 2465 769 2503 quae
798 2452 950 2493 Chorus
979 2452 1135 2505 singulis
1163 2450 1307 2489 actibus
1335 2448 1609 2489 intercinendo
1629 2450 1711 2500 ple·

349 2509 443 2548 bern
462 2509 542 2548 fine
559 2509 709 2557 taedio,
740 2507 940 2559 quousque
961 2509 1052 2546 noui
1072 2507 1359 2560 'egrederentur
1386 2504 1608 2553 histriones,
1636 2504 1711 2544 de-

350 2567 510 2604 tineret.
567 2565 735 2615 Populus
752 2565 859 2603 enim
878 2563 1143 2610 Athenienfis‚
1174 2573 1362 2614 quatenus
1381 2574 1507 2600 rerum
1526 2561 1708 2600 dominus

353 2620 589 2671 habebatur,
619 2621 828 2673 quotannis
843 2620 1001 2663 Aediles
1020 2619 1184 2669 creabat,
1205 2619 1269 2671 qui
1288 2616 1428 2658 sumtus
1445 2616 1594 2658 alendis
1614 2628 1708 2668 pue-

1577 2684 1707 2713 rorum
