1815 3168
463 132 771 179 HEAVTO
792 131 1006 182 NTIM.

1318 144 1407 203 563

179 255 278 306 CL.
321 259 443 314 Quid
463 269 556 305 tute
589 254 767 308 tecum?
808 253 914 304 CH.
952 259 1112 308 dicam:
1150 273 1198 311 vt
1228 275 1275 314 vt
1304 279 1408 324 erae,

281 335 474 380 mansum
504 345 648 380 tamen
671 335 880 397 oportuit.

179 409 217 457 F
220 407 369 457 ortaffe
400 410 669 472 aliquantum
700 410 893 472 iniquior
913 420 1003 457 erat
1034 422 1208 477 praeter
1228 418 1319 464 eius
1341 419 1405 468 lu.

277 484 472 531 bidinem
487 501 496 530 :

178 563 415 608 Patet-etur.
453 576 554 605 nam
579 575 710 623 quem
729 559 874 615 ferret,
906 558 936 606 fi
957 572 1185 627 parentem
1206 582 1298 613 non
1321 569 1406 615 fer-

276 647 343 681 ret
372 635 529 683 suum?

175 713 385 757 Huncine
407 722 496 756 erat
523 727 707 773 aequom
730 727 781 756 ex
803 710 918 757 illius
950 728 1097 768 more,
1130 732 1186 763 an
1207 716 1332 767 illum
1355 735 1408 766 ex

274 787 405 831 huius
425 787 604 833 viuere?

82 875 148 923 30
183 864 239 907 Et
272 860 391 923 quod
422 860 545 905 illum
569 859 785 909 insimulat
809 861 982 917 durum,
1006 862 1051 910 id
1071 881 1165 913 non
1188 865 1262 913 est.
1301 886 1406 916 nam

270 945 504 1000 parentum
531 937 712 982 iniuriae

40 1123 114 1154 tur.
173 1114 244 1155 Sed
270 1115 465 1167 reprimam
492 1114 562 1164 me]
592 1115 697 1156 Scili—

42 1182 125 1219 cet,
153 1184 235 1209 non
264 1171 505 1210 ostendendo
536 1172 615 1210 eius
636 1185 699 1223 pa-

40 1228 106 1266 tris
157 1227 461 1268 teneritudinem
504 1228 547 1266 in
595 1241 697 1266 eum.

39 1281 120 1322 Sed
142 1290 336 1335 reprimam
367 1283 435 1330 me]
476 1286 582 1323 Haec
617 1280 699 1322 sub-

40 1335 150 1377 missa
169 1351 264 1378 voce
282 1339 449 1390 protulit,
478 1351 531 1377 ne
548 1338 699 1379 audiret

41 1393 153 1434 filius.
211 1397 259 1435 C.

97 1448 256 1503 Illene?]
288 1451 373 1488 Hoc
398 1450 531 1500 vtique
556 1448 700 1487 intelli-

42 1507 144 1558 gitur
173 1516 378 1557 propterea
415 1505 576 1553 ἀίὲῖιιπι,
608 1506 700 1556 quia

39 1560 108 1600 scit
139 1562 328 1602 Chremes
362 1563 536 1600 animum
562 1563 697 1600 Mene-

41 1617 159 1656 demi.
216 1621 323 1658 Haec
352 1630 402 1655 ne
435 1615 617 1668 proderet
642 1629 700 1655 re-

40 1673 171 1726 preiiit
188 1670 236 1721 se,
257 1685 293 1713 et
313 1674 464 1724 reliqua
486 1672 600 1712 verba
612 1684 701 1710 con-

40 1729 186 1776 texuit,
227 1729 361 1768 dicens
405 1730 504 1767 hanc
541 1725 710 1773 causams

40 1785 158 1836 quod,
182 1785 223 1822 in
245 1797 349 1824 metu
371 1782 449 1823 effe
469 1783 603 1832 filium,
637 1797 701 1835 pa-

39 1842 87 1880 tri
111 1839 367 1879 vehementer
385 1840 437 1879 est
454 1840 560 1878 vtile.
593 1842 635 1879 E.

94 1900 148 1938 26
180 1896 287 1951 Qid
313 1896 409 1948 tute]
452 1895 554 1944 Quia
586 1893 699 1932 dixe-

39 1964 98 1992 rat
111 1951 303 1992 Chremes
325 1954 521 2003 reprimam
540 1964 602 1999 me,
617 1948 701 1988 sub-

37 2005 144 2048 mifi'a
169 2020 264 2048 voce
288 2019 326 2046 et
337 2007 440 2059 apud
460 2004 509 2055 se,
530 2007 698 2044 interro·

40 2075 105 2118 gat
125 2062 234 2102 filius.
295 2065 343 2102 Vt
369 2077 411 2103 vt
439 2065 536 2106 erat]
567 2064 697 2112 Quam

39 2120 146 2159 bene
193 2129 320 2159 tuetur
366 2129 515 2172 patrum
558 2128 698 2168 partes,

42 2177 109 2227 qui
141 2177 303 2215 omnino
331 2190 351 2215 a
382 2175 468 2214 filiis
506 2173 700 2212 tolerandi

1252 1020 1407 1067 Vnius-

746 1116 847 1156 Vult
864 1117 1010 1159 causam
1029 1120 1181 1161 Cliniae
1199 1121 1323 1161 videri
1342 1122 1408 1162 de-

745 1174 948 1215 teriorem:
977 1186 1015 1214 vt
1034 1176 1207 1217 ostendat
1223 1190 1407 1229 parentes

746 1227 843 1276 filiis,
863 1229 912 1267 ob
934 1232 1024 1269 vitia
1051 1245 1224 1282 eorums
1242 1231 1408 1285 asperio-

748 1297 809 1323 res
831 1282 919 1324 esse.
977 1289 1025 1328 C.

803 1341 882 1380 Alii
907 1341 1047 1393 legunt
1076 1343 1286 1396 quuanm,
1325 1346 1407 1394 alii,

751 1393 962 1447 aliquando,
1020 1399 1097 1437 Sed
1134 1401 1238 1439 reeie
1270 1402 1407 1440 Bemb.

749 1451 1005 1503 aliquantum
1035 1455 1125 1504 quia
1148 1456 1188 1494 in
1212 1454 1410 1496 huiusmo-

749 1505 789 1544 di
815 1506 978 1546 formula
1005 1511 1300 1560 Compar-atinus
1322 1525 1409 1552 non

750 1574 877 1615 auget,
909 1561 975 1602 sed
992 1566 1145 1604 minuit.
1176 1566 1236 1607 Cf.
1255 1570 1354 1607 Eun.
1377 1581 1407 1617 Ι,

749 1631 788 1666 2,
817 1631 879 1669 51.
912 1619 977 1658 vbi
1006 1621 1076 1671 est,
1112 1621 1340 1674 aliquantum
1368 1639 1409 1663 α-

749 1674 888 1713 uidior.
946 1679 986 1715 B.

806 1736 857 1777 28
894 1730 1114 1784 Pateretur]
1149 1732 1193 1771 Id
1222 1732 1296 1778 est,
1327 1734 1409 1785 pati

750 1783 940 1835 debebat,
987 1788 1047 1826 vel
1086 1789 1166 1838 pati
1204 1787 1408 1830 debuiffet.

748 1843 811 1889 Vt,
835 1847 995 1882 Faceres
1010 1841 1135 1893 saepe,
1156 1856 1248 1893 pro,
1276 1843 1409 1885 facere

749 1895 952 1936 debuisses.
1009 1899 1086 1938 Nisi
1116 1900 1236 1937 mauis
1263 1900 1311 1939 ad
1342 1915 1411 1952 pa-

749 1963 845 1990 trem
866 1952 1027 2001 referre,
1048 1967 1083 2004 q.
1102 1954 1138 1994 d.
1159 1954 1326 1995 debebat
1344 1971 1410 2008 pa-

747 2018 805 2051 ter
835 2009 916 2048 eius
947 2011 1026 2060 pati
1056 2009 1292 2051 libidinem?
1330 2012 1411 2053 Sed

745 2061 919 2116 superior
937 2063 1128 2105 sententia
1146 2067 1296 2113 melior,
1326 2081 1412 2118 pro-

748 2131 837 2172 pter
861 2120 920 2167 id,
948 2121 1052 2172 quod
1079 2119 1271 2173 sequitur,
1305 2125 1409 2163 Nam

749 2189 850 2227 quem
867 2178 1018 2227 ferret,
1047 2174 1096 2226 fi.
1163 2179 1270 2217 Nam
1299 2192 1409 2231 quem

42 2230 139 2271 sunt.
194 2231 387 2286 Mansum]
422 2229 600 2280 Mansum
630 2241 698 2280 pro
739 2233 886 2283 fimet,
901 2231 946 2281 fi
963 2244 1154 2285 parentem
1185 2247 1261 2273 non
1278 2237 1411 2286 ferret

43 2286 246 2328 infinitin.
306 2293 381 2332 Vt,
415 2286 552 2325 curabo
586 2285 700 2323 addu-

737 2288 908 2341 suum?]
941 2289 1039 2328 Tale
1061 2288 1114 2327 est
1139 2289 1253 2338 illud,
1294 2291 1411 2331 Cuius

44 2345 139 2383 aum
162 2344 407 2395 Pamphilum,
437 2355 508 2395 pro
538 2340 701 2380 adduce·
738 2343 861 2394 fizlun'
894 2343 1074 2394 confidet,
1114 2348 1179 2398 qui
1201 2345 1314 2396 fitam
1350 2360 1413 2399 ne·-

44 2413 97 2447 re,
121 2410 157 2437 vt
176 2401 275 2450 prius
293 2397 413 2439 visum
441 2398 504 2437 est.
564 2399 611 2439 C.

105 2455 199 2492 Vtut
221 2469 312 2502 erat,
339 2453 522 2508 mansum]
555 2449 704 2504 Qualis-

45 2522 215 2560 cumque,
239 2512 375 2561 inquit,
410 2512 487 2558 fuit,
513 2520 643 2549 tamen
666 2523 705 2547 o·

44 2567 189 2619 portuit
211 2579 359 2616 patrem
385 2565 578 2606 sustinere.
614 2569 659 2605 E.

100 2634 156 2676 27
194 2623 349 2665 Praeter
385 2625 459 2666 eius
494 2621 703 2677 libidinem]

750 2400 888 2455 gligit?
941 2401 987 2441 C.
1097 2456 1104 2463 ·
1126 2457 1133 2465 ·
1253 2459 1262 2470 Ἴ
1281 2457 1288 2466 .

752 2469 861 2550 Eri?
869 2455 1414 2565 a53220321834113032q‘533215s'332

753 2569 810 2621 pit
827 2579 1029 2619 paternam
1048 2567 1328 2610 defensionem.
1360 2574 1411 2614 C.

809 2637 864 2680 30
888 2624 1006 2679 Quod
1021 2623 1126 2669 illum
1143 2624 1328 2680 infimulat
1349 2628 1414 2666 du-

864 2682 901 2724 N
912 2694 939 2728 n
969 2692 997 2724 2
1314 2697 1416 2734 rulth,
1448 2696 1451 2698 ’
