1815 3168
341 130 437 175 606

749 126 783 170 A
797 124 832 168 C
842 125 899 168 T.
935 123 1008 168 111.

1042 125 1238 170 SCEN.
1271 125 1306 174 I.

473 257 594 300 Nam
614 251 722 297 milii
747 250 923 314 quidem
943 250 1098 297 cotidie
1123 251 1305 311 augescit
1328 254 1462 312 magis

383 347 399 378 1
415 345 438 390 5
480 334 548 375 De
570 327 658 373 filio
681 327 929 387 aegritudo:
969 338 1010 371 et
1035 337 1197 387 quanto
1220 327 1379 372 diutius

473 402 619 455 Abest,
631 405 776 461 'magis
801 402 931 463 cupio
951 410 1084 453 tanto,
1112 411 1154 446 et
1175 404 1310 461 magis
1338 400 1546 448 desidero.

482 510 520 525 0
533 492 579 523 Η.
621 477 703 523 Sed
719 476 857 540 ipsum
871 475 981 520 foras
995 472 1209 535 egressum
1221 477 1366 522 video:
1388 477 1474 529 ibo,
1488 476 1694 542 alloquar.

472 553 749 602 Menedeme‚
778 551 909 595 salue:
945 553 1155 595 nuncium
1178 563 1366 614 apporto
1392 551 1485 604 tibi,

413 630 417 634 ⁴
441 643 447 649 ‘
475 631 609 675 Cuius
633 642 831 672 maxume
854 638 894 670 te
916 622 1007 670 ficri
1027 627 1284 689 participem
1306 627 1444 689 cupis.

377 723 437 754 20
472 701 610 749 ΜΕΝ.
623 706 750 748 Num
763 701 966 764 quidnam
983 700 1034 745 de
1046 711 1175 760 gnato
1189 717 1288 747 meo
1299 699 1461 753 audisti,
1478 697 1696 752 Chreme?

475 774 582 826 CH.
623 777 746 823 Valet
767 788 892 838 atque
912 777 1032 823 viuit.
1070 773 1206 821 ΜΕΝ.
1238 775 1490 830 Vbinam'st,
1512 778 1697 841 quaeso?

572 847 681 898 CH.
715 851 830 915 apud
853 867 924 897 me
947 850 1081 898 domi.
1701 865 1706 870 ·

341 1054 486 1110 quidem
515 1051 623 1091 malis
649 1048 924 1102 omnibus'fi'nis
952 1049 996 1089 de

342 1124 501 1161 tempore
516 1111 631 1148 venit.
677 1107 840 1147 Ouidius
853 1107 901 1145 ad
911 1107 997 1146 Gal-

343 1166 436 1206 lion.
463 1167 527 1204 lib.
548 1179 606 1210 iv,
632 1176 692 1213 11,
717 1163 994 1215 13.dePont0:

341 1224 579 1274 finitumque
599 1233 715 1264 tuum,
736 1218 771 1267 ῥ’
786 1229 860 1257 non
878 1221 998 1257 ratio·

342 1293 406 1321 nei
443 1279 603 1317 dolorem
649 1276 730 1328 Ipsa
754 1279 828 1314 iam
848 1276 997 1327 pridem

329 1334 509 1388 suspicor
526 1333 587 1385 effi}
604 1346 714 1371 mora.
769 1334 810 1370 L.
967 1344 969 1346 ·

397 1391 471 1430 Vix
484 1388 669 1428 credibile
680 1386 745 1436 est,
755 1387 875 1432 Diem,
891 1399 967 1438 quo

341 1447 382 1486 in
400 1445 565 1497 emphaii
585 1441 662 1483 'efl'e
683 1443 813 1490 debet,
838 1442 919 1481 fine
938 1457 997 1481 ac-

342 1513 459 1541 centu
483 1499 582 1552 quafi
592 1511 737 1539 mutum
746 1495 998 1538 transmiffum

341 1556 420 1605 esse
455 1572 477 1596 a
511 1560 637 1595 Poeta.
691 1553 857 1597 Fortasse
892 1555 997 1592 locus

340 1613 629 1653 constituendus
656 1610 710 1650 est
735 1612 805 1650 ita:
832 1613 911 1649 Aut
932 1623 998 1664 ego

337 1669 504 1723 prqfi’c‘to
534 1670 674 1722 ingenio
704 1670 850 1721 egregio
870 1666 918 1705 ad
927 1668 999 1704 mi-

329 1727 473 1777 seriam
492 1726 591 1771 Sum,
615 1738 678 1762 aut
698 1723 788 1762 illud
798 1721 996 1773 fizlfiamss,

344 1782 454 1837 vulgo
490 1780 589 1832 qr'tod
616 1781 690 1818 dici
717 1780 850 1827 audio,
883 1778 996 1817 Diem

340 1840 490 1878 tandem
534 1837 690 1874 adimere
731 1835 998 1889 aegritudinem

343 1891 521 1932 omnibus.
582 1893 701 1931 Certe
738 1893 881 1944 ingenio
909 1890 997 1940 firm

342 1949 510 1988 occurrit
531 1946 683 1985 Phorm.
701 1958 733 1994 1,
746 1960 782 1999 3,
803 1958 866 1987 20.
898 1948 939 1984 B.

400 2017 457 2058 17*
473 2003 593 2042 Adibo
612 2003 675 2041 alii
687 2017 699 2049 3
727 2003 854 2040 minus
873 2001 993 2046 κείω

340 2057 564 2113 praesertim
587 2071 672 2096 cum
691 2059 740 2096 ad
756 2071 846 2096 mox
864 2054 994 2107 sequa-

341 2128 411 2163 tur,
432 2127 468 2155 vt
490 2113 601 2162 infra,
628 2113 745 2162 Syrus
759 2110 807 2163 est
821 2114 995 2163 prenden-

340 2173 430 2221 dus,
473 2183 580 2223 atque
607 2169 862 2208 adhortandus
890 2168 994 2211 mihi.

339 2228 403 2270 Ad
423 2240 540 2278 quem
562 2226 687 2264 locum
706 2224 837 2264 Bemb.
857 2221 996 2275 glofl'e-

340 2281 766 2329 masfrebendefflm,
802 2279 892 2331 deest
925 2279 993 2318 ad:

332 2339 491 2392 fidideo
502 2337 756 2390 praetermisit,
777 2339 864 2389 quia
883 2336 996 2374 dic-‘iu-

342 2408 407 2436 rus
426 2408 515 2442 erat,
536 2391 804 2432 adhortandus.
835 2403 992 2432 FAERN.

399 2458 445 2499 18
494 2450 683 2488 Nuncium
714 2460 868 2500 apporto
905 2446 992 2500 tibi]
1042 2484 1046 2488 .

342 2507 515 2547 Nuncins
547 2515 585 2543 et
603 2517 662 2544 res
681 2502 758 2556 ipsa
780 2514 819 2542 et
837 2504 992 2543 nuncius

344 2563 492 2602 dicitur.
551 2563 596 2601 C.

397 2619 584 2658 Nuncium
608 2614 783 2671 apporto]
811 2617 916 2659 Bene
930 2627 994 2668 ge*

1531 931 1697 976 ΜΕΝ.

1044 1051 1227 1090 neraliter
1251 1052 1292 1091 in
1312 1052 1458 1092 nuncio
1479 1061 1612 1092 votum
1636 1051 1698 1090 fu-

1047 1118 1171 1146 turum
1191 1105 1268 1147 effe
1287 1107 1467 1159 promisit,
1488 1120 1527 1148 vt
1545 1109 1695 1147 animus

1045 1163 1204 1214 cupidus
1217 1163 1371 1214 probari
1387 1164 1506 1215 possst,
1519 1178 1602 1202 cum
1613 1177 1696 1202 non

1044 1219 1154 1258 aliud
1177 1216 1391 1269 suspicatur,
1417 1232 1529 1270 quarn
1540 1219 1641 1270 quod
1656 1221 1696 1258 in

1048 1273 1237 1314 desiderio
1284 1273 1409 1314 fuerat
1457 1276 1694 1314 collocatum.

1046 1331 1206 1372 Deinde
1232 1327 1448 1383 subiungit:
1482 1330 1698 1383 Numquid-

1014 1408 1018 1413 ·
1047 1400 1132 1425 nam
1152 1387 1194 1426 de
1209 1399 1324 1440 gnato
1343 1400 1419 1426 meo
1430 1386 1699 1442 audzsti‚-Chre-

1045 1443 1127 1482 me?
1179 1445 1220 1482 E.

1104 1510 1154 1551 19
1202 1498 1319 1539 Cuius
1360 1498 1545 1552 maxume]
1574 1500 1700 1539 „Bene

1044 1566 1227 1609 maxume.
1286 1555 1385 1604 Quis
1411 1555 1523 1594 enim·
1536 1556 1700 1596 nuncius

1046 1598 1104 1648 fili
1122 1610 1264 1663 gratior
1290 1607 1369 1649 esse
1385 1621 1553 1662 poterat,
1584 1623 1700 1662 quam

1047 1664 1140 1709 filii?
1192 1667 1238 1706 C.

1101 1734 1156 1762 20
1184 1722 1290 1761 Num
1316 1721 1491 1775 quidnam
1520 1721 1566 1760 de
1581 1734 1698 1775 gnato

1042 1777 1140 1832 meo]
1173 1777 1277 1828 Quia
1294 1778 1418 1816 omnis
1446 1777 1547 1816 illius
1566 1776 1701 1816 sollici-

1044 1833 1138 1873 tudo
1157 1834 1256 1873 circa
1275 1832 1397 1873 filium
1419 1843 1517 1881 erat,
1551 1833 1698 1872 idcirc·

1044 1890 1166 1928 statim
1177 1888 1227 1926 de
1248 1901 1296 1927 eo
1309 1886 1509 1939 suspicatus
1520 1888 1584 1936 est,
1598 1902 1700 1928 uon·

1045 1945 1140 1984 dum
1156 1942 1252 1982 safra
1272 1944 1488 1983 mentione.
1543 1944 1588 1984 C.

1098 2012 1148 2041 21
1190 1999 1294 2038 Valet
1324 2012 1434 2051 atque
1461 2000 1575 2053 viuit]
1611 2001 1700 2038 Pro-

1044 2054 1245 2108 thysteron
1271 2055 1315 2094 in
1342 2053 1452 2093 sensu
1482 2054 1548 2094 est.
1604 2056 1644 2094 Si
1663 2068 1701 2094 e·

1044 2113 1128 2150 nim
1163 2110 1284 2160 valet,
1323 2109 1535 2150 necefl'ario
1569 2113 1700 2149 vluit.-

1045 2180 1139 2213 non,
1158 2166 1184 2206 {i
1204 2167 1318 2214 viuit‚
1350 2167 1460 2206 valet.
1513 2169 1617 2219 Ergo
1643 2169 1700 2205 vi-

1043 2225 1101 2262 uit
1122 2235 1158 2261 et
1180 2222 1277 2261 valet
1294 2221 1502 2261 dicendum
1524 2233 1612 2261 erat.
1651 2225 1699 2261 Et

1043 2279 1148 2319 bene
1176 2289 1382 2329 vtrumque
1410 2279 1545 2323 iunxit.
1599 2280 1698 2317 Nam

1042 2335 1154 2373 multi
1171 2335 1317 2382 vimult,
1337 2332 1494 2373 sednon
1515 2333 1618 2373 bene
1637 2347 1698 2373 va·

1043 2391 1142 2430 lent.
1199 2390 1244 2431 C.
1308 2434 1310 2437 ι

1099 2445 1232 2499 Valet]
1278 2445 1529 2496 Temperauit
1571 2445 1697 2496 primo

1042 2502 1243 2554 nuncium,
1254 2511 1293 2540 vt
1304 2499 1487 2540 cresceret
1498 2500 1700 2554 gaudium2

1041 2560 1139 2598 Nam
1167 2558 1291 2610 primo
1317 2557 1419 2597 valet
1453 2555 1559 2608 atquc
1587 2558 1696 2604 viuit‚

1042 2614 1191 2666 inquit,
1225 2613 1330 2665 quod
1355 2614 1484 2666 vtique
1505 2609 1697 2653 diuersum

1562 2689 1569 2694 -
1619 2665 1699 2709 effe
