1815 3168
308 138 405 193 584

446 261 565 303 Nam
591 254 809 319 disciplina
831 252 889 299 est
915 250 1083 304 eisdem,
1108 251 1377 296 munerarier

350 336 414 381 60
454 332 640 378 Ancillas
664 333 872 396 primum,
894 328 946 373 ad
972 327 1168 373 dominas
1190 328 1266 386 qui
1284 320 1488 370 affestant
1508 324 1634 371 viam.

449 404 494 454 C
507 420 532 453 L
548 421 562 453 1
579 421 629 452 N.
669 410 820 465 Perge,
844 403 1017 450 obsecro
1029 412 1085 454 te,
1107 411 1150 447 et
1162 416 1263 447 caue
1276 417 1331 446 ne
1343 399 1482 445 falsam
1496 401 1676 460 gratiam

451 483 628 530 Studeas
651 483 772 527 inire.
809 479 913 542 quid
936 481 1005 531 ait,
1030 476 1103 523 vbi
1125 493 1196 522 me
1217 475 1447 522 nominas?

444 550 483 604 S
500 573 541 602 v,
591 557 673 602 Vbi
701 557 883 600 dicimus
908 549 1059 600 rediffe
1081 563 1138 603 te,
1159 562 1202 598 et
1225 567 1378 611 rogare
1396 551 1459 596 vti

341 692 344 697 ἱ
451 635 636 680 Veniret
657 632 708 676 ad
736 643 798 676 te:
845 631 1000 675 mulier
1022 629 1152 674 telam
1174 626 1326 672 deserit

359 711 420 771 65
459 711 695 758 Continuo,
719 718 761 751 ct
782 707 982 751 lacrumis
1005 703 1158 768 opplet
1180 719 1227 748 os
1253 695 1396 748 totum
1420 698 1522 748 fibi:

459 790 517 829 Vt
536 783 657 829 facile
681 782 804 828 scires
830 779 1037 826 deliderio
1060 779 1105 824 id
1126 776 1219 824 fieri
1241 787 1334 823 tuo.

457 856 609 904 CLm.
642 861 746 903 Prae
762 857 934 916 gaudio,
957 858 1015 901 ita
1026 871 1095 901 me
1109 855 1167 899 Di
1181 864 1338 905 ament,
1353 850 1426 899 vbi
1437 849 1516 898 sim
1529 850 1686 898 nescio.

460 939 524 980 Ita
539 934 679 978 timui.
720 927 767 977 C
780 944 806 976 Ι..
823 945 838 976 1
855 944 904 976 T.
939 941 980 976 at
1003 947 1085 992 ego
1099 928 1208 975 nihil
1222 924 1303 974 effe
1319 928 1515 981 sciebam,
1531 928 1687 974 Clinia.

383 1181 434 1221 59
465 1167 566 1206 Nam
585 1165 775 1218 disciplina
789 1162 852 1218 efl]
880 1167 989 1204 Prae·
1034 1176 1103 1217 per
1121 1165 1279 1204 nutrices
1300 1162 1349 1202 ad
1367 1161 1531 1202 alumnas
1553 1176 1695 1216 quaere·

333 1237 486 1276 ceptum
528 1224 569 1261 in
600 1229 695 1262 Arte
725 1220 895 1262 Amandi
931 1222 988 1270 (1,

331 1283 465 1333 351),
498 1291 538 1317 rt
556 1290 741 1317 amatores
759 1278 866 1329 prius
876 1277 990 1315 ancil-

332 1339 387 1376 las
408 1345 664 1386 corrumpant.
721 1336 770 1374 C.

383 1393 572 1433 Dubitant
601 1392 829 1442 interpretes
858 1387 908 1427 de
930 1385 994 1437 Ig's-

333 1449 423 1488 dem.
484 1452 598 1488 Forte
624 1447 701 1500 leg.
754 1446 857 1485 Nam
883 1442 992 1497 (λιγεί-

327 1505 435 1558 plina
458 1503 628 1556 estfit‘ta.
690 1502 836 1542 Gellius
857 1513 928 1548 xx,
960 1511 993 1538 1.

332 1560 431 1600 Scies
455 1562 550 1598 enim
570 1572 623 1598 me
635 1571 708 1611 pro
731 1556 922 1610 difiiplina
933 1555 994 1606 fi·

335 1618 412 1656 Hae
428 1630 541 1669 quam
562 1614 652 1662 colo,
664 1617 853 1668 inquirere
860 1614 995 1666 potius,

335 1686 444 1727 quam
471 1673 667 1711 decernere.
721 1674 762 1711 B.

395 1732 448 1771 60
477 1727 685 1781 Affeaant]
731 1723 916 1778 Affidi'are
945 1721 999 1763 est

337 1798 508 1837 pronum
531 1784 704 1823 animum
718 1783 764 1822 ad
776 1779 999 1821 faciendum

337 1840 496 1880 habere.
539 1844 596 1880 Vt
615 1839 707 1877 dicit
724 1838 866 1878 Festus.
905 1841 1000 1877 Lau-

338 1897 488 1936 rentius
509 1894 619 1941 dicit,
655 1893 827 1945 affidare
846 1889 924 1933 effe
951 1888 1001 1929 af-

339 1952 445 1993 seem
472 1962 512 1990 et
540 1959 680 1990 conatu
710 1949 866 1989 alterius
886 1948 1002 1986 virtu-

341 2020 422 2048 tem
432 2007 630 2056 aemulari,
651 2018 764 2057 quam
777 1999 921 2055 assequi
932 2013 1002 2041 ne·

343 2078 472 2117 queaS,
492 2062 712 2116 refragante
725 2070 869 2101 natura.
915 2060 1004 2098 Ser-

342 2123 429 2160 uius
475 2129 605 2159 autem
642 2117 705 2156 hic
732 2119 1006 2168 interpretatur

342 2176 544 2228 affec'lant‚
604 2175 705 2213 viam
752 2180 1007 2224 praeparant3

344 2231 679 2284 quemadmodum
692 2240 731 2268 et
749 2227 842 2267 illud
854 2225 1009 2280 Virgili-

347 2302 481 2332 anum,
493 2289 639 2339 Georg.
657 2299 713 2336 lv,
736 2288 826 2338 562.
842 2285 1009 2335 viamque

346 2344 489 2396 affec'tat
511 2344 687 2395 Olympo,
718 2342 1005 2392 interpretatur,

345 2403 414 2440 ille
432 2410 632 2453 praeparat
660 2396 729 2437 fibi
757 2397 913 2437 diuinos
934 2394 1007 2434 ho-

349 2470 474 2504 noreS,
497 2455 559 2496 seu
578 2452 757 2506 disponit.
815 2454 860 2493 C.

401 2510 747 2566 Ancillasprimum]
772 2510 1006 2562 Hieronym.

349 2569 397 2609 ad
418 2568 608 2610 Gaudent.
641 2568 768 2606 Solem
780 2565 906 2618 lasciui
918 2578 1008 2604 com-

349 2627 420 2665 mlz'
437 2630 578 2664 iuuenes
603 2622 863 2663 blandimentis
880 2652 888 2670 ,
921 2620 1010 2672 affa-

349 2683 506 2732 bilitate,
543 2681 764 2733 munusculis
786 2679 926 2719 aditum
945 2676 1019 2726 sil»

697 127 856 173 ACT.
889 126 945 170 11.
989 119 1281 170 SCEN.111.

1579 1023 1694 1080 Age-

1040 1236 1091 1260 re.
1123 1220 1210 1259 Vid.
1226 1219 1340 1259 Ouid.
1363 1218 1412 1257 de
1430 1229 1509 1257 arte
1527 1219 1694 1258 amandi.

1040 1276 1165 1330 Lyfias
1188 1277 1228 1314 in
1242 1275 1356 1326 Apol.
1414 1274 1494 1328 ρκ’
1505 1273 1696 1329 affec‘lant]

1041 1333 1197 1372 Seruius
1220 1330 1385 1372 Aeneid.
1412 1345 1478 1378 111,
1500 1335 1593 1384 670.
1640 1334 1700 1371 lu·

1041 1390 1127 1429 nius
1137 1388 1302 1440 Philarg.
1316 1389 1457 1439 Geor-g.
1469 1399 1523 1434 iv,
1537 1391 1628 1438 562.
1658 1392 1701 1430 L.

1097 1448 1147 1487 61
1180 1444 1319 1494 Falfizm
1331 1443 1517 1497 gratiam]
1547 1442 1703 1483 Scilicet

1043 1500 1290 1542 mentiendo.
1348 1502 1448 1538 Nam
1466 1496 1546 1550 ipso
1567 1496 1701 1538 rescito

1045 1558 1166 1612 gratia
1185 1557 1283 1594 inita
1299 1553 1526 1595 frustaberis.
1584 1557 1630 1596 C.

1101 1617 1158 1666 64
1190 1612 1319 1651 Placet
1339 1623 1427 1649 cum
1443 1609 1575 1651 Bemb.
1597 1612 1704 1665 lege-

1045 1683 1089 1711 re
1109 1666 1256 1718 {desinit
1281 1681 1351 1720 pro
1377 1667 1527 1721 vulgari
1563 1667 1707 1718 defirit.

1046 1731 1149 1769 Nam
1182 1723 1343 1776 deserere
1368 1723 1474 1763 telam
1501 1723 1554 1762 est
1581 1723 1701 1771 abire,

1048 1780 1236 1834 aufugere
1262 1794 1283 1819 a
1317 1779 1416 1826 tela3
1455 1777 1522 1819 sed
1551 1777 1707 1828 definere

1049 1838 1103 1879 est
1121 1837 1390 1876 intermittere.
1447 1838 1488 1874 B.

1103 1896 1155 1946 65
1187 1892 1320 1943 Opplet
1349 1890 1408 1944 os]
1447 1893 1546 1930 Nam
1574 1903 1622 1931 ex
1651 1891 1709 1930 ni·

1049 1949 1128 1988 mio
1140 1946 1285 2001 gaudio
1296 1945 1494 1987 interdum
1512 1948 1709 2000 lacrymae

1050 2004 1264 2058 prou-enire
1310 2000 1444 2042 solent.
1522 2004 1710 2054 Apuleius

1053 2063 1232 2110 (Metam.
1261 2061 1333 2111 1.):
1383 2060 1488 2097 Tunc
1526 2072 1590 2113 ego
1611 2057 1715 2113 βψ

1053 2116 1276 2156 naturaliter
1301 2116 1475 2168 quosdam
1504 2115 1653 2167 affec‘Jus
1671 2119 1712 2154 in

1057 2173 1293 2212 contrarium
1326 2174 1539 2222 prouenire.
1606 2172 1710 2210 Nam

1055 2242 1099 2269 vt
1120 2227 1300 2277 lacrymae
1313 2226 1494 2280 fizepicule
1512 2228 1555 2266 de
1569 2229 1711 2281 gaudio

1051 2284 1237 2338 prodeunt
1249 2297 1262 2326 ,·
1280 2285 1335 2322 ita
1354 2297 1388 2323 et
1402 2287 1440 2323 in
1453 2285 1512 2323 illo
1527 2285 1714 2336 nimiopa-

1058 2353 1146 2381 uore
1153 2340 1269 2391 risum
1281 2341 1430 2392 nequiui
1442 2342 1632 2379 continere.
1664 2340 1711 2379 C.

1112 2399 1166 2440 66
1203 2398 1262 2436 Ne
1291 2393 1435 2449 syllaba
1470 2395 1559 2434 huic
1591 2392 1715 2434 versui

1057 2449 1223 2505 superfit,
1242 2453 1392 2505 corrige
1411 2451 1532 2502 fiius,
1567 2444 1711 2502 etipro-

1057 2509 1216 2555 nuncia,
1239 2519 1276 2546 vt
1293 2506 1603 2561 monosyllabon.
1633 2511 1673 2547 Β.

1116 2569 1167 2612 68
1194 2564 1363 2603 Verbum
1372 2563 1715 2614 fiiebamScholia-

1061 2619 1135 2661 stes
1154 2620 1284 2661 Bemb.
1306 2622 1588 2672 interpretatur,
1603 2619 1716 2676 de

1066 2675 1229 2719 timebas.
1286 2689 1481 2719 EAERN.
1530 2708 1532 2710 -
