1815 3168
537 123 1075 171 HEAVTONTIM.

1385 126 1479 186 693

155 266 172 297 1
186 265 210 312 ς
247 246 428 300 Victus,
461 247 659 302 vestitus,
693 265 783 313 quo
805 251 851 295 in
872 246 1039 296 teElzum
1059 260 1102 297 te
1125 259 1336 315 receptes.
1375 246 1479 298 CL.

345 327 381 370 ei
416 324 523 370 mihi
544 328 552 372 Ξ

243 397 347 448 CH·
385 402 522 445 Satius
550 399 622 453 est,
646 399 955 465 quarn-teipso
980 399 1143 447 herede
1165 401 1271 448 haec
1292 399 1475 467 postide-

339 491 387 520 re
414 474 685 523 Bacchidem.

243 548 273 597 S
287 563 334 596 Y.
372 548 583 614 Disperii!
629 550 822 599 scelestus
844 562 1023 614 quantas
1045 550 1193 599 turbas
1214 553 1386 598 conciui
1408 552 1473 597 in-

336 624 467 671 sciens
483 621 495 668 l

240 696 338 748 CL.
380 703 532 748 Emori
554 704 702 767 cupio.
742 697 851 750 CH.
892 705 1015 767 prius
1034 702 1189 766 quaeso
1209 701 1330 754 disce,
1365 699 1472 765 quid

335 774 385 823 fit
409 780 557 824 viuere
573 798 581 823 ε

204 843 208 847 ’
237 851 325 899 Vbi
348 852 461 906 scies,
487 852 516 899 {i
539 853 777 918 displicebit
797 857 895 907 vita,
917 864 1014 900 turn
1039 851 1142 901 istoc
1170 855 1317 900 vtitor.

139 945 200 976 20
239 925 268 974 S
284 941 329 972 Y.
369 930 506 976 Here,
536 929 726 975 licetne?
763 926 869 988 CH.
906 930 1102 993 loquere.
1142 926 1228 975 SY.
1274 939 1317 974 at
1339 924 1469 976 tuto?

331 998 435 1052 CH.
477 1005 671 1068 loquere.
706 1003 793 1052 SY.
833 1022 942 1069 quae
964 1000 1088 1051 ista'st
1108 1006 1313 1069 prauitas,

233 1085 417 1137 Quaeue
448 1081 634 1126 amentia
655 1079 738 1133 est,
771 1081 890 1145 quod
914 1083 1094 1147 peccaui
1115 1097 1226 1142 ego,
1255 1079 1302 1126 id
1324 1074 1469 1126 obesse

330 1154 462 1201 huic?
501 1153 610 1203 CH.
647 1157 778 1202 ilicet.

95 1371 291 1413 vestitum:
312 1384 352 1412 et
371 1372 667 1413 testumhabeas
678 1385 756 1425 quo

96 1440 135 1468 te
153 1430 328 1481 recipias.
384 1433 426 1469 E.

157 1497 204 1537 15
240 1486 382 1533 Vietus,
415 1484 580 1539 vestitus]
621 1484 756 1524 Osten-

95 1539 174 1587 dit,
208 1540 302 1592 quid
331 1540 374 1579 fit
399 1541 495 1580 illud
524 1540 755 1593 praesidium

97 1596 288 1636 stultitiae.
355 1598 478 1636 Vic'lus
499 1598 688 1636 alimonia
706 1597 754 1635 ad

95 1654 212 1693 vitam
252 1650 536 1692 sustentandam
554 1667 565 1701 3
608 1653 754 1703 vestitus

95 1710 217 1748 cultus
247 1709 327 1748 fiue
356 1721 508 1748 ornatus
541 1709 588 1756 gd
616 1721 754 1762 tegen-

95 1765 190 1804 dum
210 1777 359 1816 corpus.
415 1766 601 1817 Receptes]
633 1765 751 1814 Alibi,

93 1821 226 1860 Meum
245 1832 405 1873 receptas
415 1820 549 1872 filium.
603 1825 652 1862 Et
678 1820 752 1860 fre-

95 1877 322 1929 quentariuo
341 1874 420 1915 vsus
441 1876 516 1922 est,
539 1877 643 1928 quod
667 1890 749 1915 non

92 1946 188 1981 raro,
213 1930 278 1972 sed
297 1932 528 1984 frequenter
548 1934 691 1985 poterit
711 1931 751 1972 se

95 1989 283 2038 recipere.
336 1989 383 2029 C.

154 2050 201 2092 18
235 2046 384 2099 Viuere]
417 2047 516 2087 Cum
545 2045 682 2084 virtute
710 2055 751 2084 et

94 2102 247 2141 ratione
265 2102 467 2153 intelligas.
524 2102 571 2142 C.

150 2157 261 2207 Difi·e
300 2159 392 2211 quid
421 2155 469 2206 fi't
497 2156 638 2203 viuere]
682 2159 751 2196 La-

95 2213 210 2253 (stant.
231 2213 296 2252 lib.
317 2227 352 2267 3.
374 2227 456 2265 cap.
481 2220 542 2263 18.
588 2213 648 2252 De
667 2216 748 2252 vita

94 2271 270 2322 quereris,
305 2267 412 2322 quasi
430 2271 582 2316 vixeris,
600 2283 667 2308 aut
685 2283 750 2308 vn-

94 2338 202 2378 quam
221 2324 291 2364 tibi
307 2329 405 2364 razio
428 2325 629 2377 constiterit
642 2356 651 2374 ,
686 2339 750 2364 cur

93 2383 243 2420 omnino
268 2378 316 2430 sis
335 2395 455 2421 natus.
517 2382 655 2421 Nonne
679 2383 750 2435 igi-

93 2437 159 2476 tur
185 2435 256 2476 tibi
280 2450 386 2476 verus
412 2435 470 2475 ille
497 2451 530 2476 et
552 2440 752 2477 communis

96 2496 258 2532 omnium
281 2505 390 2545 pater
419 2494 684 2533 Terentianum
711 2493 752 2531 il-

94 2548 160 2588 lud
169 2552 247 2588 iure
264 2552 536 2600 increpaueriz?
564 2552 670 2590 Prius
682 2546 752 2589 dis-

96 2618 142 2645 ce
168 2604 262 2658 quid
280 2604 322 2645 fit
343 2605 486 2645 viuere.
543 2609 586 2649 L.

1395 1232 1471 1276 Ne

867 1387 918 1430 19
953 1376 1059 1426 Vita]
1089 1378 1176 1416 Hoc
1200 1376 1289 1414 loco
1309 1374 1409 1412 aftus
1429 1381 1467 1412 et

805 1445 934 1472 mores.
986 1437 1036 1477 ,ln
1064 1431 1216 1471 Phorm.
1256 1430 1373 1483 Qem
1400 1441 1466 1483 ego

806 1490 962 1528 viderim
987 1490 1026 1527 in
1047 1492 1125 1527 vita
1143 1489 1332 1539 optimum,
1344 1485 1383 1524 id
1395 1485 1461 1533 est,

807 1548 847 1584 in
867 1545 951 1583 afta
971 1558 1006 1583 et
1025 1543 1198 1583 moribus.
1258 1545 1308 1583 C.

859 1613 915 1641 20
952 1600 1055 1653 Qae
1083 1599 1149 1652 zsta
1173 1598 1219 1649 est
1238 1595 1465 1651 prauitas?]
1531 1613 1537 1615 s

803 1657 1003 1696 Deriuatio
1042 1657 1213 1695 criminis
1249 1655 1291 1694 iu
1324 1651 1363 1693 se
1395 1651 1462 1691 est.

801 1715 849 1753 Et
875 1712 981 1752 bene
1002 1713 1138 1764 optimi
1159 1709 1260 1751 serui
1286 1708 1463 1763 fungitur

803 1768 947 1807 officio.
1005 1771 1051 1809 C.

853 1825 963 1880 Qae
990 1823 1097 1875 istaec
1116 1822 1181 1876 est]
1210 1824 1350 1863 Seruus
1370 1821 1465 1860 iram

799 1880 950 1918 domini
982 1881 1022 1918 in
1043 1878 1246 1932 personam
1277 1875 1378 1916 suam
1404 1877 1463 1914 in-

801 1936 946 1974 clinare
966 1938 1139 1987 cupiens,
1166 1945 1205 1973 vt
1227 1929 1461 1972 adolescenti

799 1991 912 2043 poffit
959 1989 1198 2039 succurrere,
1241 1989 1460 2040 interponit

798 2047 896 2086 haec
917 2047 1041 2087 verba.
1099 2051 1140 2087 E.

855 2106 956 2145 Cum
992 2101 1168 2154 sequatur
1201 2102 1363 2140 amentia
1399 2098 1456 2149 est,

800 2158 904 2211 quod
933 2161 1108 2198 omnium
1136 2158 1220 2197 sere
1239 2156 1351 2195 codd.
1379 2154 1459 2194 fide

799 2216 1089 2267 comprobatur,
1128 2227 1197 2267 pro
1234 2212 1332 2265 tstast
1363 2212 1458 2265 lege

799 2272 915 2324 zstaea
983 2275 1023 2312 B.

853 2339 905 2369 21
939 2327 1059 2369 Ilicet]
1088 2327 1189 2365 Ilicet
1226 2323 1375 2376 semper
1413 2321 1458 2361 fi-

800 2397 892 2423 nem
917 2385 973 2423 rei
993 2381 1187 2436 siguificat,
1209 2392 1246 2420 vt
1263 2382 1379 2420 abtum
1398 2378 1457 2430 est.

801 2441 907 2480 Ilicet
937 2453 1006 2492 per
1034 2437 1255 2492 syncopen,
1282 2435 1387 2488 quod
1416 2434 1458 2472 fi-

801 2494 957 2549 gnificat
983 2499 1034 2534 ire
1062 2497 1158 2535 licet.
1216 2494 1277 2533 Sic
1308 2492 1456 2530 iudices

802 2552 852 2590 de
872 2553 1038 2591 concilio
1061 2548 1375 2592 dimittebantur,
1403 2544 1458 2585 su-

803 2622 936 2661 prema
963 2608 1064 2648 dieta
1095 2619 1180 2646 curn
1211 2617 1354 2658 praeco
1373 2615 1460 2654 pro-

913 2667 984 2707 Xx
1015 2677 1037 2718 3
1364 2672 1466 2698 nun-
