1815 3168
326 93 422 151 658

706 86 864 132 ACT.
900 86 975 133 lv.
1008 86 1130 132 SCE
1150 86 1213 131 N.
1241 85 1319 131 IV.

456 213 550 265 Sv.
588 215 725 278 Atqui
746 212 931 261 dabitur.
969 211 1007 260 B
1022 226 1052 258 A
1068 225 1113 257 c.
1144 221 1190 259 vt
1213 210 1358 264 lubet,
1387 227 1497 260 num
1520 227 1604 274 ego
1624 214 1689 260 in·

561 288 658 339 sto?
696 286 727 335 S
742 302 788 334 v.
829 300 871 335 at
892 284 988 335 scin'
1011 287 1131 351 quid,
1153 286 1307 351 sodes?

459 364 602 416 ΒΑΕ.
639 363 792 419 Quid?
833 361 863 410 S
879 378 923 413 Υ.
957 362 1267 410 transeundum
1287 378 1406 409 nunc
1429 360 1509 409 tibi
1531 362 1692 411 adMe-

561 440 796 487 nedemum
824 437 896 491 est,
921 449 963 485 et
985 449 1059 485 tua
1080 454 1245 503 pompa

464 520 534 567 Eo
551 515 813 563 traducenda
837 512 912 560 est.
949 511 986 560 B
1005 527 1033 558 A
1055 526 1100 560 c.
1136 529 1371 576 quami-em
1391 512 1512 575 agis?
1542 513 1694 561 scelus.

567 589 658 640 SY.
689 589 862 651 egone?
892 600 1122 650 argentum
1145 587 1273 641 cudo,

471 666 610 726 Quod
630 666 709 713 tibi
732 665 847 712 dem.
879 662 918 711 B
936 679 966 709 A
982 676 1028 711 c.
1074 664 1249 725 dignam
1272 681 1344 712 me
1367 675 1523 732 putaS,
1562 681 1698 730 quam

569 740 755 790 illudas?
795 739 825 790 S
838 754 882 788 Y..
912 757 1005 788 non
1030 737 1089 794 cst-
1108 750 1285 788 temere.

1638 834 1702 866 20

342 963 492 1019 maneo]
534 961 614 1014 Qui
647 962 740 1013 (Cui
764 963 826 1015 Z.)
857 974 1001 1016 argen-
1048 974 1118 1002 tur
1135 963 1241 1003 enim
1258 964 1424 1015 pecunia,
1457 960 1549 1001 dum
1565 960 1703 1014 impri-

344 1034 429 1063 turn
460 1020 539 1059 dari
563 1016 707 1071 poffet,
737 1028 778 1058 et
806 1018 1003 1057 nihilomi-
1049 1019 1179 1057 mitur.
1234 1021 1278 1060 C.

343 1091 417 1119 nus
436 1075 531 1116 illud
547 1075 641 1123 fieri,
661 1074 766 1126 quod
785 1072 1003 1124 dispositum

343 1131 452 1175 effet.
483 1135 618 1183 ltaque
628 1130 725 1170 etde
747 1142 920 1182 tempore
940 1129 1003 1169 ad-

346 1189 451 1238 iecit,
473 1187 597 1241 Atqui
614 1189 688 1226 iam
707 1187 872 1227 dabitur.
905 1189 948 1226 E.

351 1248 354 1251 ’
409 1247 460 1288 16
503 1244 607 1283 Num
635 1257 700 1299 ego
727 1242 882 1296 mstv‘3]
918 1242 1004 1281 Fin-

350 1303 411 1357 git
431 1299 469 1340 se
491 1311 571 1339 nou
589 1312 829 1352 magnopere
856 1310 1002 1345 curare,

349 1370 396 1398 vt·
409 1356 549 1396 habeat
565 1368 791 1409 argentum:
825 1353 1008 1406 quemad-

347 1412 523 1455 modum'
538 1409 686 1451 faciunt
714 1411 755 1450 hi
780 1412 846 1463 qui
870 1408 1009 1449 defeffi

352 1469 440 1510 sunt
455 1468 523 1507 diu
535 1467 707 1518 petendo
729 1467 889 1519 aliquid.
944 1464 1009 1504 So-

352 1524 429 1573 des]
451 1524 693 1564 Blandientis
705 1524 945 1564 aduerbium.
964 1523 1009 1562 C.

408 1585 517 1634 Lege
527 1582 641 1633 Atqui
651 1581 725 1620 iam
735 1575 898 1620 dabitur.
926 1576 1010 1617 Post

334 1638 476 1679 ‘verba
503 1635 593 1676 Scin
618 1637 707 1690 quid
720 1636 832 1688 fides
854 1633 1011 1674 subaudi

343 1696 489 1749 facias,
507 1693 568 1732 vel
574 1693 709 1746 fizcere
727 1707 763 1732 te
780 1691 899 1731 velim.
929 1694 969 1731 B.

417 1761 468 1803 17
499 1749 579 1788 Tua
592 1754 742 1802 pompa]
773 1748 815 1787 Id
833 1748 905 1795 est,
940 1759 1012 1785 no-

334 1827 337 1831 .
355 1806 445 1846 bilis
466 1807 679 1852 comitatus,
691 1803 834 1844 scilicet
849 1804 1013 1842 ancillae

357 1863 517 1909 decem,
530 1872 585 1907 set
603 1861 743 1899 caeteri
770 1860 928 1899 comites
946 1859 1013 1911 qui

355 1930 562 1959 venerunt.
620 1920 661 1956 E.
873 1931 877 1933 “

419 1980 466 2022 18
496 1972 571 2020 Eo]
608 1971 784 2013 Ridicule
815 1969 1011 2011 additum:

358 2041 401 2070 vt
445 2028 489 2068 fit
529 2029 603 2076 Eo,
643 2028 735 2067 ‘loci
771 2027 1012 2067 aduerbium.

358 2086 484 2142 ‚Quam
503 2099 576 2124 rem
593 2085 702 2139 agis?
717 2083 852 2135 stelas]
877 2086 923 2124 In
934 2088 1014 2123 An-

360 2145 452 2191 dria,
475 2140 549 2180 Vbi
564 2140 613 2191 est
628 2141 703 2180 illic
711 2139 846 2191 fiblus.
897 2143 947 2180 Et
964 2137 1013 2176 ad

360 2197 622 2246 intelleRum',
647 2210 728 2236 nou
754 2195 802 2235 ad
821 2194 936 2235 verba
955 2207 1015 2233 re·

360 2256 518 2308 digitur.
574 2253 675 2292 Nam
693 2264 733 2292 et
751 2251 881 2303 stelas,
907 2250 1016 2302 stele-

1114 1076 1275 1129 Egone?
1330 1087 1527 1129 argentum
1580 1071 1703 1126 cudo]

1052 1131 1218 1180 Quaeris
1231 1143 1296 1169 cur
1305 1140 1343 1169 te
1354 1130 1401 1168 ad
1413 1130 1579 1170 Cliniam
1589 1127 1707 1168 trans·

1054 1187 1111 1226 ire
1139 1186 1224 1225 volo
1237 1189 1256 1232 ’ζ
1286 1196 1491 1239 argentum
1513 1185 1632 1225 cudo:
1663 1184 1707 1227 id

1055 1243 1108 1282 est
1129 1242 1299 1294 produco
1310 1242 1413 1294 quod
1426 1241 1494 1281 tibi
1504 1241 1606 1283 dem.
1636 1242 1708 1281 Cu-

1054 1300 1102 1339 do
1137 1299 1292 1352 proprie
1327 1297 1380 1336 est
1416 1310 1608 1349 compono
1642 1297 1708 1339 vei

1056 1352 1201 1404 tundo,
1231 1353 1336 1394 vnde
1355 1355 1474 1404 Inous,
1503 1353 1566 1393 vbi
1584 1353 1712 1393 tundi-

1055 1423 1117 1451 tur
1133 1410 1292 1450 ferrum.
1346 1412 1389 1450 E.
1683 1405 1686 1407 ’

1081 1518 1083 1520 q
1113 1466 1292 1508 Bembini
1322 1468 1402 1522 Ego
1438 1478 1522 1505 cum
1548 1466 1714 1506 deterio-

1058 1526 1141 1563 rem
1173 1522 1314 1562 efficiat
1344 1533 1545 1562 accentum
1568 1525 1614 1562 τέ
1633 1522 1715 1562 Sce-

1056 1579 1143 1622 him
1169 1592 1256 1618 cum
1276 1578 1638 1635 n‘ostrislegeEgon.
1668 1581 1711 1623 Β,

1118 1647 1168 1689 19
1196 1633 1535 1690 Qam‘illudas?]
1566 1639 1609 1676 In
1629 1639 1714 1676 An-

1061 1692 1153 1738 dria,
1174 1696 1324 1731 Adeone
1336 1690 1442 1730 vobis
1464 1694 1630 1731 videmur
1647 1690 1712 1744 ejsffi

1061 1749 1199 1797 idonei,
1227 1750 1267 1787 in
1295 1746 1424 1800 quibus
1438 1748 1493 1800 fic
1515 1743 1713 1788 illudatis?

1064 1804 1183 1845 Illudo
1209 1807 1248 1844 in
1268 1817 1323 1852 te,
1358 1801 1518 1855 septimo
1537 1802 1641 1842 casu:
1672 1815 1732 1845 et‘

1061 1860 1176 1899 illudo
1207 1874 1262 1908 te,
1299 1859 1511 1898 accusatiuo
1538 1859 1713 1900 dicimus.

1061 1918 1207 1958 Dicitur
1218 1914 1585 1967 quoqueilludotibi.
1618 1916 1715 1956 Non

1061 1972 1108 2023 est
1130 1970 1275 2018 temere]
1305 1971 1368 2012 Sic
1393 1970 1530 2010 dicitur
1555 1971 1716 2023 quando

1060 2027 1206 2079 aliquid
1230 2026 1272 2066 fit
1289 2040 1373 2067 non
1388 2026 1471 2067 fine
1488 2041 1632 2082 magna
1660 2042 1718 2069 ra-

1061 2086 1184 2124 tione.
1244 2083 1280 2124 C

1115 2141 1236 2194 Qum
1258 2138 1440 2193 illuda5?]
1472 2141 1544 2179 Per
1568 2136 1716 2180 accusa-

1063 2197 1187 2236 tiuum
1216 2193 1340 2235 casum
1372 2194 1434 2234 hic
1472 2195 1616 2235 elifium
1647 2195 1714 2237 est.

1063 2253 1248 2307 Virgilius
1277 2254 1401 2305 (Aen.
1426 2264 1488 2304 11,
1524 2253 1630 2305 64),
1657 2276 1715 2285 --

349 2312 431 2365 stus
450 2309 694 2362 intelligitur.
752 2311 798 2348 Et
816 2308 901 2359 plus
920 2306 1034 2365 dixit,
1063 2332 1120 2341 --
1159 2310 1381 2361 Certumque
1404 2311 1552 2350 illudere
1587 2321 1710 2360 capto.

360 2380 487 2418 quam,
498 2364 664 2417 fieleste:
691 2375 739 2412 vt,
765 2361 931 2403 Tunihil
948 2362 1023 2414 nisi
1064 2377 1134 2416 per
1151 2364 1335 2404 datiuum.
1390 2369 1487 2406 Item
1507 2360 1586 2416 ipse
1595 2368 1715 2416 (Aen.

347 2423 536 2477 sspierztia
553 2435 602 2461 es.
655 2420 819 2461 Martial.
849 2421 918 2471 (xz,
947 2433 1013 2472 92,

357 2483 416 2531 2.)
446 2480 535 2518 Non
556 2477 716 2531 vitiofias
736 2476 846 2515 homo
864 2489 910 2523 es,
933 2478 1012 2515 Zoi-

356 2535 482 2585 Ie,fid
505 2535 654 2573 vitiam.

1063 2427 1126 2468 lx,
1151 2424 1266 2475 634.)
1306 2422 1489 2464 Virtutem
1515 2420 1626 2460 illude
1639 2421 1715 2472 su-

718 2535 924 2586 Argentum
954 2545 1012 2573 cu·
1035 2537 1038 2543 ’
1059 2476 1214 2572 pagii-vit
1231 2479 1444 2589 offfiemere]
1473 2529 1541 2575 Ms.
1554 2535 1595 2575 R.
1618 2531 1713 2575 Nor:

357 2591 430 2646 do]
473 2589 694 2631 Ioculariter
733 2588 839 2628 dixit.
898 2589 1010 2631 cudi·
1059 2587 1127 2629 hoc
1145 2602 1274 2630 temere
1291 2588 1349 2642 est.
1405 2593 1449 2634 Ι..
