1815 3168
548 88 856 134 HEAVTO
877 89 1095 138 NTIM.

1403 97 1494 154 641

266 214 388 270 Quid
416 213 618 262 cumillis
640 230 753 274 agas,
777 214 852 277 qui
878 230 1021 278 neque
1040 217 1122 269 ius,
1157 233 1300 282 neque
1325 218 1495 269 bonum

362 302 490 353 atque
512 306 699 352 aequom
724 290 892 336 sciunt?

168 382 229 430 30
262 365 448 418 Melius,
493 368 639 428 peius3
664 363 834 430 profit,
875 363 1004 413 obsit:
1045 365 1158 413 nihil
1199 369 1373 423 vident,
1414 371 1492 421 nisi

360 439 634 506 quodhlubet.

258 511 351 562 So.
390 518 458 561 Mi
486 516 698 568 Chreme,
734 516 1132 580 peccaui,'fateor;
1169 519 1335 566 vincor.
1372 539 1491 571 nunc

356 591 442 637 hoc
463 601 506 655 te
531 590 705 638 obsecro
719 609 730 646 ;

260 669 439 722 Quanto
461 677 561 713 tuus
583 665 643 714 est
661 669 830 715 animus
845 676 951 714 natu
967 669 1157 728 grauior,
1179 670 1486 731 ignoscentior‚

173 914 228 956 29
257 900 366 958 Qid
385 914 462 942 cum
493 900 562 942 illis
579 903 690 959 agas]
722 906 776 945 A-

120 970 287 999 matores
327 959 402 999 des
392 970 519 1012 guar,
571 962 636 1012 qui
678 960 775 999 nihil

119 1015 227 1067 petili
250 1014 397 1053 habent
422 1026 601 1067 expertes
625 1017 715 1055 iuris
737 1027 776 1056 et

117 1072 244 1118 omnis
263 1072 486 1122 aequitatis:
518 1084 560 1110 ea
579 1070 655 1110 sola
674 1074 775 1112 reSM

115 1137 253 1180 putant
271 1140 370 1178 quae
389 1127 465 1165 illis
478 1126 668 1167 libuerint
701 1131 745 1169 C.

173 1183 279 1236 ‚Quid
313 1195 391 1221 cum
414 1170 518 1236 illis]
541 1181 681 1223 Sensus
712 1184 775 1223 hie

116 1238 384 1278 obscuritatem
414 1237 553 1288 habet,
591 1240 657 1292 qui
689 1240 773 1279 talis

116 1295 192 1335 est:
222 1294 400 1346 Expofita
419 1294 487 1334 tibi
510 1294 564 1333 est
584 1293 672 1346 fitia,
704 1292 774 1334 sus-

116 1350 228 1403 eepta
259 1351 305 1389 ab
335 1365 379 1391 ea
403 1363 506 1402 quae
525 1350 713 1401 pudorem
733 1350 772 1390 fi-

112 1407 189 1447 liae
216 1418 304 1445 tuae
328 1407 537 1446 venderet:
568 1405 631 1446 sed
651 1419 689 1446 tu
711 1420 772 1447 co·

113 1462 239 1517 gitasti
260 1460 344 1500 satis
365 1461 454 1506 effe,
483 1463 698 1502 dummodo
719 1464 771 1502 vi-

111 1530 235 1557 ueret.
293 1521 376 1571 Ego
405 1531 512 1556 nunc
539 1532 656 1572 cogor
684 1533 769 1559 eam

108 1572 317 1626 suscipere,
353 1572 418 1613 sed
445 1573 661 1615 defendere
687 1577 768 1615 eius

111 1631 303 1684 pudorem
333 1644 417 1668 non
446 1628 608 1682 possum.
662 1630 769 1685 Qid

111 1702 192 1726 cum
212 1685 285 1724 illis
304 1686 429 1740 agani]
460 1685 541 1726 Sibi
560 1687 662 1730 dicit,
691 1689 766 1726 vio-

108 1744 184 1783 lata
202 1741 290 1792 filia,
315 1743 460 1781 nullam
480 1740 672 1795 efi'epoffe
686 1745 766 1783 vin-

108 1800 260 1839 diStam.
318 1801 363 1838 E.

108 1910 111 1914 '
162 1922 228 1974 3..¹
250 1909 429 1955 Peccaui,
460 1909 619 1964 fimor]
657 1910 763 1952 Vi&a

104 1967 230 2007 mariti
249 1967 507 2019 argumentis,
541 1968 688 2006 ciimen
709 1965 762 2006 su·

102 2036 169 2063 um
190 2022 348 2062 fatetur:
382 2033 419 2062 et
445 2036 523 2073 quo
534 2025 657 2077 magis
678 2037 759 2062 me·

103 2092 231 2121 reatui·
246 2079 418 2127 veniam,
445 2078 692 2130 simplicitatis
716 2087 759 2118 o'-

103 2137 311 2190 'pinionem
333 2135 432 2172 inire
444 2145 589 2175 tentat:
622 2146 662 2174 et
683 2136 759 2175 hoe

103 2206 175 2245 per
197 2192 520 2241 deprecationem.
577 2193 624 2233 C.

103 2291 106 2295 ¹
159 2248 327 2295 Chreme,
371 2247 540 2300 peccaui]
582 2248 655 2287 Hic
681 2248 760 2288 iam

106 2302 346 2354 deprecantis
374 2304 488 2342 venia
519 2303 774 2356 supponitur,‘

104 2373 190 2399 cuin
212 2358 321 2398 dicit:
356 2359 523 2410 Olficro,
543 2373 678 2412 quanto
698 2374 760 2399 tu·

105 2430 150 2455 us
176 2417 316 2453 animus
345 2426 414 2455 etc.
473 2416 588 2466 Quod
617 2427 700 2455 tuus
721 2430 760 2456 e-

103 2473 187 2512 nim
217 2473 367 2510 animus
402 2481 526 2510 aetate
555 2474 676 2511 maior
705 2473 760 2512 est

103 2528 248 2577 pietate
267 2537 306 2565 et
329 2526 551 2576 clementia,
578 2527 758 2568 stultitiae

101 2595 216 2624 meae
235 2582 355 2622 debet
376 2583 418 2622 in
446 2593 509 2623 tua
526 2584 663 2625 iustitia
683 2584 759 2627 effe

1427 769 1489 813 Vt

824 902 1077 956 p1aesd1um
1104 905 1145 945 id
1166 904 1232 955 est,
1250 906 1398 959 aliquid
1417 907 1483 949 de-

823 961 1011 1001 tensionis
1032 972 1071 1001 et
1088 963 1234 1002 auxilii.
1293 968 1338 1005 E.

879 1086 932 1126 32
963 1072 1123 1126 Quanto
1147 1087 1236 1115 tuus
1268 1075 1315 1127 est
1333 1077 1480 1116 animus

825 1142 913 1167 nato
928 1131 1106 1185 grauior]
1135 1134 1164 1172 I.
1177 1145 1209 1171 e
1223 1132 1380 1182 peritior
1392 1147 1481 1184 pr·o

825 1195 912 1236 pter
931 1186 1058 1235 plures
1076 1188 1347 1238 experientias
1386 1201 1479 1240 quas

823 1239 977 1290 potuisti
998 1240 1118 1280 habei
1120 1254 1153 1289 e,
1167 1242 1249 1293 plus
1264 1257 1376 1294 quam
1389 1258 1479 1298 ego,

821 1299 868 1336 Et
907 1294 1010 1336 bene
1038 1297 1147 1347 dicit,
1184 1312 1344 1353 grauzor
1374 1314 1477 1350 natu,

821 1364 911 1390 nam
929 1353 1094 1392 maiores
1116 1365 1217 1402 natu,
1252 1355 1276 1393 i.
1298 1368 1332 1394 e.
1356 1354 1479 1396 senio-

821 1420 881 1447 res
901 1408 1049 1448 debent
1066 1407 1144 1448 esle
1159 1413 1369 1465 grauiores,
1390 1413 1420 1451 i
1441 1427 1475 1452 e

819 1463 1100 1504 moderatiores
1127 1477 1166 1506 et
1183 1466 1476 1532 constantiores,

819 1530 934 1571 atque
959 1522 1244 1585 prudentiores,
1280 1523 1329 1561 ob
1359 1526 1477 1564 maio-

817 1589 898 1614 rem
930 1579 1226 1629 experientiam.
1267 1581 1405 1619 Potest
1435 1595 1477 1620 e-

816 1632 899 1671 nim
918 1632 980 1671 hie
1001 1635 1084 1685 capi
1097 1647 1185 1673 natu
1193 1638 1361 1689 grauior,
1384 1650 1419 1687 q.
1437 1636 1474 1676 d.

816 1696 902 1726 tuus
930 1689 1081 1728 animus
1099 1693 1223 1741 potuit
1243 1693 1353 1743 plura
1370 1694 1473 1731 vide-

814 1756 867 1787 re,
889 1756 1003 1795 quam
1020 1759 1141 1793 meus,
1165 1759 1283 1797 quum
1303 1760 1366 1785 me
1378 1750 1475 1787 nati-

813 1800 935 1840 uitate
955 1800 1211 1852 praecefl‘erit.
1268 1806 1367 1843 Nam
1389 1805 1471 1843 tere

813 1857 940 1894 mariti
963 1854 1051 1896 sunt
1069 1871 1162 1896 natu
1188 1863 1385 1913 grauiores
1404 1858 1471 1899 seu

812 1912 978 1951 maiores
997 1913 1178 1952 vxoiibus
1199 1914 1284 1955 suis.
1362 1930 1412 1970 ίρϊι
1419 1916 1473 1967 of

811 1969 974 2023 centior]
1004 1972 1049 2008 In
1069 1971 1234 2009 crimine
1253 1970 1301 2009 fic
1321 1931 1473 2011 confes-

807 2024 848 2063 so
880 2025 1054 2065 vltimum
1091 2026 1307 2066 remedium
1337 2027 1472 2066 confu-

809 2093 903 2133 gere
932 2080 981 2119 ad
1013 2081 1187 2121 iudicum
1217 2081 1470 2123 misericordi·

809 2150 881 2176 am.
941 2139 987 2179 C.

862 2193 1135 2248 Ignofientior]
1165 2190 1236 2235 Ms.
1259 2197 1301 2234 R.
1340 2193 1468 2250 Ignes:

809 2252 949 2287 centior
967 2263 1070 2289 tanto
1083 2249 1141 2297 lit.
1200 2254 1240 2290 L.

859 2305 958 2345 Cum
990 2302 1115 2344 versus
1140 2303 1250 2344 huius
1277 2302 1468 2346 sententia

809 2372 912 2411 quae
929 2361 969 2399 {it
986 2357 1153 2415 intelligi
1164 2373 1353 2413 nequeat:
1386 2376 1466 2402 cor-

808 2417 912 2469 rige,
945 2418 1110 2485 anto
1135 2431 1177 2457 tu
1211 2432 1266 2458 me
1291 2434 1327 2459 es
1357 2420 1466 2458 tinnis

802 2475 978 2527 grauior,
1007 2474 1114 2513 ttinto
1142 2488 1176 2514 es
1204 2475 1465 2537 ι’ἕηοῇέητιον.

805 2528 995 2571 Posterius
1019 2531 1087 2573 Es
1105 2530 1216 2574 modi
1248 2530 1469 2586 imperatiui

807 2582 874 2625 est.
930 2589 975 2625 B.

919 2645 943 2683 ὅ
960 2653 977 2680 s
