1815 3168
503 148 972 212 ‘EVNVCHva

1347 167 1443 224 461

119 310 190 365 45
222 296 400 347 Milites,
428 293 561 345 domi,
585 292 758 355 focique
777 291 844 337 fac
866 285 1044 337 viciffim
1063 298 1111 334 vt
1133 294 1399 342 memineris.

221 386 317 436 SA.
358 385 621 433 Iamdudum
641 386 811 429 animus
843 380 902 428 est
922 383 967 427 in
991 382 1165 445 patinis.
1208 377 1321 427 GN.
1359 383 1448 430 fru-

319 480 364 540 gi
384 495 441 527 es,
477 474 576 524 ΤΗ
590 490 636 523 R.
676 491 753 521 vos
777 490 848 520 me
871 473 950 520 hac
974 472 1216 536 sequimini.

87 823 185 865 pace
210 809 326 858 fasta,
357 809 419 849 vel
451 807 597 848 vexatis
629 803 745 845 hosti-

87 869 168 907 bus.
226 866 398 908 Ridicula
432 877 528 917 ergo
566 860 744 916 magnifi-

87 924 216 963 centia
237 922 440 962 verborum
460 919 533 968 est,
570 932 656 958 cum
674 918 746 957 fint

87 978 184 1020 faila
203 978 401 1018 deformia.
460 978 509 1016 D.

147 1036 195 1075 Vt
203 1036 330 1087 fbrtes
342 1035 439 1073 decet
455 1031 608 1079 milites]
635 1033 746 1082 Quo-

89 1092 196 1131 niam
223 1105 292 1143 pro
327 1089 460 1128 labore
487 1086 568 1128 satis
603 1090 746 1139 (Forte,

85 1160 157 1202 pro
186 1159 347 1200 tempore
373 1143 517 1184 laboris
541 1143 643 1194 fittis
678 1145 747 1195 Z.)

89 1204 263 1263 exafflum
287 1202 351 1250 est,
371 1200 530 1241 vicissim
548 1200 590 1239 id
602 1199 692 1253 agit,
707 1209 747 1238 vt

90 1270 270 1313 procuret
288 1258 444 1298 milites.
497 1259 541 1296 E.

149 1383 203 1425 45
233 1371 380 1423 Sanga,
409 1369 469 1406 vti
485 1367 615 1419 fortes
651 1365 748 1404 decet

94 1428 250 1474 milites,
277 1427 378 1465 domi
395 1424 548 1476 focique
556 1422 627 1473 fac
644 1419 750 1470 vicis-⁸

92 1481 158 1532 fi'm
187 1496 231 1523 vt
255 1480 480 1533 memineris]
511 1482 563 1519 Vt
590 1479 686 1515 mire
707 1479 748 1514 in

97 1553 281 1591 coquum,
320 1537 388 1588 qui
415 1535 547 1574 focum
580 1542 682 1571 curat
707 1532 751 1570 iu

96 1596 214 1635 domo
235 1595 365 1647 (domi,
379 1590 467 1630 edd.
485 1590 647 1640 Vener.)
662 1588 752 1639 quia

97 1652 239 1691 milites
269 1650 311 1688 hi
348 1650 471 1701 (vix)
499 1645 649 1684 fortiter
687 1656 753 1694 pu-

98 1717 233 1760 gnant,
247 1706 313 1757 qui
325 1703 408 1743 sunt
417 1715 608 1742 memores
621 1700 754 1738 dorno-

97 1777 195 1803 rum.
255 1761 355 1802 Vide
375 1773 470 1813 ergo
492 1771 607 1809 quarn
619 1767 755 1795 rtrum-

97 1832 174 1871 que
196 1818 400 1856 comicum.
448 1814 510 1855 Ad
532 1812 752 1851 ineundum

97 1875 308 1928 praelium,
342 1869 477 1922 resque
494 1870 651 1908 bellicas
676 1870 755 1907 Do·-

98 1945 175 1972 nax
195 1930 338 1980 primus
357 1926 430 1966 est:
461 1926 510 1965 ad
537 1938 597 1964 res
620 1925 754 1965 dome-

97 1986 204 2026 sticas
232 1987 378 2037 Sanga,
414 1984 481 2034 qui
511 1993 653 2032 coquus
687 1982 754 2030 (ln

98 2053 261 2093 vtroque
278 2041 378 2079 libro
397 2038 470 2078 est:
499 2038 640 2078 Dorax
656 2039 752 2075 enim

96 2102 240 2153 primus
268 2096 316 2150 est
341 2097 391 2136 ad
426 2109 485 2135 res
530 2093 752 2144 domesticas.

101 2157 223 2209 Sanga
240 2167 326 2193 vero
348 2165 491 2205 coquus,
524 2153 586 2204 qui
603 2147 754 2201 viciffim

104 2212 201 2252 domi
217 2209 373 2262 focique
401 2206 638 2258 ministerium
653 2208 756 2255 stlta-

100 2266 242 2322 gebat).
297 2266 416 2304 Domi
429 2263 604 2318 ficique]
642 2261 756 2306 Domi

106 2334 146 2361 et
165 2322 262 2368 Foci,
290 2322 453 2375 genitiui
474 2318 569 2359 sunt.
625 2316 758 2360 Caeci-

105 2379 202 2425 lius,
246 2377 392 2417 Decora
436 2377 544 2416 domi.
601 2375 757 2415 Plautus

107 2435 234 2486 (Triu.
259 2446 314 2482 1v,
344 2447 377 2482 1,
397 2437 506 2486 22),
535 2430 758 2484 Quanquam

107 2492 205 2531 domi
223 2491 340 2541 cupit),
359 2493 527 2542 opperiar
545 2502 678 2529 tamen.
707 2488 757 2526 D.

161 2547 248 2586 Foci
271 2558 305 2585 et
327 2546 439 2590 domi]
467 2545 529 2586 Ad
559 2545 665 2584 cibos
694 2540 761 2585 sci·

109 2603 198 2643 licet
215 2601 510 2654 praeparandos.
566 2605 614 2643 Ε.

1187 617 1450 673 ACTVS

848 803 970 844 Domi
975 800 1151 858 ficique]
1180 800 1354 848 Priscian,
1382 801 1450 842 lib.

794 874 852 903 v1.
909 863 950 900 L.

847 919 937 957 Non
964 918 1067 956 male
1085 917 1137 955 ait
1153 915 1338 962 Daoeria,
1371 927 1454 954 ver-

794 973 901 1020 bum,
917 975 1129 1021 memineris,
1159 970 1236 1011 effe
1248 969 1371 1021 ipsum
1383 971 1455 1009 mi·

795 1031 916 1076 litare,
939 1042 1015 1080 quo
1034 1031 1127 1068 Dux
1144 1027 1314 1066 hortatus
1345 1025 1388 1065 fit
1405 1025 1454 1066 ad

794 1085 946 1126 fortiter
963 1083 1233 1139 pugnandum.
1288 1085 1340 1123 Vt
1350 1082 1455 1135 apud

796 1146 1030 1189 Homerum,
1059 1140 1230 1187 μνήσασθε
1258 1139 1297 1178 δὲ
1320 1137 1455 1186 Ξὶέςιδος

794 1202 909 1242 ἀλκῆς.
963 1200 1006 1237 Ζ.

850 1256 906 1307 46
935 1253 1155 1293 Iamdudum
1186 1254 1328 1292 animus
1347 1251 1393 1303 est
1415 1253 1457 1290 in

793 1312 951 1363 patinis]
1000 1311 1077 1349 Hic
1118 1309 1270 1360 aperuit
1308 1305 1457 1347 causam

796 1371 935 1410 Poeta,
970 1379 1035 1404 cur
1061 1376 1101 1404 et
1125 1366 1270 1403 inuitus
1300 1362 1457 1404 Gnatho

798 1423 870 1460 iret
887 1420 934 1460 ad
953 1422 1073 1465 litem,
1093 1431 1132 1459 et
1151 1420 1278 1458 libens
1299 1419 1459 1458 domum

801 1476 944 1516 redeat.
1002 1478 1116 1531 Frugi
1126 1486 1180 1525 es]
1211 1476 1325 1514 Vtilis
1340 1486 1458 1514 etue-

802 1531 998 1573 ceffarius:
1043 1547 1064 1571 a
1110 1530 1308 1585 frugibus,
1359 1542 1459 1582 quae

803 1588 909 1642 quod
930 1587 988 1627 his
1008 1586 1188 1636 fruamur,
1209 1587 1332 1627 diclae
1355 1586 1455 1627 sunt.

802 1644 902 1686 Inde
946 1644 1091 1693 ftuc‘tus
1133 1654 1173 1683 et
1208 1643 1458 1694 frumentum.

802 1702 899 1742 Frui
917 1711 1047 1739 autern
1069 1698 1122 1738 est
1141 1696 1260 1745 vesci,
1289 1713 1311 1737 a
1329 1697 1461 1737 frumi-

805 1770 870 1803 ne,
890 1769 989 1807 quae
1000 1755 1052 1793 est
1063 1753 1209 1793 summa
1226 1768 1311 1806 pars
1323 1755 1460 1807 gulae:

805 1828 827 1852 a
845 1826 920 1864 qua
938 1826 990 1860 re,
1012 1812 1127 1850 etiam
1148 1809 1229 1858 his,
1257 1823 1357 1861 quae
1386 1822 1462 1849 nec

807 1869 894 1907 cibo
914 1880 988 1907 nec
1009 1867 1151 1919 poculo
1175 1864 1386 1918 sunt‚frui
1406 1866 1462 1904 di-

803 1927 936 1971 cimur,
956 1926 1228 1970 κα-ιαχςηςικῶςε
1254 1932 1387 1973 vtpote
1406 1932 1465 1960 re-

804 1980 875 2019 bus
901 1979 1102 2028 venereis,
1134 1989 1173 2018 et
1203 1978 1463 2018 delecffatione

803 2036 941 2084 odoris,
964 2034 1069 2084 visus,
1091 2034 1254 2083 auditus,
1276 2044 1316 2073 et
1335 2044 1464 2073 caete-

803 2095 865 2133 ris.
922 2094 974 2133 D.

853 2150 1010 2188 Animus
1036 2145 1083 2198 est
1110 2148 1149 2184 in
1172 2146 1332 2198 patinis]
1373 2146 1465 2185 Ale·

804 2206 862 2247 xis
881 2203 985 2257 apud
1001 2202 1149 2243 Athen.
1170 2199 1332 2253 Dipnos.
1353 2199 1460 2244 lib,1.

804 2267 821 2298 ὁ
848 2264 905 2304 vic
933 2265 1002 2307 ’γάρ
1034 2264 1078 2298 iss
1109 2261 1169 2301 τῆς
1188 2261 1356 2305 τραπέζης
1381 2269 1464 2303 τλη-

806 2323 882 2356 σίον.
939 2320 982 2357 L.

862 2374 1009 2412 Omnes
1035 2369 1170 2418 nostri,
1199 2380 1352 2422 praeter
1376 2379 1466 2418 tres,

807 2430 962 2482 Sangae
982 2427 1155 2466 tribuunt
1175 2426 1300 2473 verba,
1326 2427 1399 2465 Vos
1408 2438 1465 2465 me

810 2485 896 2536 h.s.'
954 2483 1083 2530 Male,
1119 2484 1276 2535 opinor:
1308 2495 1398 2522 narn
1423 2491 1466 2521 et

808 2538 957 2583 Thraso
988 2540 1087 2589 exit,
1123 2550 1162 2578 et
1179 2553 1246 2593 par
1265 2538 1318 2579 est
1328 2568 1340 2589 ,
1374 2550 1465 2578 eum

805 2596 1054 2650 praecedere.
1107 2597 1148 2635 B.
