1815 3168
541 143 1076 191 -HEAVTONTIM

1388 144 1480 198 681

168 287 226 335 ις
260 267 315 319 Μ
332 282 374 317 Ε.
416 272 591 318 Gnatus
615 270 735 333 quod
759 269 798 317 se
820 268 1029 318 affimulat
1057 271 1244 326 laetum,
1282 273 1328 320 id
1350 274 1488 322 dicis?

357 343 466 393 CH.
504 346 564 394 id.
598 345 653 392 M
668 359 713 392 Ε.
753 346 872 393 idem
893 345 999 395 istuc
1022 348 1131 393 mihi

190 463 217 474 „
247 423 393 471 *Venit
427 424 472 468 in
503 432 713 469 mentem.
761 419 869 470 CH.
919 433 1149 470 veterator.
1188 423 1299 472 ME.
1336 428 1487 487 magis,

357 496 388 543 fi
411 498 546 557 magis
567 499 701 550 noris,
722 508 852 562 putes

257 576 323 627 Ita
342 590 436 620 rem
460 570 556 619 effe.
595 569 640 619 C
654 587 700 626 Η,
737 573 822 620 ain'
844 575 924 620 tu‘?
963 572 1017 621 M
1031 586 1071 623 E.
1107 576 1214 637 quin
1228 586 1276 621 tu
1290 577 1488 624 ausculta.

355 645 461 708 CH.
499 666 640 706 mane,
663 648 747 695 hoc
767 651 890 713 prius
913 648 1016 695 scire
1040 661 1210 714 expeto,

260 724 384 779 Quid
401 725 668 789 perdideris:
694 741 794 770 narn
806 724 879 772 vbi
893 725 1142 789 desponsam
1155 725 1363 772 nunciasti
1378 725 1490 786 fi1i03

258 802 483 847 Continuo
504 796 691 847 iniecisse
712 801 843 847 verba
863 800 944 847 tibi
970 805 1250 848 Dromonem
1269 802 1437 855 scilicet,

164 893 226 927 20
260 874 666 941 Sponsaevestem-,·
685 893 868 934 aurum,
898 888 1028 941 atque
1054 878 1225 925 ancillas
1249 896 1362 944 opus
1385 876 1493 936 esse.;

356 963 587 1013 argentum
608 961 654 999 vt
679 951 817 1000 dares.

124 1170 279 1227 Fingit]
316 1173 491 1220 Format:⁴
519 1170 678 1211 siti-istes
688 1169 785 1221 sunt,

125 1228 247 1267 laetos
266 1227 405 1267 reddit.
461 1226 616 1281 Fingere
629 1229 788 1281 proprie

127 1284 183 1322 est
211 1283 339 1338 figuli,
367 1284 433 1336 qui
450 1282 592 1323 formas
617 1284 720 1323 ducit
738 1298 788 1324 ex

124 1341 222 1379 luto.
280 1342 326 1381 C.

187 1396 314 1436 Vultus
334 1408 476 1449 quoque
489 1395 686 1450 hominem]
707 1396 788 1437 Ad-

125 1452 205 1492 huc
245 1450 464 1503 perseuerat
498 1452 707 1499 Chremes,
746 1463 786 1491 vt

125 1508 258 1548 credat
277 1523 298 1547 a
316 1510 412 1561 Syro
431 1508 478 1548 ad
500 1508 786 1549 Menedemum

124 1566 209 1617 (vel
229 1564 330 1608 adde
336 1564 557 1617 fluendum,
577 1566 640 1604 vel
651 1565 700 1603 ad
708 1579 790 1604 mu-

128 1633 167 1661 ta
186 1622 227 1659 in
251 1620 427 1672 adueffus
445 1623 508 1672 Z.)
521 1621 789 1673 ‚compofitam

125 1675 208 1718 effe
235 1675 440 1724 fallaciam,
471 1679 521 1716 ita
547 1687 585 1716 vt
603 1688 641 1716 et
665 1678 788 1717 vultus

128 1733 332 1772 hominem
369 1731 692 1774 sceleratiffimum
717 1732 788 1773 fin·

127 1801 206 1845 gat.
260 1793 305 1830 E.
501 1802 525 1827 ο

146 1885 151 1890 .
185 1915 234 1957 ις
261 1900 308 1940 Se
325 1877 527 1956 affimulat]
553 1899 790 1942 Referturad

127 1957 180 2009 id,
205 1959 334 1999 Voltus
353 1958 542 1998 hominum
552 1956 683 2014 fingit.
711 1959 760 2000 C.

188 2074 239 2114 16
271 2071 380 2110 Venit
397 2072 438 2110 in
456 2071 628 2125 mentem]
658 2072 722 2112 Sic
733 2070 795 2111 di-

133 2129 196 2176 cit,
216 2128 306 2179 quia
324 2124 390 2176 scit
422 2126 469 2166 ab
491 2129 558 2166 illo
580 2128 792 2180 deceptum

134 2183 404 2226 Chremetem.
448 2178 695 2239 Veni-atha]
718 2187 792 2225 Ve-

136 2249 194 2279 tus
213 2239 269 2278 est
289 2240 332 2278 in
353 2239 497 2279 astutia.
557 2242 604 2281 C.

192 2295 232 2334 Si
259 2298 377 2351 magis
405 2299 529 2341 noris,
557 2296 683 2349 putes]
720 2298 792 2336 Hic

136 2351 214 2391 iam
243 2353 367 2403 aperit
386 2353 585 2392 veritatem
602 2353 789 2394 Menede-

135 2421 234 2448 mus,
289 2408 415 2461 Magis
444 2410 563 2460 qualis
590 2409 632 2448 fit
662 2410 794 2461 Syrus,

135 2463 352 2517 intelligas,
377 2464 402 2503 fi
431 2467 553 2517 magis
576 2477 674 2518 quae
692 2464 796 2505 fece-

137 2520 187 2559 rit
211 2517 433 2574 cognoscas.
488 2524 531 2563 E.

195 2644 245 2684 17
286 2633 347 2673 Ita
385 2647 457 2672 rem
491 2632 571 2682 effi}
611 2632 797 2676 Vultuose

1383 1033 1494 1090 Me.

836 1173 1186 1226 pronunciandum.
1206 1174 1325 1224 Quod
1338 1174 1362 1214 si
1373 1174 1498 1217 Chre·

835 1242 918 1269 mes
938 1228 1047 1269 sciret
1068 1228 1105 1268 se
1125 1245 1148 1269 a
1164 1233 1261 1283 Syro
1275 1231 1495 1283 deceptum,

835 1299 926 1325 vere
953 1287 1063 1325 illum
1090 1301 1337 1326 veteratorem
1365 1288 1496 1339 appel-

835 1343 941 1381 laret.
999 1344 1133 1391 Mane]
1164 1346 1360 1393 Deceptus
1372 1343 1496 1385 Chre-

833 1411 918 1437 mes
946 1399 1057 1437 aliter
1078 1401 1244 1450 percipit
1271 1399 1386 1439 verba
1404 1401 1496 1440 Me-

835 1454 1014 1502 nedemi,
1055 1468 1169 1506 quam
1196 1453 1276 1507 ipse
1300 1456 1492 1507 loquatur,

839 1522 878 1550 et
916 1510 964 1549 ab
1002 1511 1070 1549 illo
1108 1511 1336 1564 imprudens
1376 1512 1497 1551 eludi-

837 1578 907 1605 tur.
966 1567 1011 1605 C.

894 1624 1030 1670 Mane,
1060 1623 1127 1662 hoc
1142 1626 1266 1675 prius]
1295 1625 1396 1666 Cum
1413 1638 1499 1664 nar·

837 1692 921 1719 rare
940 1680 1059 1718 vellet
1075 1680 1347 1730 Menedemus,
1370 1690 1408 1719 vt
1419 1693 1501 1720 cre-

809 1780 812 1784 <
837 1735 948 1775 deret
965 1738 1102 1789 Syrum
1120 1733 1298 1776 aduersus
1312 1736 1501 1778 Chreme-

839 1803 921 1832 tem
952 1792 1080 1844 potius
1100 1791 1254 1831 infidias
1277 1790 1496 1840 tetendisse,

837 1848 1047 1889 intercedit
1085 1858 1124 1890 et
1157 1847 1272 1896 dicit,
1312 1847 1499 1900 quidnam

840 1903 1075 1956 perdiderit,
1118 1905 1226 1955 quod
1263 1916 1450 1958 negatum
1476 1919 1500 1944 a

838 1960 1082 2002 Menedemo
1102 1959 1167 1999 est.
1225 1960 1345 2002 Vnde
1372 1959 1410 2000 se
1431 1962 1501 2000 mi—

840 2017 913 2057 rari
948 2015 1204 2056 vehementer
1236 2017 1349 2066 dicit,
1394 2017 1499 2069 quod

841 2073 939 2114 haec
960 2071 1168 2112 nonsuerit
1182 2071 1397 2125 suspicatus.
1426 2077 1470 2113 E.
1504 2105 1506 2107 ,

853 2159 856 2162 <
894 2133 954 2170 Ne
985 2126 1112 2168 versus
1156 2130 1366 2178 claudicet,
1408 2130 1500 2177 lege

840 2186 1052 2233 manedum,
1097 2185 1202 2237 quod
1244 2184 1360 2238 saepe
1396 2186 1501 2239 apud

842 2245 1017 2285 Plautum
1039 2242 1213 2281 occurrit.
1269 2246 1311 2284 B.

900 2305 947 2346 18
981 2297 1204 2352 Dcfionfizm
1230 2297 1423 2350 nunciasti]
1455 2300 1504 2340 V.

845 2357 892 2398 C.
924 2354 1189 2407 desponfiztam.
1252 2359 1293 2397 L.

899 2425 953 2454 20
1002 2409 1143 2452 Versus
1187 2409 1294 2450 causa
1341 2422 1503 2463 repone,

844 2466 1004 2520 Spbnstz'e'
1022 2481 1164 2513 aurum,
1175 2469 1320 2521 vessem,
1340 2467 1504 2515 ancillas,

847 2525 937 2576 6pus
962 2523 1041 2576 effi,
1072 2538 1264 2579 argentum
1282 2536 1351 2564 etc.
1411 2525 1506 2566 Cer·

845 2590 885 2620 te
905 2582 1024 2634 Atque
1042 2581 1145 2621 abest
1163 2581 1210 2621 ab
1234 2579 1416 2622 omnibus
1436 2592 1508 2619 no-

846 2636 927 2677 stris
948 2647 1037 2677 vett.
1094 2640 1137 2680 B.

959 2697 1029 2733 Vv
1062 2705 1085 2746 ς
