1815 3168
377 141 468 202 362

770 138 929 187 ACT.
963 139 1040 187 111.
1072 139 1267 187 SCEN.
1295 143 1330 188 I.

506 269 612 313 Erat
635 264 722 318 hic,
746 283 879 331 quem
901 267 1014 320 dico,
1037 267 1237 314 Rhodius
1261 268 1626 316 adolescentulus:

505 346 640 390 Forte
662 342 795 390 habui
816 343 1028 390 scortum:
1063 345 1208 408 coepit
1229 344 1282 391 ad
1305 344 1348 391 id
1373 344 1577 398 alludere,

414 434 438 483 3
452 434 476 481 5
511 422 567 468 Et
587 435 658 465 me
684 418 881 465 irridere.

607 494 713 541 dens
727 498 749 539 ἶ)

962 418 1085 473 Quid
1107 420 1182 472 ais,
1208 421 1401 484 inquam,
1434 421 1571 468 homo
1598 422 1741 486 impu·

504 574 654 636 Lepus
679 582 773 617 tute
794 585 853 625 es,
875 579 919 619 et
940 569 1279 637 pulpamentum
1301 573 1488 637 quaeris.
1525 568 1640 619 GN.
1669 570 1740 624 ha.

606 646 676 700 ha,
709 647 781 694 he.

369 849 510 899 (Locus
540 856 736 898 corruptus
765 845 869 887 forte
904 847 953 888 {ic
979 846 1034 887 est

370 902 644 956 corrigendus:
674 903 838 950 ὑπερβολῇ
857 904 949 943 haut
970 905 1033 955 βι-

366 960 509 1014 perflua
527 963 658 1006 mitur,
677 971 721 997 vt
729 959 938 1012 anficsfi't,
951 973 1030 999 tan-

369 1030 448 1056 tum
480 1028 552 1053 non
579 1014 719 1054 millies.
775 1015 828 1054 Et
857 1018 1032 1055 conuenit

362 1072 520 1124 stultum
538 1071 698 1109 *eundem
728 1081 763 1111 et
789 1072 1034 1110 immemorem

369 1128 453 1180 cyse,
499 1131 555 1165 cui
593 1125 836 1182 intelligentia
873 1140 949 1167 non
974 1127 1031 1180 est.

369 1185 491 1226 Certe.
508 1182 697 1233 postrema
715 1183 800 1222 illa:
834 1186 893 1222 cui
909 1186 977 1224 int.
995 1198 1030 1223 n.

368 1255 399 1283 e.
429 1240 616 1291 leguntur
646 1240 687 1277 in
713 1240 876 1278 Venetis
903 1251 942 1279 et
958 1244 1033 1280 Ar-

368 1297 548 1350 gentina,
579 1308 681 1346 quae
694 1293 849 1334 'nullum
871 1297 1037 1337 lacunae

367 1350 719 1406 iignumhabent).
778 1353 829 1390 D.

424 1410 574 1447 Omnes
606 1407 723 1446 nostri
753 1406 864 1449 codd.
886 1418 926 1447 et
943 1406 1033 1447 edd.

370 1474 464 1504 vett.
504 1462 670 1512 habent,
701 1462 791 1502 Plus
815 1464 1034 1504 miliesviam
1082 1494 1083 1497 η

368 1521 512 1560 audiui.
567 1522 651 1560 Nec
682 1518 780 1559 adeo
808 1533 895 1559 cum
924 1522 1033 1561 Faer-

371 1591 424 1616 no
458 1575 553 1628 iilud
590 1577 667 1615 iam
696 1575 746 1614 ob
766 1578 964 1616 Donatum
993 1586 1033 1616 et

366 1632 604 1673 Bembinum
652 1631 738 1671 cod.
793 1632 1033 1673 eiiciendum

370 1689 435 1730 est.
493 1692 536 1729 B.

425 1757 480 1798 34
498 1744 535 1783 Γ
530 1758 572 1784 ω
576 1757 610 1782 te
622 1741 733 1782 habui
743 1743 839 1796 ,[ἒοι
840 1745 937 1800 tum]
967 1745 1034 1784 Vi-

369 1803 420 1842 de
432 1799 764 1852 quemadmodum
784 1801 907 1850 miles,
937 1801 1030 1845 dum
1050 1849 1051 1855 ἵ

367 1858 490 1900 multa
527 1856 575 1894 ad
596 1856 742 1895 dierum
760 1853 869 1895 suum
892 1870 1030 1909 per-ue

370 1915 458 1953 nire
489 1910 676 1957 fateatur,
718 1913 878 1951 interim
912 1926 1030 1964 quam

370 1979 590 2009 contemtus
602 1967 645 2005 fit
657 1977 772 2019 atque
785 1965 930 2007 derisus
942 1971 1031 2019 (Re-

369 2026 480 2066 stiruo
507 2022 706 2062 auda&e1·:
744 2026 844 2063 Dum
871 2025 954 2064 vult
982 2024 1033 2064 ad

369 2083 506 2123 dicium
521 2078 640 2131 fitum
661 2082 880 2131 peruenire,
905 2080 1031 2131 fittea-

368 2153 434 2180 tur
454 2138 615 2182 interim,
634 2148 744 2188 quam
763 2149 964 2177 contemtus
977 2136 1031 2189 fit

368 2207 478 2248 atque
515 2191 685 2243 derzssts).
739 2191 950 2233 Abdomen
989 2194 1032 2233 in

369 2262 534 2301 empore
545 2246 711 2287 femmar
714 2261 790 2297 um,
810 2250 964 2301 patiens
975 2250 1032 2288 in-

369 2308 495 2347 iuriae
514 2306 659 2351 coitus,
680 2303 852 2354 stortum
872 2305 1031 2345 dicitur:

370 2363 461 2403 ideo
485 2361 573 2413 quia
590 2361 720 2411 fiorta
744 2358 827 2401 sunt
854 2362 947 2401 dura
966 2375 1031 2400 co-

369 2421 438 2459 ria.
491 2422 525 2460 A
543 2427 654 2469 parte
672 2430 765 2470 ergo
785 2415 843 2457 sui
859 2418 1034 2458 meretri-

372 2489 434 2515 ces
443 2473 575 2525 fiorta
593 2472 796 2513 dicuntur:
825 2474 887 2514 vel
904 2473 970 2512 ἀπό
989 2476 1034 2515 τέ

369 2541 525 2578 σκαίρειν,
553 2528 656 2581 quod
677 2530 826 2568 Graece
846 2531 1034 2582 palpitare

372 2587 623 2638 intelligitur:
654 2586 760 2636 quod
781 2587 872 2625 illae
887 2586 1034 2625 faciunt

371 2642 541 2685 saltando
579 2641 720 2684 affidue
739 2655 749 2682 ε
800 2642 862 2684 vel
896 2642 1027 2697 potius

1626 725 1741 770 Tu.

1083 844 1293 894 cxifihndo,
1319 856 1359 886 vt
1376 847 1574 888 Lucretius
1593 841 1741 897 (Dousa

1081 903 1293 957 legendum
1316 914 1441 955 putat,
1474 903 1648 951 Lucilius,
1678 915 1742 940 cu-

1081 961 1139 999 ius
1160 959 1277 998 verba
1298 957 1381 998 sunt
1401 958 1485 999 Lib.
1508 972 1549 998 XI
1569 974 1578 998 ;
1611 957 1742 1010 Crisstz·

1081 1015 1147 1064 bit,
1157 1015 1474 1067 vtfi'frnmentum
1486 1012 1642 1055 clunibu·
1654 1028 1743 1054 van-

1082 1084 1160 1111 nat.
1218 1074 1410 1122 Scriptum
1428 1071 1528 1111 forte
1545 1070 1679 1119 fuerat,
1698 1074 1739 1111 L.

1081 1128 1144 1166 vel
1165 1127 1273 1178 Luc.)
1303 1130 1364 1176 ait,
1398 1127 1450 1166 ob
1466 1141 1558 1167 eam
1580 1124 1740 1175 causam,

1082 1193 1121 1222 vt
1148 1184 1443 1224 concinniorem
1460 1187 1659 1224 Venerem
1678 1196 1744 1222 ex·

1082 1238 1246 1278 hibeant
1271 1240 1381 1289 viris,
1408 1251 1471 1279 aut
1486 1239 1556 1278 fibi
1581 1240 1743 1293 abigant

1083 1306 1336 1353 cenceptum‚
1375 1295 1482 1346 quod
1511 1296 1554 1334 in
1585 1296 1742 1334 vuluam

1082 1346 1293 1399 feminae,
1309 1352 1353 1390 in
1376 1349 1457 1402 ipso
1478 1351 1580 1391 coitu
1600 1364 1682 1390 non
1700 1349 1742 1390 se

1083 1407 1292 1454 mouentis,
1312 1406 1461 1446 incidit.
1516 1409 1568 1447 D.

1140 1464 1270 1516 Coepit
1296 1465 1347 1503 ad
1372 1464 1414 1503 id
1440 1461 1576 1510 ludere]
1609 1461 1671 1504 Ad
1700 1460 1742 1501 id

1082 1517 1247 1560 scortum
1262 1519 1411 1560 ludere.
1468 1521 1513 1560 Ε.

1117 1578 1118 1581 ’
1139 1588 1189 1630 35
1221 1578 1323 1617 Cum
1343 1576 1506 1616 alludere
1522 1575 1565 1615 {it
1582 1574 1744 1615 adblan-

1083 1632 1171 1680 diri,
1202 1630 1374 1681 osculari,
1406 1646 1565 1671 manum
1584 1633 1626 1670 in
1647 1629 1743 1671 scor.

1084 1690 1114 1727 ti
1147 1688 1272 1728 finum
1300 1686 1485 1735 inserere,
1519 1688 1567 1727 ad
1594 1689 1743 1728 euitan-

1083 1744 1173 1784 dam
1200 1745 1452 1798 tautologiam
1483 1759 1554 1796 pro
1583 1745 1742 1784 irridere

1082 1802 1162 1855 legi
1199 1800 1317 1840 debet
1356 1803 1522 1841 irritare.
1582 1800 1743 1842 Deinde

1077 1858 1155 1910 leg.
1186 1858 1292 1911 Qid
1308 1860 1404 1911 agis,
1424 1856 1565 1895 homini
1574 1858 1742 1909 inquam,

1078 1913 1295 1964 impudens?
1329 1917 1426 1952 Nam
1457 1915 1538 1966 agis
1564 1925 1739 1964 compro-

1078 1968 1188 2007 batur
1220 1969 1483 2007 recentiorum
1508 1967 1620 2008 codd.
1649 1968 1738 2018 fide,

1080 2036 1120 2064 et
1145 2022 1244 2063 serie
1264 2025 1470 2071 orationis,
1507 2025 1597 2076 quia
1627 2026 1739 2064 miles

1079 2078 1187 2128 fa&a‚
1220 2094 1300 2119 non
1320 2079 1434 2120 verba
1454 2081 1616 2133 castigat.
1672 2085 1741 2121 At·

1081 2149 1158 2188 que
1168 2137 1308 2176 homini
1317 2135 1432 2176 habet
1442 2136 1525 2175 cod.
1536 2135 1681 2176 Bembi.
1701 2141 1743 2178 B.

1137 2197 1190 2246 36
1222 2194 1345 2248 ¹Lepus
1372 2202 1448 2231 tun
1472 2206 1524 2241 es,
1553 2205 1589 2231 et
1607 2195 1742 2246 pulpa-

1080 2263 1240 2289 mentum
1270 2249 1467 2302 quaeris2]
1515 2250 1634 2300 Lepus
1666 2263 1739 2302 pro

1079 2305 1240 2346 infamia
1257 2306 1377 2344 multa
1398 2305 1556 2356 ponitur
1576 2303 1670 2357 (ΜΓ.
1686 2309 1738 2346 H.

1080 2362 1127 2401 ob
1146 2363 1274 2401 multa.
1332 2362 1490 2401 Malim:
1522 2362 1639 2414 Lepus
1663 2369 1737 2415 pro

1080 2419 1215 2471 infhmi
1242 2416 1287 2455 oh
1312 2416 1426 2456 multa
1444 2419 1642 2469 ponitur):
1671 2419 1738 2458 vel

1083 2474 1188 2527 quod
1209 2474 1331 2526 magis
1351 2487 1372 2512 a
1393 2473 1593 2525 posteriori
1616 2486 1735 2526 parte,

1082 2531 1155 2570 hoe
1175 2530 1229 2569 est
1245 2560 1254 2577 ‚
1281 2530 1415 2577 armis,
1442 2530 1736 2581 pulpamentum

1083 2588 1133 2627 de
1152 2584 1188 2625 se
1208 2585 1419 2638 praebeat„
1440 2599 1524 2623 curn
1546 2586 1585 2624 in
1606 2587 1738 2625 conui-

1077 2644 1142 2684 uio
1174 2643 1339 2697 carpitur
1364 2641 1579 2695 appositus..
1598 2653 1635 2681 vt
1656 2644 1736 2681 Ho-

1619 2710 1737 2738 ratius
