1815 3168
630 159 1103 214 PRAEFATIO.
1474 176 1535 212 x1

161 292 438 347 austoritate
479 289 821 344 confirmando
870 308 1067 358 operam
1111 288 1313 347 dediss'e3
1353 290 1410 342 ab
1451 291 1534 344 vsu

160 370 300 421 huius
343 368 585 418 Editionis
625 368 790 418 critico
813 405 827 430 ‚
885 366 1157 434 praesertim
1202 383 1312 416 cum
1360 366 1535 419 multae

158 443 504 510 Lindenbrogii
526 458 670 493 notae
694 441 899 492 eundern
925 440 1160 508 spectent,
1197 458 1302 492 non
1326 441 1532 493 alienum

157 519 298 571 duxi,
338 520 517 585 vbique
547 516 786 584 Vtriusque
820 518 900 567 viri
930 516 1209 566 sententiam
1245 515 1528 583 adiungere;

155 593 262 656 sed,
299 610 362 644 ne
393 595 507 644 iiber
527 593 851 660 magnitudine
875 607 923 642 et
957 591 1245 642 scholiorum
1270 591 1400 641 nube
1422 608 1531 641 mo-

155 669 300 719 lestus
323 668 611 732 lectoribus,
650 682 699 717 et
723 667 853 717 forre
875 665 1033 735 pretio
1055 666 1321 716 emtoribus
1340 665 1530 716 incom-

156 743 339 794 modus
368 744 612 805 existeret,
651 743 749 793 hoc
781 756 1166 809 temperamento
1191 740 1290 791 sum
1316 740 1442 803 vsuS‚
1482 756 1532 792 vt

155 820 259 871 fere
291 821 447 870 verbis
483 819 627 880 mei5‚
663 817 719 868 ad
751 835 852 868 rem
877 817 1098 880 breuius,
1133 816 1248 867 salua
1272 815 1530 884 perspicui-

155 910 278 955 tate,
327 893 704 962 significandam,
756 891 995 960 Vtriusque
1036 893 1116 942 viri
1160 891 1436 942 sententiam
1480 891 1530 942 in

154 970 501 1037 compendium
537 968 829 1035 redigerem,
869 983 915 1018 et
948 969 1027 1018 vni
1053 967 1239 1018 nomini
1270 966 1529 1017 tribuerem

152 1046 376 1098 Bentleii3
418 1044 540 1095 adeo
565 1060 618 1094 vt
639 1045 777 1111 copia
800 1046 1022 1094 iocorum
1047 1042 1236 1104 omnia,
1273 1057 1322 1093 et
1352 1042 1530 1093 verbo-

154 1138 259 1171 rum
285 1121 698 1186 formularumque
723 1120 1002 1186 ambagibus
1030 1118 1248 1169 detractis
1279 1133 1327 1168 et
1352 1117 1528 1168 crebris

155 1196 358 1247 eiusdem
382 1197 446 1245 rei
475 1195 840 1264 repetitionibus
866 1196 1040 1256 vitat15‚
1077 1193 1195 1245 nihil
1224 1194 1308 1244 nifi
1343 1193 1528 1243 senten-

154 1272 244 1322 tiae
281 1286 801 1338 argumentorumque,
842 1268 936 1321 fiue
969 1289 992 1320 a
1020 1270 1251 1320 codicum
1282 1268 1528 1319 auctorita-

155 1360 228 1407 te,
266 1346 360 1396 siue
390 1350 526 1397 metri
560 1347 771 1413 legibuS‚
811 1348 904 1398 fiue
933 1345 1164 1411 loquendi
1199 1342 1309 1406 vsu,
1350 1358 1398 1393 et
1433 1344 1529 1394 ele-

155 1424 305 1488 gantia
343 1421 570 1471 sermonis
612 1421 912 1483 sumtorum,‘
953 1420 1180 1471 summam
1230 1418 1530 1487 spectandam

157 1496 542 1562 sequendamque
584 1497 701 1546 mihi
747 1497 838 1547 esse
867 1497 1185 1548 existimarem.
1261 1493 1355 1545 Etfi
1385 1496 1529 1560 igitur

155 1588 260 1621 non
294 1572 589 1639 negauerim,
628 1572 895 1622 Bentleium
927 1589 1036 1621 cum
1071 1570 1179 1621 alias
1213 1584 1316 1618 tum
1351 1570 1400 1619 in
1422 1571 1529 1620 Te-

155 1646 314 1697 rentio
349 1646 642 1713 corrigendo
680 1647 920 1696 interdum
951 1646 1094 1713 paulo
1131 1643 1433 1695 audaciorem
1459 1646 1527 1695 vi-

152 1720 284 1781 deri,
322 1721 446 1772 adeo
484 1736 532 1771 vt
555 1737 908 1787 nonnunquam
934 1722 1011 1771 vix
1042 1720 1157 1770 mihi
1191 1734 1529 1786 temperarem,

159 1796 275 1863 quin
298 1796 626 1848 contradicere
648 1796 896 1847 auderem:
925 1814 1044 1848 cum
1072 1810 1231 1846 tamen
1262 1794 1336 1845 iile
1367 1810 1415 1844 et
1435 1812 1529 1845 ma·

154 1888 248 1938 gna
285 1873 424 1940 copia
443 1871 678 1925 librorum
705 1872 987 1939 scriptorum
1012 1887 1282 1937 eorumque
1313 1869 1531 1937 antiquis-

152 1945 412 2009 fimorum,
448 1948 622 2013 quibus
655 1948 875 2015 Angliam
909 1948 958 1997 in
989 1948 1126 1998 omni
1167 1962 1344 2014 genere
1384 1946 1530 1995 abun-

153 2021 263 2072 dare
291 2022 477 2072 dudum
500 2024 622 2072 inter
645 2040 819 2074 omnes
840 2023 1053 2086 constat,
1086 2022 1228 2073 fuerit
1260 2022 1529 2083 instructus,

153 2112 202 2147 et
224 2097 328 2164 ipsis
352 2099 514 2148 Fae'rni
536 2098 820 2149 leciionibus
846 2100 958 2149 haut
989 2095 1362 2150 contemnendis
1398 2097 1528 2146 miri-

150 2172 242 2222 fice
272 2173 493 2235 adiutus,
534 2187 582 2223 et
625 2189 868 2242 praeterea
906 2173 1005 2242 ipse
1037 2172 1233 2241 ingenio
1265 2172 1526 2223 acutiffimo

150 2247 584 2316 elegantiffimoque
628 2265 855 2312 ornatuS‚
900 2266 1003 2300 non
1047 2250 1281 2315 ingratum
1332 2246 1528 2298 Lectori

149 2323 300 2375 docio
331 2341 409 2375 me
441 2323 601 2376 feciffe
634 2323 801 2392 spem,
838 2324 976 2392 quod
1010 2323 1107 2374 illas
1148 2321 1442 2374 coniecturas
1478 2336 1528 2372 et

150 2399 382 2450 leaiones
437 2400 518 2450 hic
557 2400 893 2456 exhibuerim3
956 2397 1227 2469 praesertim
1266 2414 1379 2448 cum
1422 2414 1526 2447 eam

148 2474 431 2525 breuitatem
464 2476 637 2543 vbique
671 2475 953 2544 spectarem,
991 2492 1083 2543 qua
1113 2474 1170 2524 ad
1203 2473 1428 2524 summam
1460 2474 1524 2523 rei

149 2549 531 2616 cognoscendam
576 2550 832 2603 lectoribus
868 2568 973 2602 non
1016 2567 1142 2618 opus
1187 2548 1299 2599 efl'et
1337 2549 1525 2598 Vniuer-

147 2622 214 2676 sas
250 2625 470 2694 pagium,
503 2625 637 2696 saepe
668 2644 781 2679 cum
814 2643 995 2694 magno
1034 2624 1219 2690 medic,
1261 2624 1526 2693 perlegere,

1475 2712 1523 2748 et
