1815 3168
264 94 367 155 674

643 80 807 131 AeT.
836 82 911 128 IV.
942 77 1138 127 SCEN.
1165 77 1280 124 v111.

409 210 596 264 FaCtum
620 222 732 277 puto
756 207 852 264 esse,
874 217 1025 270 gnate;
1061 221 1202 270 quum
1223 215 1266 251 te
1289 202 1490 264 intelligo

409 284 627 355 Refipiffe.
666 283 777 334 Cn.
818 295 866 332 vt
897 282 1034 332 errat!
1074 276 1231 328 ΜΕΝ.
1273 288 1317 326 te
1345 278 1488 344 ipsum
1514 291 1643 343 quae-

509 363 672 417 rebam,
695 362 906 409 Chreme:

414 445 562 492 Serua,
583 438 702 502 quod
725 440 771 484 in
794 446 835 482 te
857 432 929 486 est,
952 429 1106 485 filium,
1131 440 1175 478 et
1193 447 1278 485 me,
1301 440 1345 478 et
1366 429 1587 478 familiam.

341 516 376 583 ¹5
418 513 527 566 CH.
564 514 698 566 Cedo,
720 510 826 576 quid
845 511 908 558 vis
931 507 1116 555 faciam?
1155 503 1249 554 ΜΕ
1263 519 1315 553 N.
1352 503 1554 553 inuenisti
1567 504 1648 570 ho-

516 591 584 638 die
616 587 765 638 filiam.

416 664 524 716 CH.
563 664 684 720 Quid
705 663 834 710 tum?
870 656 1025 709 ΜΕΝ.
1070 658 1184 706 hanc
1224 654 1303 705 fibi
1338 667 1517 706 v'xorem
1555 656 1650 704 dari

518 742 611 791 volt
633 740 786 787 Clinia.

419 817 528 869 CH.
566 814 760 869 Quaeso,
792 811 898 876 quid
930 821 979 858 tu
1008 811 1203 857 hominis
1225 808 1302 857 es?
1341 804 1504 859 MEN.
1543 806 1653 872 quid

520 890 614 940 est?
645 887 691 938 C
706 902 757 935 Η.
792 890 937 935 iamne
958 886 1117 935 oblitus
1141 902 1201 940 es,

289 1118 482 1160 amonem
510 1121 642 1154 tenet:
683 1107 831 1164 quippe
859 1111 949 1151 Me-

291 1174 482 1216 nedemus
530 1167 674 1223 gaudet
721 1167 945 1217 plurimum,

294 1230 402 1285 quod
426 1227 547 1268 filium
574 1225 679 1264 videt
711 1233 750 1263 et
785 1222 948 1275 integris

290 1286 475 1332 moribus,
499 1294 536 1322 et
555 1293 718 1321 vxorem
742 1292 829 1318 eam
847 1276 951 1317 velle

293 1344 458 1388 ducere,
485 1351 586 1391 quae
608 1334 859 1376 honestissimi
882 1332 954 1373 viri

294 1400 373 1441 filia
394 1397 445 1444 fit,
469 1408 508 1435 et
530 1394 633 1445 quod
659 1392 767 1440 dixit,
788 1404 897 1444 quum
917 1402 954 1429 te

296 1454 461 1509 intelligo
484 1450 647 1503 reszptjffi’,
671 1447 773 1500 quafi
794 1447 867 1486 hoc
886 1458 954 1485 ne-

296 1511 405 1560 sciar,
446 1504 550 1561 quod
580 1505 719 1545 eadem
755 1503 883 1556 puella
909 1501 954 1540 fit

298 1581 417 1621 quam
435 1573 640 1609 amauerat,
674 1574 773 1613 quae
791 1571 897 1598 nunc
915 1556 956 1596 fi·

299 1627 352 1666 lia
379 1622 422 1662 fit
441 1619 659 1662 Chremetis
677 1633 687 1656 :
717 1626 781 1656 aut
799 1615 959 1654 diffimu-

299 1683 374 1728 lat,
408 1676 514 1730 quod
532 1674 633 1727 quasi
661 1688 682 1713 a
700 1673 906 1712 meretrice
924 1685 960 1709 a-

303 1738 453 1778 nimum
474 1731 541 1771 filii
562 1730 608 1771 ad
630 1730 784 1781 nuptias
806 1726 960 1779 transtu-

303 1793 413 1834 lerit:
443 1800 505 1829 aut
534 1798 632 1826 errat
661 1799 708 1825 ex
728 1785 823 1824 dolis
856 1782 960 1823 serui.

307 1847 446 1893 Credit
467 1844 653 1887 Chremes
675 1841 965 1892 interpellatum

304 1902 591 1948 Menedemum
611 1895 688 1937 effe
708 1911 730 1936 a
746 1896 849 1945 filio,
866 1907 966 1933 non

307 1973 400 2002 vere
436 1970 474 1998 vt
498 1969 657 1995 vxorem
687 1954 865 1998 duceret,
902 1948 967 1989 sed

308 2028 350 2058 vt
374 2016 593 2067 nuptiarum
621 2011 740 2064 gratia
765 2017 969 2062 argentum

311 2088 334 2114 a
353 2083 462 2126 patre
479 2066 691 2120 susciperet.
746 2066 790 2105 E.

366 2131 514 2168 Omnes
535 2122 652 2163 nostri
670 2135 756 2162 cum
775 2119 862 2160 edd.
879 2129 970 2160 vett.

312 2186 436 2232 reete,
465 2181 594 2222 Multo
613 2181 773 2218 omnium
791 2190 846 2216 me
864 2189 969 2216 nunc.

312 2245 359 2283 In
376 2238 457 2282 Arfi
482 2238 590 2277 enim
617 2234 736 2274 debet
753 2231 968 2284 effevyzunc,

313 2297 351 2338 h.
370 2311 402 2337 e.
416 2308 501 2335 cum
514 2303 553 2333 te
563 2301 748 2331 mutatum
761 2288 889 2329 video.
921 2290 964 2328 B.

372 2365 395 2405 3
445 2351 495 2390 Vt
531 2351 655 2388 errat!
663 2346 681 2401 ]
729 2347 836 2399 Virg.
872 2344 970 2399 (Ecl.

314 2421 406 2456 vm,
424 2407 511 2459 41.)
544 2405 744 2450 Vtvidi‚vt
759 2405 867 2454 perii.
896 2402 941 2442 C.

366 2481 394 2518 4
425 2461 579 2515 Filium]
614 2459 744 2500 Filium
772 2459 873 2508 prius
903 2469 971 2495 no·

313 2520 487 2565 minauit,
508 2521 547 2558 in
568 2530 646 2568 quo
660 2515 786 2555 omnis
796 2527 884 2559 cura
902 2526 969 2566 pa-

311 2578 376 2619 tris
404 2585 495 2617 erat.
555 2575 601 2616 C.

1532 962 1656 1006 Inter

1053 1106 1169 1147 Serua
1187 1103 1285 1157 quod
1306 1106 1345 1145 in
1364 1115 1399 1143 te
1419 1101 1483 1158 est]
1512 1107 1659 1145 Petens

999 1163 1152 1214 nuptias
1181 1161 1260 1200 filio
1284 1157 1368 1209 suo,
1398 1160 1659 1212 posteritatem

999 1217 1152 1271 respicit
1173 1228 1305 1259 totam.
1362 1219 1406 1257 E.

1055 1276 1146 1322 Me,
1173 1288 1209 1314 et
1217 1272 1429 1327 fizmiliam]
1456 1274 1506 1314 V.
1517 1271 1574 1317 ‚C.
1603 1284 1660 1311 me

1002 1345 1038 1372 et
1046 1331 1244 1384 familiam
1267 1344 1391 1370 meam.
1444 1331 1488 1371 L.
1654 1338 1664 1340 f

1057 1391 1083 1431 6
1115 1389 1265 1427 Omnes
1286 1384 1411 1434 nostri,
1441 1385 1550 1426 Hanc
1568 1395 1671 1424 vxoa

1002 1458 1078 1484 rem
1091 1442 1279 1496 fibi-dari.
1339 1445 1381 1482 B.

1055 1510 1083 1553 7
1122 1498 1288 1553 Quaefia]
1333 1497 1458 1539 Modo
1488 1496 1666 1550 obiurga·

1007 1557 1148 1595 torium
1168 1555 1231 1595 est.
1288 1553 1394 1608 ‚Qid
1411 1555 1568 1594 hominis
1578 1553 1665 1608 es?]

1005 1613 1051 1654 In
1073 1611 1273 1658 Eunucho,
1284 1611 1388 1666 Qid
1397 1609 1492 1662 istuc,
1502 1613 1667 1663 inquam,

1007 1671 1135 1708 ornati
1154 1667 1226 1720 est?
1254 1669 1361 1708 Scire
1379 1679 1453 1706 nos
1471 1666 1673 1716 conuenit,

1010 1738 1099 1764 cum
1118 1726 1221 1765 recto
1232 1722 1325 1775 geasu
1344 1723 1538 1775 profertur
1553 1723 1672 1762 inter—

1012 1782 1180 1834 rogatio,
1209 1795 1290 1821 non
1318 1778 1395 1821 efi'e
1417 1780 1673 1818 contumelio-

1014 1836 1107 1876 sum.
1179 1840 1232 1877 Vt
1256 1836 1282 1874 fi
1313 1836 1438 1885 dicas,
1480 1837 1581 1890 Qis
1606 1834 1671 1874 hic

1015 1893 1121 1932 homo
1141 1892 1216 1945 est?
1241 1893 1280 1933 Si
1296 1903 1425 1931 autem
1443 1892 1484 1929 in
1496 1891 1674 1942 obliquo,

1017 1960 1254 1988 contemtum
1304 1946 1519 2001 fignificat-i.
1601 1948 1675 1994 Vt,

1015 2005 1120 2061 Qid
1137 2005 1202 2046 hoc
1219 2003 1265 2055 est
1282 2003 1468 2048 hominis?
1492 2003 1585 2057 quid
1597 2015 1675 2043 mu·

1017 2061 1142 2105 lieris?
1166 2061 1259 2114 quid
1274 2060 1456 2100 ornatus?
1512 2060 1559 2102 C.

1070 2117 1216 2173 Qaer
1235 2117 1324 2171 quid
1347 2115 1525 2169 hominis]
1556 2115 1676 2157 Redi-

1019 2187 1112 2228 gere
1137 2175 1216 2213 vult
1243 2175 1284 2212 in
1304 2174 1534 2212 memoriam
1552 2171 1677 2211 Chre-

1018 2234 1111 2281 mes}
1135 2228 1379 2271 Menedemo
1410 2230 1428 2249 ’⁶
1456 2231 1580 2281 (Haut
1607 2227 1677 2266 du-

1020 2287 1084 2326 bie
1104 2285 1257 2334 excidit,
1278 2285 1371 2337 quid
1385 2287 1488 2324 inter
1505 2284 1600 2338 ipfhs
1620 2283 1676 2323 di-

1019 2345 1114 2383 c‘tum
1134 2341 1183 2390 sit
1203 2339 1407 2392 defallacia
1437 2342 1506 2391 Z.)
1533 2340 1677 2392 Arguit

1018 2401 1137 2453 igitur
1163 2397 1268 2450 quod
1296 2396 1414 2436 veluti
1443 2395 1573 2435 stultus
1591 2396 1675 2436 1101'1

1017 2456 1229 2507 intelligat,
1262 2452 1368 2506 quod
1389 2453 1439 2492 de
1460 2451 1549 2492 dolo
1568 2464 1677 2492 nune

1020 2518 1165 2567 agatur.
1222 2514 1264 2551 E.

1073 2565 1218 2610 Frustra
1238 2576 1421 2608 oneratur
1432 2561 1569 2607 vex-sust
1598 2565 1677 2604 No-

1612 2619 1679 2660 stri
