1815 3168
544 96 962 144 EVNVCHVS.

1340 104 1433 160 385·

209 224 369 284 Ecquis
402 238 501 268 cuin
524 238 572 266 ea
594 220 707 269 vna?
743 222 848 284 quid
868 218 1092 274 habuisset,
1115 239 1214 270 cum
1234 222 1384 289 perit?

205 299 366 360 Ecquis
388 313 481 342 eam
501 293 640 360 posset
661 296 868 343 noscere?
902 300 1025 344 Haec
1053 315 1132 344 cur
1155 299 1398 360 quaeritet?

203 371 300 419 Nisi
324 370 372 418 fit
388 371 460 417 illa
479 370 606 424 forte,
627 388 735 434 quae
761 372 866 418 olim
885 375 1016 436 periit
1038 373 1240 436 paruula„

204 451 351 499 Soror,
374 446 485 492 hanc
511 445 550 492 se
572 446 759 493 intendit
778 444 874 500 esse,
897 458 944 494 vt
965 445 1025 493 est
1046 447 1236 495 audacia.

105 536 171 572 20
203 528 371 570 Verum
395 538 443 567 ea
464 518 494 566 fi
517 523 638 574 viuit,
658 538 795 567 annos
816 515 960 566 nata’st
980 521 1184 568 sedecim:

200 601 312 644 Non
334 597 493 641 maior:
532 597 686 648 Thais,
707 611 837 658 quam
863 611 946 655 ego
966 596 1074 649 sum,
1097 595 1390 651 maiuscula’st.

199 669 320 718 Mifit
344 687 481 734 porro
503 686 640 723 orare,
666 680 713 717 vt
736 672 950 725 venirem,¹
972 671 1094 719 serio.

198 750 291 793 Aut
311 745 421 794 dicat
441 745 562 811 quod
583 745 688 799 volt.
708 756 782 793 aut
800 743 980 795 molesta
998 763 1055 795 ne
1075 744 1171 796 fiet:

119 969 172 1012 16
202 962 310 1022 Qid
335 964 530 1021 habuzffet,
558 978 638 1008 cum
660 978 722 1020 pe-

63 1025 137 1078 rit]
185 1026 295 1073 Cum,
326 1037 395 1076 pro
425 1022 602 1076 quando:
643 1034 720 1073 aut,

63 1093 151 1120 cum
170 1082 328 1132 periret.

117 1141 247 1190 Lege,
291 1146 331 1176 vt
363 1145 538 1186 caetera,
575 1133 721 1189 Ecquid

61 1191 247 1244 habmffit·
305 1195 350 1234 B.

120 1261 170 1300 17
198 1249 300 1287 Haec
327 1259 390 1286 cur
407 1247 646 1301 quaeritet‘3]
673 1249 720 1286 In

64 1302 171 1356 gestu
204 1316 248 1341 ac
282 1302 385 1341 vultu
413 1302 454 1340 id
479 1303 585 1352 quod
608 1301 720 1341 restat

63 1357 285 1398 ostenditur.
339 1359 441 1397 Nam
478 1357 605 1405 deest,
642 1355 718 1408 nell

65 1416 133 1453 cio.
192 1417 240 1454 D.

121 1482 139 1512 1
149 1477 169 1518 8
183 1469 296 1509 Liber
308 1467 439 1509 Bemb.
455 1477 495 1507 et
506 1466 620 1506 nostri
634 1465 718 1505 fere

1316 828 1432 875 Non

769 980 837 1009 nos
854 981 943 1009 nata
953 969 1114 1022 fidecim
1130 968 1185 1018 sit,
1206 982 1280 1010 non
1291 972 1434 1012 maior.'

769 1025 853 1077 post
870 1024 1076 1066 inferatur:
1109 1026 1235 1076 Thais,
1262 1039 1370 1079 quam
1388 1030 1431 1066 e-

765 1095 816 1136 go
826 1081 923 1132 fiam,
942 1081 1140 1132 maiufiula
1158 1082 1216 1134 est.
1270 1085 1315 1122 E.

822 1149 872 1178 21
909 1139 1122 1188 Maiuscula
1151 1137 1215 1191 est]
1247 1138 1431 1178 Diminu-

766 1193 848 1232 tiue
868 1192 977 1242 dixit,
995 1205 1034 1233 vt
1053 1193 1273 1233 ostenderet
1294 1204 1430 1234 vtram-

769 1261 845 1299 que
864 1245 943 1288 effe
960 1250 1198 1300 primaeuam
1217 1249 1277 1303 (Si
1296 1249 1336 1288 id
1347 1263 1431 1290 cre-

769 1302 867 1347 didit
910 1307 1084 1344 Donatus
1103 1335 1113 1354 ,
1168 1315 1208 1343 et
1256 1301 1430 1344 sororem

766 1358 1005 1407 Chremetis,
1050 1370 1090 1399 et
1115 1359 1312 1399 Thaidem
1346 1359 1428 1399 effe

766 1414 953 1453 maiorem
976 1425 1071 1454 natu
1098 1412 1180 1467 ipso
1189 1414 1431 1463 Chremete,

769 1468 919 1507 videtui·
955 1483 1093 1510 errare.
1149 1475 1258 1523 Lege
1288 1472 1427 1524 igitur,

64 1538 201 1564 omnes
232 1525 336 1564 reite
370 1523 536 1572 habent,
577 1521 726 1575 Nifi'st
767 1537 952 1577 vtcunque
978 1528 1041 1580 ff
1067 1528 1302 1579 primaeuam.
1349 1524 1429 1568 Ms.

61 1583 123 1622 illa
136 1581 259 1630 forte.
315 1584 358 1620 Β.

119 1648 167 1686 19
187 1634 508 1686 Hancfiintendit
520 1633 599 1687 qlfi’]
629 1635 717 1672 Pro-

59 1693 147 1743 prie
166 1692 352 1732 intendere
370 1690 424 1729 est
443 1691 588 1729 crimen
600 1690 639 1727 in
651 1687 717 1728 ad-

59 1745 265 1787 uersarium
286 1748 423 1787 iacere.
478 1746 529 1784 D.

116 1803 298 1856 Eamfi’fi’
319 1800 479 1841 intendit
497 1799 579 1852 effi,
608 1812 653 1839 vt
670 1798 715 1849 cst

48 1858 226 1913 fillacia]
256 1862 371 1898 Hanc
396 1855 474 1896 sese
499 1854 597 1894 mihi
624 1855 716 1894 obii-

59 1916 123 1964 cit,
145 1926 181 1956 et
198 1914 374 1963 intendit,
407 1922 447 1951 et
464 1910 631 1964 probare
652 1924 713 1950 cn-

58 1972 125 2023 pit,
147 1981 185 2010 vt
203 1969 255 2009 est
272 1969 440 2009 audacia.
495 1971 540 2008 E.

109 2027 239 2068 Lefflo
267 2023 498 2078 Eugraphii,
523 2022 617 2063 Eam
631 2021 714 2073 fifi’

59 2083 231 2132 intendit,
252 2081 306 2120 est
323 2079 590 2133 praeferenda.
622 2081 714 2119 Cer-

59 2148 98 2176 te
119 2139 225 2178 enim
244 2137 361 2178 Soror
380 2135 515 2189 putide
525 2134 586 2173 hic
600 2146 714 2188 repe-

63 2194 166 2233 titur.
221 2197 263 2234 Β.

112 2260 167 2289 20
210 2251 340 2288 Annos
374 2246 505 2299 nata’st
529 2244 711 2300 fidecim]

60 2305 203 2346 Certos
233 2302 453 2345 adolescens
475 2304 569 2342 dixit
588 2315 712 2341 annos

59 2357 197 2398 sororis
230 2359 335 2401 suae:
371 2359 478 2413 quod
517 2370 557 2399 et
586 2371 714 2410 nuper

60 2413 281 2455 adolescens
321 2416 533 2456 Phaedriae
566 2414 712 2454 indica-

59 2482 178 2518 uerat,
201 2484 285 2511 cum
308 2472 418 2521 dixit,
447 2473 536 2511 anni
553 2471 713 2522 fidecim

55 2526 159 2577 fiant.
219 2530 266 2568 Et
295 2528 344 2566 ita
369 2538 406 2568 vt
433 2540 505 2567 nos
533 2526 711 2577 diximus,

61 2584 226 2637 optimus
259 2581 384 2627 sensus
409 2583 479 2636 est,
518 2581 623 2638 quod
649 2597 710 2628 an·

767 1583 818 1620 H.
845 1592 1042 1632 corrupte,
1071 1595 1226 1635 vtraque
1255 1581 1319 1634 effe
1343 1584 1428 1635 pri-

764 1637 872 1687 mae).
927 1639 975 1676 D.

817 1691 1030 1744 Maiufiula
1049 1693 1113 1748 qli]
1143 1690 1321 1734 Priscian.
1354 1692 1424 1732 lib.

765 1759 828 1787 111.
886 1753 927 1789 L.

816 1801 923 1843 Prisc.
952 1818 990 1855 p.
1017 1807 1111 1858 609.
1138 1804 1323 1858 estiparuo
1340 1815 1427 1845 ma-

765 1860 826 1898 ior
843 1872 951 1911 quam
968 1873 1046 1914 ego.
1102 1863 1143 1900 B.

815 1928 869 1957 22
896 1914 1005 1963 Misit
1025 1927 1144 1966 porro
1167 1921 1294 1968 orare]
1324 1916 1424 1956 Por-

760 1983 827 2016 ro,
865 1984 934 2023 pro
967 1970 1108 2023 postea.
1178 1973 1229 2012 Vt
1257 1975 1423 2012 venirem

750 2026 873 2081 firio]
906 2030 1066 2074 Vtrum,
1096 2037 1136 2066 vt
1163 2029 1339 2067 venirem
1365 2023 1424 2066 se-

758 2083 829 2132 rio,
849 2096 899 2122 an
918 2095 1029 2122 orare
1050 2081 1171 2124 serio?
1232 2083 1285 2122 D.

815 2149 867 2190 23
884 2142 886 2145 ’
902 2142 980 2179 Aut
998 2139 1097 2178 dicat
1116 2139 1208 2191 quid
1224 2136 1318 2184 volt]
1347 2141 1421 2178 Pro

762 2195 855 2247 quid
871 2195 973 2236 velit.
1034 2195 1082 2234 In
1100 2197 1266 2247 Hecyra,
1295 2196 1347 2233 Ac
1365 2197 1421 2232 vi-

762 2250 822 2299 de,
860 2263 970 2303 quam
1008 2252 1193 2289 immerito
1221 2251 1420 2305 aegritudo

763 2304 848 2346 haec
867 2309 991 2346 oritur
1007 2306 1099 2345 mihi
1118 2303 1183 2345 abs
1207 2319 1252 2352 te,
1280 2305 1423 2357 Sostra-

762 2374 814 2401 ta.
868 2365 948 2402 Aut
969 2360 1115 2413 molesta
1143 2375 1186 2400 ne
1211 2364 1301 2414 stet]
1322 2363 1422 2402 >Aut

760 2416 825 2456 hic
842 2419 1032 2458 moraliter
1043 2431 1055 2464 3
1084 2418 1244 2456 namcui
1265 2416 1424 2457 hocim-

762 2472 901 2524 perat?
942 2484 1007 2514 aut
1041 2486 1129 2515 cum
1168 2485 1245 2524 quo
1276 2472 1351 2512 hoc
1382 2487 1422 2512 a·

762 2530 847 2585 git?
900 2531 950 2570 D.

818 2586 995 2638 Quatuor
1041 2584 1149 2627 codd.
1193 2598 1280 2624 cnm
1327 2583 1416 2623 edd,

877 2641 943 2686 Bb
1328 2650 1408 2679 vert
