1815 3168
372 181 471 233 354

767 164 928 210 ACT.
963 164 1019 209 11.
1056 163 1255 208 SCEN.
1286 163 1358 208 ΙΙΙ,

417 309 481 360 95
517 291 668 349 Quod,
692 293 769 356 qui
789 290 1020 343 rescierint,
1042 289 1243 354 culpent:
1282 288 1392 337 illud
1402 292 1561 338 merito
1584 287 1749 338 fat‘tum

615 384 767 416 omnes
790 377 963 432 putent.

514 444 659 497 PAR.
703 443 824 498 Quid
855 439 978 487 istic?
1015 438 1045 486 fi
1071 433 1285 488 certum'st
1306 440 1465 495 facere,
1494 442 1636 489 facias.
1676 458 1750 490 ve-

615 537 716 567 rum
738 535 793 564 ne
812 513 908 581 post
928 517 1124 564 conseras

518 597 705 662 Culpam
726 597 772 642 in
798 609 887 640 me.
925 589 971 640 C
990 610 1038 642 m
1072 609 1163 641 non
1186 592 1354 639 faciam.
1388 589 1522 642 PAR.
1544 592 1751 641 iubesne?

615 666 723 717 Cn.
762 667 910 727 iubeo,
932 684 1062 729 cogo,
1084 679 1213 730 atque
1233 670 1423 733 impero.
1680 672 1685 675 ’

517 752 765 808 Nunquam
787 743 1006 804 defugiam
1028 736 1352 793 austoritatem:
1383 744 1576 808 sequere.
1612 748 1690 793 ΡΑ
1705 759 1750 795 R.

617 823 677 868 Di
702 829 876 868 vortant
898 819 1026 867 bene.

438 1026 499 1066 An
515 1024 643 1077 potius
660 1021 755 1061 'haec
770 1018 931 1074 patri?]
963 1020 1047 1074 Me·-v

388 1074 541 1129 liusest,
566 1079 706 1131 inquit,
727 1079 767 1116 in
788 1076 948 1116 domum
967 1088 1048 1114 me-

384 1139 577 1180 retriciam
587 1134 651 1187 (fl,
661 1137 721 1187 Ζ.)
732 1133 900 1173 deducar
909 1137 976 1185 (vt,
988 1133 1050 1184 Z.)

384 1195 554 1236 referam
572 1192 743 1246 gratiam,
766 1202 883 1242 quam
898 1199 1048 1241 patrem

384 1252 527 1293 fallam.
585 1251 628 1289 E.

438 1305 565 1348 Nostri
584 1315 733 1352 omnm,
756 1303 819 1341 An
827 1303 951 1354 p0tius
963 1299 1049 1339 baec

380 1367 489 1420 pati?
519 1360 599 1401 Sed
617 1373 713 1398 vnus
733 1369 806 1398 vet.
819 1370 965 1396 amanu
976 1357 1051 1408 pri·

386 1435 449 1461 ma
466 1417 584 1457 habet
597 1417 715 1469 patri.
754 1417 852 1467 Eg0‚
872 1426 959 1451 cum
970 1426 1052 1452 ver-

387 1476 483 1516 bum
509 1474 595 1513 haec
621 1471 793 1524 intelligi
817 1483 900 1508 non
927 1469 1049 1521 poffit‚

388 1533 479 1586 quia
499 1534 537 1569 in
563 1531 709 1569 domum
726 1540 876 1566 meretr.
911 1525 1048 1574 deduci,

388 1587 564 1629 crucibus
595 1583 669 1625 illis
695 1585 862 1640 gratiam
890 1581 1043 1633 referre,

388 1659 470 1686 non
483 1640 640 1696 pofi'unt
649 1638 739 1692 fieri
752 1640 862 1693 patri
869 1652 884 1682 ‚·
912 1639 1049 1691 legen-

389 1703 486 1742 dum
504 1710 611 1752 puto,
631 1702 692 1737 An
704 1700 830 1750 potius
841 1706 917 1748 par
936 1706 1050 1748 atque

387 1770 542 1812 aequum
563 1755 622 1807 est,
639 1765 746 1807 pater
763 1766 806 1792 vt
824 1766 846 1791 a
862 1764 929 1798 me.
960 1754 1002 1791 Β.

445 1827 499 1867 95
530 1811 647 1866 Qod
663 1812 734 1863 'qus'
758 1808 967 1860 refiierint]
995 1809 1053 1847 Ex

390 1866 718 1919 consequentibus
751 1875 1055 1918 argumentum:

391 1939 484 1968 nam
512 1923 609 1963 illud
636 1921 782 1960 fadum
821 1920 1052 1971 vituperatio

391 1982 582 2034 sequitur,
610 1978 684 2018 hoc
707 1974 948 2028 approbatio.
1005 1974 1055 2014 Il-

381 2033 457 2080 'lud
484 2038 617 2076 merito
643 2033 794 2086 fufium
832 2045 952 2071 omnes
982 2041 1055 2084 pu-

389 2095 487 2148 tent]
517 2096 636 2140 Bene,
656 2103 741 2128 nou
760 2088 947 2127 iudicent.-
965 2088 1055 2138 quia

390 2163 432 2192 et
451 2151 526 2190 hoc
548 2145 670 2200 ipsum
690 2158 772 2184 non
784 2143 877 2184 satis
887 2143 1054 2196 probum

392 2207 458 2257 est,
477 2206 537 2246 vel
554 2202 801 2243 meretricem
819 2199 965 2240 fallere.
1004 2202 1054 2240 D.

448 2267 502 2317 96
534 2260 644 2315 Quid
659 2257 779 2311 zstic?]
811 2255 1053 2300 Aduerbium

395 2320 450 2361 est
478 2331 597 2372 aegre
621 2314 889 2354 concedentis.
942 2312 1052 2352 Faci-

394 2380 453 2428 as]
476 2380 556 2416 *Pro
576 2372 703 2412 facito.
750 2370 896 2417 Verum,
918 2383 962 2412 ne
969 2367 1053 2422 post

394 2429 592 2484 confi’ras]
641 2428 682 2469 Si
719 2440 763 2465 ne
802 2425 1050 2478 prohibentis

395 2488 472 2534 est,
514 2486 614 2525 nihil
654 2481 783 2522 deest:
823 2481 850 2520 fi
887 2495 1050 2534 percon-

395 2544 529 2592 ta11tj3‚
576 2552 617 2581 vt
651 2539 696 2580 fit
733 2551 776 2577 ne
804 2537 936 2589 fine,
984 2539 1052 2577 de«

392 2600 449 2641 est
486 2599 616 2637 timeo.
677 2596 838 2642 Verum,
885 2608 929 2634 ne
966 2594 1051 2647 post.

392 2670 460 2697 con
483 2668 563 2693 eras
581 2653 721 2705 culpam
744 2653 785 2690 in
805 2652 874 2700 me]
905 2654 950 2691 In
976 2650 1052 2704 hoc

391 2711 553 2767 negotio
565 2724 647 2751 non
666 2707 795 2751 ειιξὶοι·
813 2704 1055 2749 vultinteres.

1511 899 1752 947 ACTVS

1095 1018 1147 1070 se,
1168 1016 1231 1061 sed
1244 1018 1389 1061 seruus.
1446 1022 1597 1073 Varum]
1621 1020 1753 1070 Deest,

1095 1078 1191 1117 vide.
1248 1080 1297 1118 D.

1153 1145 1208 1187 97
1238 1134 1339 1188 Cogo
1352 1147 1462 1187 atque
1480 1136 1633 1187 impero]
1663 1136 1755 1185 Euif

1098 1189 1238 1240 denoer
1259 1190 1429 1230 ostendit
1442 1221 1451 1240 ,
1481 1191 1568 1242 plus
1592 1188 1669 1231 effe
1691 1195 1754 1231 im·

1092 1259 1246 1301 perat-e,
1297 1259 1413 1297 quam
1457 1245 1591 1286 iubere.
1647 1248 1757 1288 Nun-

1099 1305 1222 1356 quam]
1249 1305 1319 1340 Pro
1332 1315 1424 1340 non.
1487 1304 1546 1351 Vt,
1568 1316 1756 1357 nunquam

1099 1371 1221 1397 omnes
1232 1357 1336 1396 hodie
1347 1357 1546 1397 moriemur
1557 1359 1676 1399 inulti.
1701 1362 1755 1400 D.

1155 1412 1293 1461 Iubeo,
1323 1427 1432 1468 cogn,
1463 1427 1570 1467 atque
1595 1417 1756 1471 impero]

1100 1473 1200 1514 Cum
1220 1471 1440 1509 neceffitate
1457 1467 1554 1509 sunt.
1608 1475 1653 1513 E.

1156 1524 1292 1580 Iubeo,
1324 1529 1435 1582 cogo]
1462 1525 1534 1568 Ms.
1556 1529 1596 1567 R.
1629 1527 1751 1579 Iubeo,

1098 1586 1170 1624 imo
1192 1596 1294 1638 cogo.
1347 1586 1390 1624 L.

1154 1641 1303 1679 Omnes
1323 1638 1438 1678 nostri
1459 1651 1546 1678 cum
1565 1649 1656 1682 vett.
1668 1639 1757 1679 edd.

1100 1695 1251 1735 habent
1271 1694 1377 1734 Iubeo
1397 1701 1504 1734 immo
1527 1708 1625 1751 cogo„
1682 1697 1758 1750 lgi-

1101 1762 1164 1792 tur
1204 1761 1269 1792 aut
1301 1752 1382 1806 legi
1422 1750 1566 1802 debet,
1609 1751 1759 1795 luben?

1104 1811 1190 1851 Cu.
1237 1806 1375 1852 Iubeo?
1411 1808 1527 1848 Immo
1562 1822 1653 1864 cogo
1682 1809 1758 1850 &a

1103 1876 1176 1913 aut,
1198 1864 1303 1915 quod
1322 1864 1472 1911 melius,
1484 1864 1692 1903 retinenda
1703 1864 1759 1904 est

1102 1919 1384 1972 Lindenbrogii
1406 1920 1534 1958 lee'tio.
1591 1923 1633 1960 Β.

1153 1982 1206 2029 98
1246 1975 1450 2028 Nunquam
1475 1975 1665 2030 defficgiam
1697 1990 1759 2017 au-

1102 2032 1329 2081 &oritatemj
1361 2032 1623 2083 Non‚i11quit‚
1653 2045 1758 2072 recu·

1102 2085 1191 2127 sabo
1208 2086 1459 2135 facere,-dum
1480 2097 1520 2126 tu
1549 2099 1679 2128 tamen
1698 2103 1758 2130 au·

1103 2145 1181 2183 8101·
1202 2143 1246 2182 fis
1264 2142 1364 2183 faffi.
1421 2145 1473 2183 D.

1157 2198 1334 2241 Verbum
1366 2199 1521 2253 sbquere
1559 2199 1760 2241 B'emleius

1101 2257 1356 2305 qumenoni,
1398 2256 1481 2308 qui>
1501 2256 1673 2308 loquitur
1699 2258 1760 2297 Di

1100 2326 1256 2353 vortant
1291 2311 1395 2362 bene,
1439 2311 1602 2354 tribuit„
1639 2312 1760 2365 Quod
1808 2357 1815 2362 χ

1101 2367 1404 2422 praeferendum
1423 2368 1585 2419 videtur,
1606 2383 1659 2409 ne
1677 2384 1760 2410 vet·-

1099 2427 1148 2465 ba
1170 2425 1358 2476 postrema
1377 2425 1604 2476 fimplicster,
1625 2438 1664 2466 et
1683 2440 1760 2465 am-

1101 2483 1220 2535 bigue
1252 2480 1326 2520 fint
1357 2481 1484 2533 pofita.
1551 2485 1760 2523 Caeterum

1100 2537 1237 2588 verba,
1270 2551 1455 2590 nunquam
1484 2538 1674 2593 defitgiam
1690 2546 1760 2577 (ἰκ-

1102 2597 1157 2635 c'to
1163 2597 1321 2642 ritatem,
1330 2593 1411 2646 fign
1418 2593 1557 2643 ificant,
1568 2595 1664 2634 nullo
1673 2608 1758 2634 tem-

1098 2663 1190 2704 pore
1218 2649 1374 2705 negabo‚
1402 2664 1456 2688 me
1485 2648 1555 2689 tibi
1574 2653 1758 2693 auHorem

1101 2708 1212 2748 huius
1230 2704 1471 2761 reiextitzffi.
1529 2710 1568 2749 Z.
