1815 3168
279 137 370 188 168

653 136 808 183 ACT.
846 138 919 186 IV.
963 137 1156 184 SCEN.
1191 138 1223 184 1.

411 264 456 311 Si
478 277 621 323 roges,
644 263 753 309 nihil
778 264 927 328 pudet.
967 265 1051 317 hic,
1075 267 1147 313 vbi
1168 282 1279 331 opus
1304 261 1378 319 est,
1406 277 1410 281 ·

412 343 524 385 Non
558 351 785 385 verentur:
822 340 928 392 illic,
962 340 1036 387 vbi
1072 342 1182 388 nihil
1217 359 1332 407 opus
1364 338 1449 395 est,
1489 338 1550 389 ibi
1573 359 1641 390 ve-

512 425 678 459 rentur.

324 505 344 538 1
359 505 382 552 5
416 488 501 536 Sed
524 489 630 551 quid
652 490 809 551 agam?
849 488 1056 536 adeamne
1077 490 1129 536 ad
1154 507 1279 546 eum,
1311 501 1356 539 et
1376 509 1476 540 cum
1501 509 1553 540 eo
1579 495 1642 540 in*-

513 565 671 611 iuriam
703 565 812 612 hanc
839 563 1140 630 expostulem?

283 782 348 842 qui
375 778 575 829 dicuntur,
611 781 679 832 qui
715 779 830 820 nobis
862 782 938 820 cari

282 834 361 875 efle
384 836 541 876 debent.
594 840 642 877 D.

338 894 541 932 Proximus
556 893 642 944 fiam
662 893 823 947 εροφηει]
853 895 941 932 Hoc

283 948 355 995 est,
382 949 480 987 mihi
510 950 638 1001 potius
668 949 794 989 debeo
813 947 942 989 eonsu-

281 1006 382 1052 lere,
412 1018 499 1044 cum
522 1006 642 1044 maior
671 1006 807 1045 vtilitas
828 1005 942 1045 nobis

284 1061 411 1099 nostra
431 1060 502 1108 est,
537 1075 653 1112 quam
672 1062 809 1102 aliena.
870 1061 942 1102 Vbi

277 1116 373 1168 fides
391 1117 456 1170 est]
488 1121 544 1156 Ac
562 1117 587 1156 fi
613 1118 848 1169 interroges,
877 1117 941 1157 vbi

285 1171 369 1212 sunt
402 1186 499 1224 qnae
528 1171 706 1224 prorniss'a
733 1172 836 1218 sunt,
868 1173 942 1213 hoc

287 1229 352 1277 est,
377 1228 441 1267 vbi
461 1227 557 1267 fides
582 1241 750 1268 maneat.
809 1234 852 1269 E.

340 1286 444 1326 Heus
463 1286 632 1335 pertinet
660 1285 712 1331 ad
736 1283 855 1326 finem
875 1299 943 1324 an·

286 1341 512 1379 tea-edentis.
566 1342 607 1378 B.

343 1409 388 1449 ¹3
410 1397 449 1435 81·
471 1395 595 1449 roges]
627 1394 821 1442 Abundat,
830 1392 874 1445 st
886 1409 942 1435 ro·

283 1465 345 1507 ges
357 1469 370 1489 .·
389 1450 453 1490 sed
467 1454 585 1495 ἠθικῶς
597 1450 767 1490 additum
782 1450 846 1490 est.
872 1451 944 1490 Ni·

287 1510 346 1547 hil
368 1510 481 1560 pudet
482 1510 499 1560 j
534 1508 663 1545 Pudor
696 1506 749 1545 est
779 1507 868 1546 mali
891 1506 945 1546 fa-

288 1565 356 1604 sti:
384 1563 602 1602 verecundia
634 1563 726 1603 reffl
760 1573 800 1602 et
825 1562 945 1604 hone-

287 1620 342 1658 sti.
399 1623 502 1672 Ergo
539 1619 639 1658 mire
676 1616 811 1670 posuit.
871 1620 944 1660 Hic

287 1676 352 1715 vbi
386 1688 478 1727 opus
511 1674 583 1728 est]
631 1676 746 1714 Saluo
781 1674 942 1727 pudore.

288 1734 378 1785 Hic]
412 1730 485 1770 Vbi
510 1728 775 1782 promiserant.
831 1736 882 1774 D.

341 1788 455 1827 Nihil
466 1787 578 1839 pudet
595 1787 652 1826 hic
670 1786 733 1825 vbi
758 1799 871 1840 opus,
899 1787 944 1827 il-

289 1845 347 1883 luc
368 1843 431 1882 vbi
449 1855 537 1895 opus
552 1842 617 1894 est,
643 1843 695 1881 ibi
720 1857 794 1882 non
819 1857 945 1883 veren-

288 1905 370 1952 tur]
402 1901 473 1938 Hic
495 1897 558 1937 vbi
576 1911 667 1951 opus
687 1899 758 1952 est:
788 1897 868 1937 hoc
879 1899 944 1949 est,

289 1969 377 1994 cum
388 1956 462 1995 iam
474 1954 642 1994 debeant
652 1955 822 2007 complei
826 1969 847 1992 e
857 1969 943 2006 pro·

287 2009 395 2051 miffa
424 2015 441 2032 '‘
467 2008 560 2064 (ΜΓ.
600 2011 709 2051 alten
759 2012 946 2064 Complere

282 2067 471 2125 promijfit.
532 2065 603 2104 Vbi
628 2069 724 2106 enim
753 2078 844 2120 opus
873 2080 944 2121 quo

286 2121 366 2176 ipfi
383 2136 430 2176 pu
434 2120 546 2174 mnff
547 2136 565 2160 0
585 2122 645 2174 est.
701 2123 811 2163 Alter
828 2124 948 2163 multa

291 2180 466 2230 omittit).
519 2181 561 2220 E.

295 2274 319 2287 Ν
351 2234 463 2275 Nihil
476 2235 592 2288 pudet
612 2233 687 2286 hic]
719 2235 838 2274 Plaut.
857 2236 945 2287 Epi·

289 2290 377 2330 dico
403 2307 454 2336 11,
484 2303 515 2338 Ι,
543 2301 576 2332 1.
636 2291 806 2344 Plerique
831 2291 945 2331 homi·

287 2361 359 2395 ηπ,
380 2361 480 2400 quos,
503 2359 587 2385 cnm
605 2345 698 2385 nihil
713 2348 850 2397 refert,
877 2357 943 2399 pu-

289 2403 376 2443 det:
403 2403 467 2442 vbi
481 2414 531 2456 pt'
536 2402 690 2442 dendum
709 2403 863 2454 qst,1h1·
886 2418 945 2444 eos

289 2460 423 2510 difirit
440 2460 574 2512 pudor,
593 2471 742 2512 quum
725 2459 808 2510 ’Δία
833 2460 879 2512 est
903 2474 944 2499 vt

283 2515 437 2568 pudeat.
492 2517 533 2555 l.

340 2571 473 2611 Scribe
486 2571 633 2622 pudent,
656 2568 759 2621 quod
779 2570 830 2610 est
849 2572 944 2610 anti-

285 2640 420 2687 quum.
475 2626 678 2668 Cimstitue
704 2624 855 2666 versum
885 2627 943 2678 fle,

1518 665 1646 722 Inge›

987 781 1030 821 Si
1061 796 1188 838 roges,
1228 784 1288 824 nil
1305 783 1448 837 pudent
1474 782 1553 833 hic,
1582 783 1647 824 vbi

988 841 1110 892 opust:
1102 816 1212 877 illic
1233 839 1403 880 vbi.13.

1048 907 1098 948 14
1134 896 1230 944 Illic,
1260 895 1324 935 vbi
1351 895 1447 934 nihil
1471 907 1557 947 opus
1585 894 1646 948 est,

990 948 1059 1002 ihi]
1089 950 1169 990 Illic
1188 962 1227 990 et
1246 950 1313 1002 ibi,
1335 962 1464 1003 aptum
1487 948 1648 991 irascen-

991 1007 1020 1045 ti
1056 1008 1299 1060 repetitionis
1341 1020 1479 1061 genus.
1546 1008 1646 1063 Illic]

990 1065 1147 1117 Legitur
1165 1074 1203 1103 et
1221 1066 1286 1103 illi.
1345 1063 1415 1103 Vbi
1443 1062 1540 1102 nihil
1556 1076 1648 1116 opus

991 1117 1051 1168 est]
1083 1120 1160 1160 Vbi
1180 1121 1358 1159 nondum
1378 1117 1648 1171 promiserunt,

991 1174 1046 1213 ibi
1074 1181 1275 1220 retentum
1311 1175 1414 1226 quod
1447 1176 1498 1214 ait
1523 1173 1647 1228 supra,

991 1231 1037 1270 In
1057 1232 1270 1285 denegando
1295 1231 1402 1270 modo
1424 1235 1505 1284 quis
1524 1233 1651 1285 pudor

991 1285 1039 1339 est
1054 1289 1217 1340 paulum.
1274 1289 1323 1326 D.

1050 1343 1145 1381 Non
1169 1355 1342 1380 verentur
1368 1340 1461 1396 illic]
1499 1344 1544 1381 In
1575 1340 1650 1385 Ms.
1684 1390 1687 1392 ,

993 1401 1034 1438 R.
1064 1403 1108 1435 τά
1127 1412 1199 1437 non
1216 1410 1401 1446 verentur,
1422 1412 1505 1437 non
1517 1410 1652 1441 erant:

994 1467 1095 1506 quae
1115 1467 1245 1506 neque
1262 1454 1303 1492 in
1320 1451 1549 1507 Eugraphio.
1580 1460 1620 1496 L.

1048 1510 1146 1550 Illud
1165 1521 1237 1549 non
1255 1523 1449 1558 verentur,
1481 1511 1585 1561 quod
1607 1513 1650 1552 in

994 1568 1225 1618 perantiquo
1247 1567 1386 1614 nostro,
1415 1567 1454 1605 in
1472 1568 1593 1620 Regio
1613 1582 1653 1606 a-

994 1623 1071 1675 pud
1100 1622 1461 1674 Lindenbrogium,
1482 1633 1520 1660 et
1544 1622 1657 1673 apud

991 1678 1256 1734 Eugrapbium
1275 1678 1388 1727 abest,
1418 1677 1526 1727 dele,
1551 1679 1652 1718 adeo

992 1746 1033 1774 vt
1065 1733 1190 1774 verssu
1227 1734 1414 1774 efficiatur
1449 1733 1532 1773 hic:
1577 1736 1653 1775 Nil

994 1790 1103 1844 opust,
1128 1790 1180 1831 ihi
1196 1804 1383 1830 verentur.
1439 1792 1480 1830 B.

1053 1859 1102 1899 15
1139 1848 1320 1886 Adeamne
1356 1846 1407 1885 ad
1440 1851 1537 1899 eum]
1574 1847 1653 1886 Hie

993 1902 1099 1946 locus
1119 1902 1408 1941 deliberationis
1427 1900 1500 1941 est:
1527 1916 1576 1941 an
1588 1904 1653 1942 ad-

994 1968 1055 1997 eat
1087 1958 1134 1997 ad
1169 1956 1423 2009 Pamphilum.
1456 1967 1495 1996 et
1530 1971 1651 1998 vnum

993 2014 1043 2053 ad
1060 2012 1238 2061 abundat,
1264 2023 1304 2053 et
1320 2011 1514 2052 moraliter
1533 2012 1651 2053 verba

996 2068 1156 2111 Charini
1176 2067 1259 2108 lunt
1280 2069 1650 2124 pofita.1muriam]

994 2130 1085 2174 P1·,0
1120 2122 1202 2165 de
1193 2125 1341 2164 iniuria
1396 2124 1650 2181 Expostulem]

994 2180 1248 2234 Expostulatio
1267 2180 1321 2220 est
1339 2178 1519 2220 aduelsus
1541 2195 1648 2230 eum,

994 2251 1112 2289 quem
1147 2234 1380 2276 incusamusa
1415 2250 1506 2275 narn
1541 2250 1653 2291 expo

985 2292 1139 2346 ]ἰιιΙανε,
1161 2292 1215 2331 est
1234 2291 1431 2343 querelam
1442 2293 1543 2344 apud
1558 2307 1652 2334 eum

992 2348 1112 2401 ipsum
1124 2348 1322 2400 deponere
1335 2349 1516 2412 (Excidit,
1530 2363 1575 2389 et.
1586 2354 1625 2391 7„
1628 2351 1649 2402 )

993 2406 1044 2445 de
1073 2418 1121 2444 eo
1140 2402 1219 2457 ipso
1241 2404 1306 2455 qui
1331 2403 1423 2443 fecit
1450 2405 1650 2444 iniuriam.

992 2460 1179 2513 Postulare
1204 2471 1350 2508 autem
1378 2461 1574 2511 querelam
1596 2461 1651 2499 di-

994 2531 1083 2558 cere
1138 2516 1188 2557 de
1238 2517 1359 2569 altero
1406 2517 1510 2569 apud
1557 2517 1650 2557 alte-

994 2587 1089 2614 rum.
1148 2576 1197 2613 D.

1047 2628 1100 2671 Et
1125 2640 1204 2668 cum
1233 2642 1272 2668 eo
1306 2629 1500 2684 iniuriam]
1547 2630 1649 2671 Cum

1599 2696 1650 2723 eo
