1815 3168
638 158 792 204 ACT.
828 158 900 202 IV.
942 157 1132 203 SCEN.
1166 158 1224 202 11.

396 285 441 330 Si
464 284 626 348 poterit
646 282 764 343 fieri,
794 295 841 332 vt
863 301 918 330 ne
949 295 1071 349 pater
1091 302 1171 350 per
1200 300 1270 330 me
1291 278 1441 330 stetisse
1462 281 1620 334 credat,

400 362 505 414 Quo
538 361 682 406 minus
712 362 792 406 hae
826 359 981 407 fierent
1009 363 1209 425 nuptiae,
1241 359 1366 407 volo:
1413 358 1481 404 sed
1513 356 1543 403 fi
1574 356 1622 403 id

495 452 584 482 non
616 438 791 500 poterit,

397 510 450 557 Id
470 511 643 563 faciam,
681 514 726 559 in
747 511 936 577 procliui
960 511 1079 576 quod
1099 509 1178 565 est,
1209 526 1290 575 per
1311 526 1382 556 me
1405 505 1555 555 stetiffe
1579 517 1627 555 vt

495 586 653 632 credat.

400 663 511 716 Quis
533 661 682 709 videor
694 664 715 706 'r'
754 658 860 708 CH.
896 662 1020 712 miser
1041 678 1176 725 aeque
1198 672 1326 727 atque
1347 677 1445 722 ego.
1481 657 1515 706 P
1530 671 1561 703 A
1576 673 1626 705 Μ.

494 735 718 784 confilium
735 754 909 801 quaero,
938 735 1033 788 CH.
1055 738 1193 784 fortis.

1567 752 1627 782 20

263 854 413 881 reuocat
429 840 592 894 fi’nsim).
625 842 757 896 [Magis
776 836 920 894 verum]
970 842 1046 881 bat.
1102 840 1144 881 Id
1175 840 1255 893 uult
1279 844 1480 884 Donatus,
1524 841 1629 878 Pam-

264 904 344 939 Aut
372 900 490 952 magis
519 910 663 943 verum,
704 909 768 935 aut
800 899 923 937 verius

266 953 443 992 dicimus.
503 953 551 991 D.

317 1011 408 1048 Non
424 1007 624 1060 Apollinis]
657 1005 855 1052 παραβολὴ
878 1005 924 1043 fi-

266 1066 426 1115 quidem
447 1064 500 1103 est
523 1076 650 1103 rerum
676 1074 827 1115 genere
856 1059 926 1099 dis-

265 1121 454 1160 liminum.
518 1122 561 1158 E.
802 1117 806 1120 ’
875 1160 877 1162 ,

320 1180 393 1216 Pro
405 1174 586 1228 refipifiv,
607 1173 690 1213 cod.
703 1173 749 1214 C.
762 1174 809 1216 C.
824 1171 930 1225 respi-

268 1245 328 1273 ro,
386 1235 603 1280 Vtrumque
629 1231 743 1269 reue.
799 1231 933 1271 Caete-

267 1303 354 1328 rum
374 1287 450 1326 hoc
469 1287 630 1326 verbum
641 1285 709 1337 ipsi
721 1285 860 1338 Myfidi
871 1286 933 1323 tri-

268 1345 362 1386 bue.
423 1347 463 1382 Β.

328 1404 376 1443 16
408 1401 460 1439 Vt
478 1413 520 1438 ne
533 1398 662 1452 pater]
698 1398 747 1445 Vt
769 1410 823 1446 ne,
861 1409 932 1449 pro

242 1483 249 1486 -
270 1471 326 1498 ne
346 1471 442 1496 11011.
501 1457 576 1494 Per
600 1469 654 1493 me
664 1453 814 1507 stetfffl’]
856 1456 934 1493 Ste-

271 1514 369 1566 ttffi’,
403 1513 478 1551 hoc
499 1511 580 1560 est,
609 1509 751 1550 factum
774 1507 866 1549 effe.
896 1519 935 1547 vt

271 1570 410 1622 Virgil.
424 1571 542 1622 (Aen.
562 1581 656 1615 vm,
675 1568 779 1619 191.)
800 1590 857 1596 --
875 1566 933 1604 de-

261 1626 442 1679 firtaque
487 1626 622 1662 montis
665 1621 750 1662 Stat
794 1623 934 1662 domus.

275 1683 422 1731 Aliter,
450 1681 615 1733 plenum
646 1678 721 1724 est3
750 1688 789 1717 vt
821 1678 936 1725 idem,

273 1739 374 1791 (Ecl.
395 1751 440 1776 VJ
451 1753 477 1783 1,
501 1740 585 1788 53.)
619 1735 731 1774 Stant
748 1748 783 1773 et
800 1736 939 1786 iunipe-

264 1797 325 1843 mi,
347 1808 380 1832 et
405 1793 586 1844 castaneae
605 1791 777 1842 hizss‘ittae.
816 1791 941 1831 Aliter

278 1850 413 1890 horret
434 1853 448 1895 3⁷
491 1858 528 1886 vt
564 1850 687 1898 (Aen.
723 1859 791 1894 vx,
827 1849 940 1898 300.)

280 1908 392 1947 Stant
410 1904 549 1943 Iumina
570 1901 740 1953 flamma.
767 1905 815 1941 Et
833 1902 939 1940 Luci-

280 1964 365 2010 lius,
387 1961 473 2000 Stat
477 1958 649 2009 fintibus
655 1957 815 2010 fundus.
867 1958 941 1996 Per

282 2033 338 2057 me
348 2016 500 2069 stetisse]
531 2018 617 2054 Hoc
638 2014 702 2063 est,
727 2026 796 2063 per
814 2026 878 2053 me
888 2010 941 2051 fa-

284 2077 387 2115 31101
437 2070 534 2121 esse,
586 2084 639 2110 ne
683 2069 822 2109 fierent
870 2082 940 2107 nu-

284 2131 403 2184 ptiae.
460 2131 508 2167 D.

349 2198 397 2238 19
430 2183 552 2235 Mzfir
577 2194 704 2234 aeque,
729 2195 838 2235 atque
859 2180 943 2237 ego]

285 2245 409 2288 Beue,
429 2253 538 2292 atque
559 2252 649 2293 ego:
676 2238 835 2289 quiahic
846 2251 946 2276 amo-

288 2311 331 2338 re
359 2308 526 2336 vexatur.
582 2297 629 2334 Et
656 2294 786 2333 intulit
804 2298 948 2340 naqa&-

290 2360 346 2403 ξῦν
371 2354 501 2405 (lege,
531 2347 786 2398 ἀπροσδόκητον.
842 2349 950 2390 Nihil

290 2411 400 2450 enim
429 2409 559 2447 minus
587 2410 790 2454 παράδοξον,
835 2408 950 2457 quain

290 2466 406 2505 binos
425 2475 613 2503 amatores
632 2463 771 2513 pariter
789 2459 866 2501 esse
883 2462 951 2500 mi-

292 2520 409 2561 seros.
443 2523 507 2560 W.
562 2523 701 2569 Inepte
729 2519 847 2569 plane
870 2531 951 2557 cor-

295 2579 433 2631 rigitur
443 2574 637 2627 hoc,quod
650 2574 755 2611 idem
769 2575 951 2627 iQalet.Z.).

296 2638 395 2675 Nam
414 2631 569 2672 volebat
589 2628 809 2681 Pamphilus
822 2629 888 2668 fibi
899 2629 954 2668 di-

299 2691 355 2742 ei,
381 2699 421 2731 et
441 2687 547 2729 fortis
567 2685 627 2741 (τὲ
657 2699 692 2727 et
709 2682 859 2728 sensum
877 2696 954 2727 tui·-

973 898 1140 951 Philum,
1169 896 1230 935 vbi
1248 893 1420 950 rogasset,
1449 895 1546 949 Qis
1569 895 1630 930 vi-

974 955 1088 993 deor?
1128 950 1379 1004 exspeRaffe,
1424 962 1461 989 vt
1498 949 1632 991 Chari-

975 1022 1047 1048 nus
1071 1009 1237 1056 diceret,
1265 1009 1403 1047 Fortis.
1445 1005 1545 1046 Mihi
1568 1005 1635 1043 ali-

976 1076 1033 1103 ter
1067 1065 1224 1103 videtur.
1265 1065 1330 1102 Illa
1369 1063 1494 1111 enim,
1538 1060 1635 1115 Qis

976 1120 1130 1161 videor?
1170 1119 1337 1156 dolentis
1375 1119 1500 1168 potius
1536 1115 1635 1163 sunt,

980 1190 1096 1228 quam
1143 1174 1290 1213 laudari
1335 1174 1511 1212 volentis.
1569 1175 1634 1211 W.

984 1236 1057 1272 Pro
1087 1231 1161 1269 dici
1178 1231 1253 1283 leg.
1277 1230 1405 1268 videri.
1428 1231 1505 1277 Z.):
1533 1226 1639 1278 quod

983 1289 1040 1327 illi
1067 1298 1195 1326 tamen
1231 1300 1321 1325 mox
1348 1285 1505 1326 dicetur.
1564 1283 1640 1323 Hie

984 1346 1104 1398 igitur
1135 1343 1245 1382 aliter
1269 1340 1495 1393 respondet,
1525 1349 1641 1390 atque
1663 1372 1667 1375 .

984 1402 1200 1452 interrogat
1245 1397 1465 1449 Pamphilus
1487 1428 1495 1445 ‚
1549 1397 1640 1434 ideo

986 1455 1091 1508 quod
1131 1455 1259 1496 videat
1295 1453 1528 1504 impossibile
1553 1449 1641 1500 effe,

985 1513 1110 1565 palam
1134 1510 1303 1551 refistere
1322 1512 1481 1561 parenti.
1536 1511 1585 1548 D.

1041 1570 1140 1625 Qis
1167 1567 1324 1606 videor?
1361 1566 1487 1620 mfir]
1536 1567 1646 1616 Quo-

986 1625 1090 1664 niam
1100 1622 1311 1665 secundum
1323 1619 1645 1672 conlilium‚qu0d

988 1679 1210 1732 Pamphilus
1231 1677 1374 1731 posuit,
1410 1679 1487 1717 tale
1507 1678 1580 1726 est,
1607 1687 1645 1716 vt

989 1736 1128 1776 dixerit
1153 1746 1301 1787 patrem
1328 1732 1366 1773 se
1392 1748 1473 1773 non
1496 1735 1644 1782 timere,

989 1793 1015 1832 fi
1042 1793 1280 1831 intellexerit
1308 1790 1414 1842 quod
1433 1788 1511 1843 ipse
1537 1788 1641 1837 fecit,

991 1862 1044 1888 ne
1081 1849 1243 1899 nuptiae
1280 1846 1429 1885 fierent.
1473 1846 1646 1885 Jdcireo

990 1915 1030 1944 et
1050 1903 1235 1954 quaesiuit
1250 1901 1334 1953 ipse
1353 1902 1472 1952 qualis
1501 1901 1648 1941 futurus

991 1957 1084 1998 esset
1104 1972 1152 1997 ex
1176 1958 1250 1996 hoc
1261 1957 1427 2005 confluo,
1447 1968 1484 1995 et
1494 1955 1648 2009 respon-

990 2013 1070 2054 sum
1099 2014 1152 2053 est
1180 2014 1237 2062 ei,
1269 2015 1380 2064 mifir
1404 2026 1514 2066 aeque
1540 2026 1647 2067 atque

990 2084 1067 2127 ege.
1124 2074 1166 2110 E.

1044 2128 1191 2179 Aeque,
1229 2139 1342 2179 atque
1370 2126 1463 2181 ego]
1507 2125 1651 2166 Postre-

982 2196 1082 2239 mae
1110 2182 1208 2223 duae
1239 2195 1351 2222 voces
1383 2183 1427 2221 in
1462 2180 1535 2222 ΜΓ,
1566 2196 1649 2222 11011

997 2248 1116 2278 erant.
1171 2241 1213 2278 L.

1054 2293 1249 2345 Confilium
1284 2307 1420 2347 quaero
1452 2295 1547 2333 dicit
1577 2298 1652 2336 Da-

998 2364 1090 2390 uus:
1128 2351 1221 2403 lege
1238 2350 1400 2400 forti's;
1429 2350 1527 2390 haec
1553 2351 1653 2392 Cha-

998 2407 1102 2445 rinus
1119 2420 1200 2445 11011
1219 2406 1430 2457 Pal-ophim,
1458 2405 1522 2446 sed
1542 2411 1654 2448 Dauo

1000 2462 1112 2501 dicit:
1149 2460 1346 2513 sequentia
1376 2462 1460 2502 Scio
1490 2464 1581 2516 quid
1600 2477 1657 2501 co-

1000 2533 1095 2565 nere‚
1119 2518 1282 2558 emenda
1292 2518 1439 2571 stquid
1455 2532 1591 2566 canere,
1618 2528 1657 2558 et

1000 2573 1125 2613 tribue
1170 2573 1238 2626 ipfi
1293 2575 1479 2620 Charino.
1557 2578 1657 2615 Nam

1002 2630 1177 2670 nondum
1207 2630 1330 2682 potest
1355 2632 1471 2670 iratus
1498 2629 1655 2682 Pamph.

1002 2686 1144 2728 blande
1163 2686 1272 2740 loqui
1291 2700 1377 2728 cum
1395 2687 1519 2728 Dauo.
1563 2691 1604 2729 B.
