<?xml version="1.0" encoding="UTF-8"?>
<!DOCTYPE html PUBLIC "-//W3C//DTD XHTML 1.0 Transitional//EN"
    "http://www.w3.org/TR/xhtml1/DTD/xhtml1-transitional.dtd">
<html xmlns="http://www.w3.org/1999/xhtml" xml:lang="en" lang="en">
 <head>
  <title>
</title>
<meta http-equiv="Content-Type" content="text/html;charset=utf-8" />
  <meta name='ocr-system' content='tesseract 3.04.00' />
  <meta name='ocr-capabilities' content='ocr_page ocr_carea ocr_par ocr_line ocrx_word'/>
</head>
<body>
  <div class='ocr_page' id='page_1' title='image "./comoediaesexexre01tereuoft_0200.png"; bbox 0 0 1815 3168; ppageno 0'>
   <div class='ocr_carea' id='block_1_1' title="bbox 264 143 359 190">
    <p class='ocr_par' dir='ltr' id='par_1_1' title="bbox 264 143 359 190">
     <span class='ocr_line' id='line_1_1' title="bbox 264 143 359 190; baseline -0.011 -11"><span class='ocrx_word' id='word_1_1' title='bbox 264 143 359 190; x_wconf 86' lang='lat'><strong>¹04</strong></span> 
     </span>
    </p>
   </div>
   <div class='ocr_carea' id='block_1_2' title="bbox 656 106 1226 176">
    <p class='ocr_par' dir='ltr' id='par_1_2' title="bbox 656 106 1226 176">
     <span class='ocr_line' id='line_1_2' title="bbox 656 106 1226 176; baseline -0.011 1"><span class='ocrx_word' id='word_1_2' title='bbox 656 129 825 176; x_wconf 52' lang='lat' dir='ltr'><strong>ACT.1</strong></span> <span class='ocrx_word' id='word_1_3' title='bbox 848 129 899 176; x_wconf 78' lang='grc' dir='ltr'><strong>υ.</strong></span> <span class='ocrx_word' id='word_1_4' title='bbox 948 106 1137 174; x_wconf 74' lang='lat' dir='ltr'>SCEN.</span> <span class='ocrx_word' id='word_1_5' title='bbox 1169 124 1226 171; x_wconf 85' lang='lat'><strong>11.</strong></span> 
     </span>
    </p>
   </div>
   <div class='ocr_carea' id='block_1_3' title="bbox 301 241 1630 320">
    <p class='ocr_par' dir='ltr' id='par_1_3' title="bbox 301 241 1630 320">
     <span class='ocr_line' id='line_1_3' title="bbox 301 241 1630 320; baseline -0.006 -14"><span class='ocrx_word' id='word_1_6' title='bbox 301 276 363 308; x_wconf 91' lang='lat'><strong>20</strong></span> <span class='ocrx_word' id='word_1_7' title='bbox 396 255 729 320; x_wconf 69' lang='lat' dir='ltr'><strong>Circumspicim</strong></span> <span class='ocrx_word' id='word_1_8' title='bbox 762 255 985 319; x_wconf 88' lang='lat' dir='ltr'><strong>nusquam.</strong></span> <span class='ocrx_word' id='word_1_9' title='bbox 1016 254 1130 302; x_wconf 85' lang='lat' dir='ltr'><strong>forte</strong></span> <span class='ocrx_word' id='word_1_10' title='bbox 1149 251 1212 301; x_wconf 88' lang='lat' dir='ltr'><strong>ibi</strong></span> <span class='ocrx_word' id='word_1_11' title='bbox 1232 249 1363 297; x_wconf 87' lang='lat' dir='ltr'><strong>huius</strong></span> <span class='ocrx_word' id='word_1_12' title='bbox 1376 241 1513 298; x_wconf 85' lang='lat' dir='ltr'><strong>&#39;video</strong></span> <span class='ocrx_word' id='word_1_13' title='bbox 1524 251 1630 313; x_wconf 85' lang='lat' dir='ltr'><strong>Byr-</strong></span> 
     </span>
    </p>
   </div>
   <div class='ocr_carea' id='block_1_4' title="bbox 499 332 665 388">
    <p class='ocr_par' dir='ltr' id='par_1_4' title="bbox 499 332 665 388">
     <span class='ocr_line' id='line_1_4' title="bbox 499 332 665 388; baseline -0.012 -10"><span class='ocrx_word' id='word_1_14' title='bbox 499 332 641 378; x_wconf 82' lang='lat' dir='ltr'><strong>rhiam</strong></span> <span class='ocrx_word' id='word_1_15' title='bbox 654 350 665 388; x_wconf 80' lang='lat'><em>3</em></span> 
     </span>
    </p>
   </div>
   <div class='ocr_carea' id='block_1_5' title="bbox 369 397 1633 469">
    <p class='ocr_par' dir='ltr' id='par_1_5' title="bbox 369 397 1633 469">
     <span class='ocr_line' id='line_1_5' title="bbox 369 397 1633 469; baseline -0.007 -15"><span class='ocrx_word' id='word_1_16' title='bbox 369 433 373 438; x_wconf 74' lang='lat'>=</span> <span class='ocrx_word' id='word_1_17' title='bbox 401 410 554 469; x_wconf 88' lang='lat' dir='ltr'><strong>Rogo:</strong></span> <span class='ocrx_word' id='word_1_18' title='bbox 592 417 721 468; x_wconf 86' lang='lat' dir='ltr'><strong>negat</strong></span> <span class='ocrx_word' id='word_1_19' title='bbox 749 401 911 453; x_wconf 67' lang='lat' dir='ltr'><strong>vidiss‘e.</strong></span> <span class='ocrx_word' id='word_1_20' title='bbox 942 403 1053 451; x_wconf 89' lang='lat' dir='ltr'><strong>mihi</strong></span> <span class='ocrx_word' id='word_1_21' title='bbox 1080 399 1324 450; x_wconf 89' lang='lat' dir='ltr'><strong>molestum.</strong></span> <span class='ocrx_word' id='word_1_22' title='bbox 1361 397 1470 464; x_wconf 83' lang='lat' dir='ltr'><strong>quid</strong></span> <span class='ocrx_word' id='word_1_23' title='bbox 1492 415 1633 460; x_wconf 85' lang='lat' dir='ltr'><strong>agam,</strong></span> 
     </span>
    </p>
   </div>
   <div class='ocr_carea' id='block_1_6' title="bbox 502 483 664 543">
    <p class='ocr_par' dir='ltr' id='par_1_6' title="bbox 502 483 664 543">
     <span class='ocr_line' id='line_1_6' title="bbox 502 483 664 543; baseline -0.006 -15"><span class='ocrx_word' id='word_1_24' title='bbox 502 483 664 543; x_wconf 82' lang='lat' dir='ltr'><strong>cogito.</strong></span> 
     </span>
    </p>
   </div>
   <div class='ocr_carea' id='block_1_7' title="bbox 403 549 1635 618">
    <p class='ocr_par' dir='ltr' id='par_1_7' title="bbox 403 549 1635 618">
     <span class='ocr_line' id='line_1_7' title="bbox 403 549 1635 618; baseline -0.006 -13"><span class='ocrx_word' id='word_1_25' title='bbox 403 557 624 607; x_wconf 86' lang='lat' dir='ltr'><strong>Redeunti</strong></span> <span class='ocrx_word' id='word_1_26' title='bbox 656 558 822 602; x_wconf 85' lang='lat' dir='ltr'><strong>interea</strong></span> <span class='ocrx_word' id='word_1_27' title='bbox 856 571 907 601; x_wconf 86' lang='lat' dir='ltr'><strong>ex</strong></span> <span class='ocrx_word' id='word_1_28' title='bbox 935 551 1023 618; x_wconf 82' lang='lat' dir='ltr'><strong>ipsa</strong></span> <span class='ocrx_word' id='word_1_29' title='bbox 1047 566 1096 599; x_wconf 88' lang='lat' dir='ltr'><strong>re</strong></span> <span class='ocrx_word' id='word_1_30' title='bbox 1115 551 1227 600; x_wconf 86' lang='lat' dir='ltr'><strong>mihi</strong></span> <span class='ocrx_word' id='word_1_31' title='bbox 1256 551 1408 599; x_wconf 84' lang='lat' dir='ltr'>incidit</span> <span class='ocrx_word' id='word_1_32' title='bbox 1428 549 1635 616; x_wconf 85' lang='lat' dir='ltr'><strong>suspicio:</strong></span> 
     </span>
    </p>
   </div>
   <div class='ocr_carea' id='block_1_8' title="bbox 510 632 628 683">
    <p class='ocr_par' dir='ltr' id='par_1_8' title="bbox 510 632 628 683">
     <span class='ocr_line' id='line_1_8' title="bbox 510 632 628 683; baseline 0 -6"><span class='ocrx_word' id='word_1_33' title='bbox 510 632 628 683; x_wconf 88' lang='lat' dir='ltr'><strong>hem,</strong></span> 
     </span>
    </p>
   </div>
   <div class='ocr_carea' id='block_1_9' title="bbox 409 700 1641 770">
    <p class='ocr_par' dir='ltr' id='par_1_9' title="bbox 409 700 1641 770">
     <span class='ocr_line' id='line_1_9' title="bbox 409 700 1641 770; baseline -0.006 -16"><span class='ocrx_word' id='word_1_34' title='bbox 409 706 641 757; x_wconf 87' lang='lat' dir='ltr'><strong>Paululum</strong></span> <span class='ocrx_word' id='word_1_35' title='bbox 675 704 848 752; x_wconf 84' lang='lat' dir='ltr'><strong>obsoni:</strong></span> <span class='ocrx_word' id='word_1_36' title='bbox 880 704 996 770; x_wconf 85' lang='lat' dir='ltr'><strong>ipsus</strong></span> <span class='ocrx_word' id='word_1_37' title='bbox 1031 700 1184 750; x_wconf 84' lang='lat' dir='ltr'><strong>tristis:</strong></span> <span class='ocrx_word' id='word_1_38' title='bbox 1218 700 1272 749; x_wconf 87' lang='lat' dir='ltr'><strong>de</strong></span> <span class='ocrx_word' id='word_1_39' title='bbox 1300 700 1539 768; x_wconf 76' lang='lat' dir='ltr'><strong>improuiso</strong></span> <span class='ocrx_word' id='word_1_40' title='bbox 1559 717 1641 747; x_wconf 74' lang='lat' dir='ltr'><strong>nu·</strong></span> 
     </span>
    </p>
   </div>
   <div class='ocr_carea' id='block_1_10' title="bbox 514 783 652 847">
    <p class='ocr_par' dir='ltr' id='par_1_10' title="bbox 514 783 652 847">
     <span class='ocr_line' id='line_1_10' title="bbox 514 783 652 847; baseline -0.022 -19"><span class='ocrx_word' id='word_1_41' title='bbox 514 783 629 847; x_wconf 83' lang='lat' dir='ltr'><strong>ptiac</strong></span> <span class='ocrx_word' id='word_1_42' title='bbox 644 800 652 825; x_wconf 82' lang='lat' dir='ltr'><strong><em>z</em></strong></span> 
     </span>
    </p>
   </div>
   <div class='ocr_carea' id='block_1_11' title="bbox 413 854 967 907">
    <p class='ocr_par' dir='ltr' id='par_1_11' title="bbox 413 854 967 907">
     <span class='ocr_line' id='line_1_11' title="bbox 413 854 967 907; baseline -0.013 0"><span class='ocrx_word' id='word_1_43' title='bbox 413 861 526 907; x_wconf 86' lang='lat' dir='ltr'><strong>Non</strong></span> <span class='ocrx_word' id='word_1_44' title='bbox 548 857 797 903; x_wconf 80' lang='lat' dir='ltr'>cohaerent.</span> <span class='ocrx_word' id='word_1_45' title='bbox 830 854 967 903; x_wconf 86' lang='lat' dir='ltr'><strong>PAM.</strong></span> 
     </span>
    </p>
   </div>
   <div class='ocr_carea' id='block_1_12' title="bbox 999 848 1642 918">
    <p class='ocr_par' dir='ltr' id='par_1_12' title="bbox 999 848 1642 918">
     <span class='ocr_line' id='line_1_12' title="bbox 999 848 1642 918; baseline -0.002 -17"><span class='ocrx_word' id='word_1_46' title='bbox 999 854 1204 918; x_wconf 76' lang='lat' dir='ltr'>quorsum</span> <span class='ocrx_word' id='word_1_47' title='bbox 1216 868 1320 901; x_wconf 88' lang='lat' dir='ltr'><strong>nam</strong></span> <span class='ocrx_word' id='word_1_48' title='bbox 1334 851 1439 899; x_wconf 89' lang='lat' dir='ltr'><strong>istuc</strong></span> <span class='ocrx_word' id='word_1_49' title='bbox 1451 853 1474 897; x_wconf 72' lang='grc' dir='ltr'><strong>ἱ)</strong></span> <span class='ocrx_word' id='word_1_50' title='bbox 1502 848 1642 900; x_wconf 82' lang='lat' dir='ltr'><strong>DAV.</strong></span> 
     </span>
    </p>
   </div>
   <div class='ocr_carea' id='block_1_13' title="bbox 513 930 1267 993">
    <p class='ocr_par' dir='ltr' id='par_1_13' title="bbox 513 930 1267 993">
     <span class='ocr_line' id='line_1_13' title="bbox 513 930 1267 993; baseline 0.001 -16"><span class='ocrx_word' id='word_1_51' title='bbox 513 947 598 993; x_wconf 87' lang='lat' dir='ltr'><strong>ego</strong></span> <span class='ocrx_word' id='word_1_52' title='bbox 618 947 689 979; x_wconf 87' lang='lat' dir='ltr'><strong>me</strong></span> <span class='ocrx_word' id='word_1_53' title='bbox 711 932 921 979; x_wconf 85' lang='lat' dir='ltr'><strong>continuo</strong></span> <span class='ocrx_word' id='word_1_54' title='bbox 941 930 995 978; x_wconf 88' lang='lat' dir='ltr'><strong>ad</strong></span> <span class='ocrx_word' id='word_1_55' title='bbox 1017 930 1267 979; x_wconf 83' lang='lat' dir='ltr'><strong>Chremem.</strong></span> 
     </span>
    </p>
   </div>
   <div class='ocr_carea' id='block_1_14' title="bbox 277 1115 957 2397">
    <p class='ocr_par' dir='ltr' id='par_1_14' title="bbox 277 1115 948 1384">
     <span class='ocr_line' id='line_1_14' title="bbox 343 1115 939 1171; baseline -0.003 -13"><span class='ocrx_word' id='word_1_56' title='bbox 343 1130 398 1161; x_wconf 85' lang='lat'><strong>20</strong></span> <span class='ocrx_word' id='word_1_57' title='bbox 427 1117 637 1171; x_wconf 78' lang='lat' dir='ltr'><em>Nusquam]</em></span> <span class='ocrx_word' id='word_1_58' title='bbox 672 1116 810 1166; x_wconf 89' lang='lat' dir='ltr'><strong>Deest,</strong></span> <span class='ocrx_word' id='word_1_59' title='bbox 846 1115 939 1156; x_wconf 83' lang='lat' dir='ltr'><strong>vidi.</strong></span> 
     </span>
     <span class='ocr_line' id='line_1_15' title="bbox 289 1173 944 1228; baseline -0.005 -13"><span class='ocrx_word' id='word_1_60' title='bbox 289 1174 403 1215; x_wconf 80' lang='lat' dir='ltr'><strong>Video</strong></span> <span class='ocrx_word' id='word_1_61' title='bbox 417 1174 637 1228; x_wconf 60' lang='lat' dir='ltr'><strong>Byrrhiam]</strong></span> <span class='ocrx_word' id='word_1_62' title='bbox 658 1173 777 1214; x_wconf 86' lang='lat' dir='ltr'><strong>Deest</strong></span> <span class='ocrx_word' id='word_1_63' title='bbox 776 1173 944 1224; x_wconf 77' lang='lat' dir='ltr'><strong>fimum,</strong></span> 
     </span>
     <span class='ocr_line' id='line_1_16' title="bbox 288 1229 948 1281; baseline -0.002 -12"><span class='ocrx_word' id='word_1_64' title='bbox 288 1241 329 1270; x_wconf 87' lang='lat' dir='ltr'><strong>et</strong></span> <span class='ocrx_word' id='word_1_65' title='bbox 345 1232 458 1270; x_wconf 59' lang='lat' dir='ltr'><strong>reete.</strong></span> <span class='ocrx_word' id='word_1_66' title='bbox 501 1230 650 1270; x_wconf 84' lang='lat' dir='ltr'><strong>dixerat</strong></span> <span class='ocrx_word' id='word_1_67' title='bbox 678 1230 805 1278; x_wconf 86' lang='lat' dir='ltr'><strong>enim,</strong></span> <span class='ocrx_word' id='word_1_68' title='bbox 833 1229 948 1281; x_wconf 83' lang='lat' dir='ltr'><em>Apud</em></span> 
     </span>
     <span class='ocr_line' id='line_1_17' title="bbox 277 1285 946 1338; baseline -0.006 -12"><span class='ocrx_word' id='word_1_69' title='bbox 277 1287 418 1338; x_wconf 83' lang='lat' dir='ltr'><strong>forum</strong></span> <span class='ocrx_word' id='word_1_70' title='bbox 460 1285 564 1326; x_wconf 86' lang='lat' dir='ltr'><strong>modo</strong></span> <span class='ocrx_word' id='word_1_71' title='bbox 603 1285 648 1325; x_wconf 85' lang='lat' dir='ltr'><strong>de</strong></span> <span class='ocrx_word' id='word_1_72' title='bbox 683 1286 796 1325; x_wconf 83' lang='lat' dir='ltr'><strong>Dauo</strong></span> <span class='ocrx_word' id='word_1_73' title='bbox 845 1285 946 1323; x_wconf 85' lang='lat' dir='ltr'><strong>audi-</strong></span> 
     </span>
     <span class='ocr_line' id='line_1_18' title="bbox 290 1345 451 1384; baseline 0 -4"><span class='ocrx_word' id='word_1_74' title='bbox 290 1345 342 1381; x_wconf 80' lang='lat' dir='ltr'><strong>ui.</strong></span> <span class='ocrx_word' id='word_1_75' title='bbox 399 1347 451 1384; x_wconf 69' lang='lat' dir='ltr'><strong>D,</strong></span> 
     </span>
    </p>

    <p class='ocr_par' dir='ltr' id='par_1_15' title="bbox 290 1393 952 1606">
     <span class='ocr_line' id='line_1_19' title="bbox 346 1393 949 1449; baseline -0.005 -12"><span class='ocrx_word' id='word_1_76' title='bbox 346 1397 433 1437; x_wconf 80' lang='lat' dir='ltr'><strong>l‘ost</strong></span> <span class='ocrx_word' id='word_1_77' title='bbox 459 1394 636 1449; x_wconf 86' lang='lat' dir='ltr'><em>nusquam</em></span> <span class='ocrx_word' id='word_1_78' title='bbox 672 1393 949 1446; x_wconf 80' lang='lat' dir='ltr'><strong>reponendum</strong></span> 
     </span>
     <span class='ocr_line' id='line_1_20' title="bbox 290 1449 952 1502; baseline -0.003 -10"><span class='ocrx_word' id='word_1_79' title='bbox 290 1450 370 1492; x_wconf 84' lang='lat' dir='ltr'><strong>effe</strong></span> <span class='ocrx_word' id='word_1_80' title='bbox 391 1449 528 1493; x_wconf 86' lang='lat' dir='ltr'><strong>censeo</strong></span> <span class='ocrx_word' id='word_1_81' title='bbox 549 1464 596 1491; x_wconf 84' lang='lat' dir='ltr'><strong>es.</strong></span> <span class='ocrx_word' id='word_1_82' title='bbox 651 1455 782 1502; x_wconf 84' lang='lat' dir='ltr'><strong>Atque</strong></span> <span class='ocrx_word' id='word_1_83' title='bbox 820 1460 895 1490; x_wconf 90' lang='lat' dir='ltr'><strong>tres</strong></span> <span class='ocrx_word' id='word_1_84' title='bbox 927 1463 952 1490; x_wconf 88' lang='lat' dir='ltr'><strong>e</strong></span> 
     </span>
     <span class='ocr_line' id='line_1_21' title="bbox 290 1504 952 1559; baseline -0.005 -11"><span class='ocrx_word' id='word_1_85' title='bbox 290 1509 428 1549; x_wconf 86' lang='lat' dir='ltr'><strong>nostris</strong></span> <span class='ocrx_word' id='word_1_86' title='bbox 450 1509 552 1548; x_wconf 63' lang='lat' dir='ltr'><strong>reeie</strong></span> <span class='ocrx_word' id='word_1_87' title='bbox 577 1507 766 1547; x_wconf 76' lang='lat' dir='ltr'><strong>collocant</strong></span> <span class='ocrx_word' id='word_1_88' title='bbox 794 1504 850 1546; x_wconf 75' lang='lat' dir='ltr'><strong>ibi</strong></span> <span class='ocrx_word' id='word_1_89' title='bbox 862 1505 952 1559; x_wconf 84' lang='lat' dir='ltr'><strong>for·</strong></span> 
     </span>
     <span class='ocr_line' id='line_1_22' title="bbox 290 1568 437 1606; baseline -0.007 -1"><span class='ocrx_word' id='word_1_90' title='bbox 290 1574 340 1606; x_wconf 80' lang='lat' dir='ltr'><strong>te.</strong></span> <span class='ocrx_word' id='word_1_91' title='bbox 397 1568 437 1605; x_wconf 90' lang='lat' dir='ltr'><strong>B.</strong></span> 
     </span>
    </p>

    <p class='ocr_par' dir='ltr' id='par_1_16' title="bbox 296 1618 955 1728">
     <span class='ocr_line' id='line_1_23' title="bbox 343 1618 955 1675; baseline -0.007 -14"><span class='ocrx_word' id='word_1_92' title='bbox 343 1632 395 1662; x_wconf 77' lang='lat'><strong>21</strong></span> <span class='ocrx_word' id='word_1_93' title='bbox 433 1621 561 1675; x_wconf 84' lang='lat' dir='ltr'><strong>Rogo:</strong></span> <span class='ocrx_word' id='word_1_94' title='bbox 576 1632 688 1673; x_wconf 85' lang='lat' dir='ltr'><strong>negat</strong></span> <span class='ocrx_word' id='word_1_95' title='bbox 705 1618 848 1672; x_wconf 65' lang='grc' dir='ltr'><strong><em>υἰιίἑβὲ]</em></strong></span> <span class='ocrx_word' id='word_1_96' title='bbox 880 1618 955 1660; x_wconf 88' lang='lat' dir='ltr'><strong>Mi-</strong></span> 
     </span>
     <span class='ocr_line' id='line_1_24' title="bbox 296 1675 898 1728; baseline -0.005 -13"><span class='ocrx_word' id='word_1_97' title='bbox 296 1691 336 1716; x_wconf 86' lang='lat' dir='ltr'><strong>ra</strong></span> <span class='ocrx_word' id='word_1_98' title='bbox 355 1675 531 1728; x_wconf 54' lang='lat' dir='ltr'><strong>breustag,</strong></span> <span class='ocrx_word' id='word_1_99' title='bbox 551 1687 590 1715; x_wconf 86' lang='lat' dir='ltr'><strong>et</strong></span> <span class='ocrx_word' id='word_1_100' title='bbox 606 1675 806 1715; x_wconf 70' lang='lat' dir='ltr'><strong>imitanda.</strong></span> <span class='ocrx_word' id='word_1_101' title='bbox 848 1677 898 1715; x_wconf 91' lang='lat' dir='ltr'><strong>D.</strong></span> 
     </span>
    </p>

    <p class='ocr_par' dir='ltr' id='par_1_17' title="bbox 279 1729 957 2397">
     <span class='ocr_line' id='line_1_25' title="bbox 349 1729 957 1789; baseline -0.002 -19"><span class='ocrx_word' id='word_1_102' title='bbox 349 1732 462 1789; x_wconf 72' lang='lat' dir='ltr'><strong>Qid</strong></span> <span class='ocrx_word' id='word_1_103' title='bbox 485 1746 606 1786; x_wconf 84' lang='lat' dir='ltr'><strong>agam,</strong></span> <span class='ocrx_word' id='word_1_104' title='bbox 636 1729 779 1786; x_wconf 82' lang='lat' dir='ltr'><strong>cogito]</strong></span> <span class='ocrx_word' id='word_1_105' title='bbox 810 1730 957 1782; x_wconf 71' lang='lat' dir='ltr'><strong>,Incipi-</strong></span> 
     </span>
     <span class='ocr_line' id='line_1_26' title="bbox 292 1787 955 1841; baseline 0 -16"><span class='ocrx_word' id='word_1_106' title='bbox 292 1799 365 1828; x_wconf 85' lang='lat' dir='ltr'><strong>unt</strong></span> <span class='ocrx_word' id='word_1_107' title='bbox 382 1789 500 1841; x_wconf 82' lang='lat' dir='ltr'><strong>igitur</strong></span> <span class='ocrx_word' id='word_1_108' title='bbox 523 1797 764 1841; x_wconf 85' lang='lat' dir='ltr'><strong>argumenta,</strong></span> <span class='ocrx_word' id='word_1_109' title='bbox 796 1787 955 1838; x_wconf 87' lang='lat' dir='ltr'><strong>nuptiae</strong></span> 
     </span>
     <span class='ocr_line' id='line_1_27' title="bbox 293 1840 952 1892; baseline -0.002 -11"><span class='ocrx_word' id='word_1_110' title='bbox 293 1857 346 1883; x_wconf 84' lang='lat' dir='ltr'><strong>ne</strong></span> <span class='ocrx_word' id='word_1_111' title='bbox 371 1842 461 1891; x_wconf 66' lang='lat' dir='ltr'><strong>suit,</strong></span> <span class='ocrx_word' id='word_1_112' title='bbox 495 1857 543 1883; x_wconf 83' lang='lat' dir='ltr'><strong>ex</strong></span> <span class='ocrx_word' id='word_1_113' title='bbox 571 1844 646 1882; x_wconf 84' lang='lat' dir='ltr'><strong>hoe</strong></span> <span class='ocrx_word' id='word_1_114' title='bbox 673 1840 801 1880; x_wconf 83' lang='lat' dir='ltr'><strong>versu:</strong></span> <span class='ocrx_word' id='word_1_115' title='bbox 841 1842 952 1892; x_wconf 81' lang='lat' dir='ltr'><strong>Rede-</strong></span> 
     </span>
     <span class='ocr_line' id='line_1_28' title="bbox 291 1896 954 1951; baseline -0.003 -14"><span class='ocrx_word' id='word_1_116' title='bbox 291 1901 376 1938; x_wconf 84' lang='lat' dir='ltr'><strong>unti</strong></span> <span class='ocrx_word' id='word_1_117' title='bbox 395 1900 535 1938; x_wconf 73' lang='lat' dir='ltr'><strong>interea</strong></span> <span class='ocrx_word' id='word_1_118' title='bbox 555 1912 602 1937; x_wconf 85' lang='lat' dir='ltr'><strong>ex</strong></span> <span class='ocrx_word' id='word_1_119' title='bbox 613 1897 690 1951; x_wconf 75' lang='lat' dir='ltr'><strong>ipfh</strong></span> <span class='ocrx_word' id='word_1_120' title='bbox 700 1912 738 1936; x_wconf 84' lang='lat' dir='ltr'><strong>re</strong></span> <span class='ocrx_word' id='word_1_121' title='bbox 746 1897 878 1936; x_wconf 85' lang='lat' dir='ltr'><strong>incidit</strong></span> <span class='ocrx_word' id='word_1_122' title='bbox 883 1896 954 1947; x_wconf 76' lang='lat' dir='ltr'><strong>fic-</strong></span> 
     </span>
     <span class='ocr_line' id='line_1_29' title="bbox 279 1954 954 2008; baseline -0.001 -16"><span class='ocrx_word' id='word_1_123' title='bbox 279 1955 421 2008; x_wconf 57' lang='lat' dir='ltr'><strong>spicia</strong></span> <span class='ocrx_word' id='word_1_124' title='bbox 485 1954 625 1994; x_wconf 85' lang='lat' dir='ltr'><strong>Omnis</strong></span> <span class='ocrx_word' id='word_1_125' title='bbox 651 1954 889 2008; x_wconf 69' lang='lat' dir='ltr'><strong>&#39;coiiie5m1·a</strong></span> <span class='ocrx_word' id='word_1_126' title='bbox 930 1966 954 1990; x_wconf 84' lang='lat' dir='ltr'>a</span> 
     </span>
     <span class='ocr_line' id='line_1_30' title="bbox 293 2007 954 2051; baseline -0.006 -1"><span class='ocrx_word' id='word_1_127' title='bbox 293 2009 440 2051; x_wconf 83' lang='lat' dir='ltr'><strong>summo</strong></span> <span class='ocrx_word' id='word_1_128' title='bbox 459 2009 508 2049; x_wconf 87' lang='lat' dir='ltr'><strong>ad</strong></span> <span class='ocrx_word' id='word_1_129' title='bbox 527 2010 647 2049; x_wconf 87' lang='lat' dir='ltr'><strong>imum</strong></span> <span class='ocrx_word' id='word_1_130' title='bbox 669 2008 877 2048; x_wconf 85' lang='lat' dir='ltr'><strong>diuifiones</strong></span> <span class='ocrx_word' id='word_1_131' title='bbox 889 2007 954 2046; x_wconf 88' lang='lat' dir='ltr'><strong>ha-</strong></span> 
     </span>
     <span class='ocr_line' id='line_1_31' title="bbox 292 2063 954 2118; baseline -0.006 -12"><span class='ocrx_word' id='word_1_132' title='bbox 292 2067 372 2114; x_wconf 85' lang='lat' dir='ltr'><strong>bet,</strong></span> <span class='ocrx_word' id='word_1_133' title='bbox 394 2079 495 2118; x_wconf 87' lang='lat' dir='ltr'><strong>quae</strong></span> <span class='ocrx_word' id='word_1_134' title='bbox 513 2065 646 2105; x_wconf 79' lang='lat' dir='ltr'><strong>diuifio</strong></span> <span class='ocrx_word' id='word_1_135' title='bbox 677 2064 776 2104; x_wconf 66' lang='lat' dir='ltr'><strong>dic&#39;ta</strong></span> <span class='ocrx_word' id='word_1_136' title='bbox 796 2075 835 2103; x_wconf 90' lang='lat' dir='ltr'><strong>et</strong></span> <span class='ocrx_word' id='word_1_137' title='bbox 852 2063 954 2103; x_wconf 59' lang='lat' dir='ltr'><strong>faeta</strong></span> 
     </span>
     <span class='ocr_line' id='line_1_32' title="bbox 293 2118 953 2172; baseline -0.006 -10"><span class='ocrx_word' id='word_1_138' title='bbox 293 2123 483 2162; x_wconf 80' lang='lat' dir='ltr'><strong>continet.</strong></span> <span class='ocrx_word' id='word_1_139' title='bbox 558 2123 794 2172; x_wconf 84' lang='lat' dir='ltr'><strong>Quanquam</strong></span> <span class='ocrx_word' id='word_1_140' title='bbox 839 2118 953 2171; x_wconf 84' lang='lat' dir='ltr'><strong>saepe</strong></span> 
     </span>
     <span class='ocr_line' id='line_1_33' title="bbox 293 2176 955 2228; baseline -0.005 -11"><span class='ocrx_word' id='word_1_141' title='bbox 293 2188 336 2218; x_wconf 86' lang='lat' dir='ltr'><strong>et</strong></span> <span class='ocrx_word' id='word_1_142' title='bbox 372 2191 422 2217; x_wconf 80' lang='lat' dir='ltr'><strong>ex</strong></span> <span class='ocrx_word' id='word_1_143' title='bbox 458 2176 531 2215; x_wconf 84' lang='lat' dir='ltr'><strong>hoc</strong></span> <span class='ocrx_word' id='word_1_144' title='bbox 574 2177 792 2215; x_wconf 62' lang='lat' dir='ltr'><strong>conieeiura</strong></span> <span class='ocrx_word' id='word_1_145' title='bbox 822 2176 955 2228; x_wconf 84' lang='lat' dir='ltr'><strong>colligi</strong></span> 
     </span>
     <span class='ocr_line' id='line_1_34' title="bbox 291 2231 955 2286; baseline -0.006 -13"><span class='ocrx_word' id='word_1_146' title='bbox 291 2233 422 2286; x_wconf 68' lang='lat' dir='ltr'><strong>possit,</strong></span> <span class='ocrx_word' id='word_1_147' title='bbox 464 2231 570 2283; x_wconf 88' lang='lat' dir='ltr'><strong>quod</strong></span> <span class='ocrx_word' id='word_1_148' title='bbox 598 2246 681 2271; x_wconf 84' lang='lat' dir='ltr'><strong>non</strong></span> <span class='ocrx_word' id='word_1_149' title='bbox 713 2232 858 2272; x_wconf 60' lang='lat' dir='ltr'><strong>dietum</strong></span> <span class='ocrx_word' id='word_1_150' title='bbox 878 2243 955 2270; x_wconf 83' lang='lat' dir='ltr'><strong>nec</strong></span> 
     </span>
     <span class='ocr_line' id='line_1_35' title="bbox 290 2287 954 2342; baseline -0.006 -12"><span class='ocrx_word' id='word_1_151' title='bbox 290 2289 434 2331; x_wconf 43' lang='lat' dir='ltr'><strong>facium</strong></span> <span class='ocrx_word' id='word_1_152' title='bbox 452 2288 507 2327; x_wconf 84' lang='lat' dir='ltr'><strong>fit.</strong></span> <span class='ocrx_word' id='word_1_153' title='bbox 552 2291 656 2342; x_wconf 85' lang='lat' dir='ltr'><strong>Ergo</strong></span> <span class='ocrx_word' id='word_1_154' title='bbox 674 2287 734 2327; x_wconf 86' lang='lat' dir='ltr'><strong>hic</strong></span> <span class='ocrx_word' id='word_1_155' title='bbox 755 2297 954 2339; x_wconf 78' lang='lat' dir='ltr'><strong>vti-umque</strong></span> 
     </span>
     <span class='ocr_line' id='line_1_36' title="bbox 292 2341 955 2397; baseline -0.003 -13"><span class='ocrx_word' id='word_1_156' title='bbox 292 2346 519 2397; x_wconf 84' lang='lat' dir='ltr'><strong>complexus</strong></span> <span class='ocrx_word' id='word_1_157' title='bbox 553 2344 617 2384; x_wconf 90' lang='lat' dir='ltr'><strong>est.</strong></span> <span class='ocrx_word' id='word_1_158' title='bbox 672 2346 784 2391; x_wconf 10' lang='lat' dir='ltr'><strong>Nam?</strong></span> <span class='ocrx_word' id='word_1_159' title='bbox 805 2357 888 2383; x_wconf 85' lang='lat' dir='ltr'><strong>non</strong></span> <span class='ocrx_word' id='word_1_160' title='bbox 915 2341 955 2382; x_wconf 84' lang='lat' dir='ltr'><strong>fi·</strong></span> 
     </span>
    </p>
   </div>
   <div class='ocr_carea' id='block_1_15' title="bbox 1491 998 1646 1050">
    <p class='ocr_par' dir='ltr' id='par_1_18' title="bbox 1491 998 1646 1050">
     <span class='ocr_line' id='line_1_37' title="bbox 1491 998 1646 1050; baseline -0.013 -6"><span class='ocrx_word' id='word_1_161' title='bbox 1491 998 1646 1050; x_wconf 89' lang='lat' dir='ltr'><strong>Quum</strong></span> 
     </span>
    </p>
   </div>
   <div class='ocr_carea' id='block_1_16' title="bbox 994 1110 1675 2389">
    <p class='ocr_par' dir='ltr' id='par_1_19' title="bbox 994 1110 1675 1991">
     <span class='ocr_line' id='line_1_38' title="bbox 994 1110 1649 1169; baseline -0.012 -14"><span class='ocrx_word' id='word_1_162' title='bbox 994 1115 1195 1169; x_wconf 83' lang='lat' dir='ltr'><strong>colligere,</strong></span> <span class='ocrx_word' id='word_1_163' title='bbox 1223 1125 1324 1165; x_wconf 86' lang='lat' dir='ltr'><strong>quae</strong></span> <span class='ocrx_word' id='word_1_164' title='bbox 1352 1110 1518 1151; x_wconf 85' lang='lat' dir='ltr'><strong>diximus</strong></span> <span class='ocrx_word' id='word_1_165' title='bbox 1535 1111 1649 1162; x_wconf 80' lang='lat' dir='ltr'><strong>perti-</strong></span> 
     </span>
     <span class='ocr_line' id='line_1_39' title="bbox 994 1168 1650 1217; baseline -0.014 -5"><span class='ocrx_word' id='word_1_166' title='bbox 994 1171 1091 1212; x_wconf 84' lang='lat' dir='ltr'><strong>nere</strong></span> <span class='ocrx_word' id='word_1_167' title='bbox 1132 1170 1179 1210; x_wconf 80' lang='lat' dir='ltr'><strong>ad</strong></span> <span class='ocrx_word' id='word_1_168' title='bbox 1216 1168 1462 1215; x_wconf 66' lang='lat' dir='ltr'><strong>diuisionem,</strong></span> <span class='ocrx_word' id='word_1_169' title='bbox 1503 1178 1601 1217; x_wconf 82' lang='lat' dir='ltr'><strong>quae</strong></span> <span class='ocrx_word' id='word_1_170' title='bbox 1627 1178 1650 1204; x_wconf 85' lang='lat' dir='ltr'>a</span> 
     </span>
     <span class='ocr_line' id='line_1_40' title="bbox 995 1222 1652 1274; baseline -0.014 -7"><span class='ocrx_word' id='word_1_171' title='bbox 995 1225 1144 1267; x_wconf 85' lang='lat' dir='ltr'><strong>summo</strong></span> <span class='ocrx_word' id='word_1_172' title='bbox 1174 1224 1222 1264; x_wconf 83' lang='lat' dir='ltr'><strong>ad</strong></span> <span class='ocrx_word' id='word_1_173' title='bbox 1249 1226 1372 1264; x_wconf 86' lang='lat' dir='ltr'><strong>imum</strong></span> <span class='ocrx_word' id='word_1_174' title='bbox 1399 1222 1472 1270; x_wconf 87' lang='lat' dir='ltr'><strong>est,</strong></span> <span class='ocrx_word' id='word_1_175' title='bbox 1503 1222 1652 1274; x_wconf 82' lang='lat' dir='ltr'><strong>colligit</strong></span> 
     </span>
     <span class='ocr_line' id='line_1_41' title="bbox 996 1274 1649 1331; baseline -0.011 -10"><span class='ocrx_word' id='word_1_176' title='bbox 996 1282 1044 1322; x_wconf 88' lang='lat' dir='ltr'><strong>ab</strong></span> <span class='ocrx_word' id='word_1_177' title='bbox 1083 1281 1142 1320; x_wconf 89' lang='lat' dir='ltr'><strong>his</strong></span> <span class='ocrx_word' id='word_1_178' title='bbox 1170 1292 1271 1331; x_wconf 86' lang='lat' dir='ltr'><strong>quae</strong></span> <span class='ocrx_word' id='word_1_179' title='bbox 1305 1278 1400 1318; x_wconf 61' lang='lat' dir='ltr'><strong>faeta</strong></span> <span class='ocrx_word' id='word_1_180' title='bbox 1438 1290 1522 1315; x_wconf 89' lang='lat' dir='ltr'><strong>non</strong></span> <span class='ocrx_word' id='word_1_181' title='bbox 1551 1274 1649 1316; x_wconf 88' lang='lat' dir='ltr'><strong>sunt.</strong></span> 
     </span>
     <span class='ocr_line' id='line_1_42' title="bbox 998 1331 1675 1384; baseline -0.015 -6"><span class='ocrx_word' id='word_1_182' title='bbox 998 1340 1091 1378; x_wconf 84' lang='lat' dir='ltr'><strong>Cum</strong></span> <span class='ocrx_word' id='word_1_183' title='bbox 1108 1338 1200 1375; x_wconf 79' lang='lat' dir='ltr'><strong>e&#39;m‘m</strong></span> <span class='ocrx_word' id='word_1_184' title='bbox 1211 1334 1286 1380; x_wconf 81' lang='lat' dir='ltr'><strong>illo,</strong></span> <span class='ocrx_word' id='word_1_185' title='bbox 1302 1333 1441 1384; x_wconf 88' lang='lat' dir='ltr'><strong>inquit,</strong></span> <span class='ocrx_word' id='word_1_186' title='bbox 1464 1333 1572 1370; x_wconf 80' lang='lat' dir='ltr'><strong>veni.-</strong></span> <span class='ocrx_word' id='word_1_187' title='bbox 1585 1331 1675 1382; x_wconf 84' lang='lat' dir='ltr'><strong>so·-</strong></span> 
     </span>
     <span class='ocr_line' id='line_1_43' title="bbox 997 1387 1654 1440; baseline -0.014 -6"><span class='ocrx_word' id='word_1_188' title='bbox 997 1392 1118 1434; x_wconf 68' lang='lat' dir='ltr'><strong>titudo</strong></span> <span class='ocrx_word' id='word_1_189' title='bbox 1155 1404 1239 1430; x_wconf 80' lang='lat' dir='ltr'><strong>ante</strong></span> <span class='ocrx_word' id='word_1_190' title='bbox 1275 1388 1441 1440; x_wconf 82' lang='lat' dir='ltr'><strong>hostium.</strong></span> <span class='ocrx_word' id='word_1_191' title='bbox 1503 1387 1654 1438; x_wconf 84' lang='lat' dir='ltr'><strong>Vtique</strong></span> 
     </span>
     <span class='ocr_line' id='line_1_44' title="bbox 998 1442 1655 1501; baseline -0.014 -11"><span class='ocrx_word' id='word_1_192' title='bbox 998 1447 1219 1501; x_wconf 80' lang='lat' dir='ltr'><strong>frequentia</strong></span> <span class='ocrx_word' id='word_1_193' title='bbox 1231 1443 1310 1485; x_wconf 75' lang='lat' dir='ltr'><strong>effe</strong></span> <span class='ocrx_word' id='word_1_194' title='bbox 1329 1444 1473 1485; x_wconf 84' lang='lat' dir='ltr'><strong>debuit.</strong></span> <span class='ocrx_word' id='word_1_195' title='bbox 1513 1442 1590 1484; x_wconf 85' lang='lat' dir='ltr'><strong>Sed</strong></span> <span class='ocrx_word' id='word_1_196' title='bbox 1601 1455 1655 1482; x_wconf 86' lang='lat' dir='ltr'><strong>ne</strong></span> 
     </span>
     <span class='ocr_line' id='line_1_45' title="bbox 999 1499 1653 1556; baseline -0.012 -11"><span class='ocrx_word' id='word_1_197' title='bbox 999 1505 1076 1545; x_wconf 85' lang='lat' dir='ltr'><strong>hoc</strong></span> <span class='ocrx_word' id='word_1_198' title='bbox 1093 1504 1211 1556; x_wconf 65' lang='lat' dir='ltr'><strong>paruit</strong></span> <span class='ocrx_word' id='word_1_199' title='bbox 1222 1501 1404 1554; x_wconf 83' lang='lat' dir='ltr'><strong>temporis</strong></span> <span class='ocrx_word' id='word_1_200' title='bbox 1423 1500 1475 1547; x_wconf 81' lang='lat' dir='ltr'><strong>fit,</strong></span> <span class='ocrx_word' id='word_1_201' title='bbox 1497 1499 1653 1547; x_wconf 85' lang='lat' dir='ltr'><strong>Maneo,</strong></span> 
     </span>
     <span class='ocr_line' id='line_1_46' title="bbox 1000 1553 1658 1613; baseline -0.012 -12"><span class='ocrx_word' id='word_1_202' title='bbox 1000 1561 1148 1613; x_wconf 74' lang='lat' dir='ltr'><strong>inquit,</strong></span> <span class='ocrx_word' id='word_1_203' title='bbox 1177 1561 1339 1598; x_wconf 83' lang='lat' dir='ltr'><strong>interea.-</strong></span> <span class='ocrx_word' id='word_1_204' title='bbox 1363 1570 1465 1596; x_wconf 84' lang='lat' dir='ltr'><strong>nemo</strong></span> <span class='ocrx_word' id='word_1_205' title='bbox 1483 1553 1658 1609; x_wconf 70' lang='lat' dir='ltr'><strong>ingrtffics</strong></span> 
     </span>
     <span class='ocr_line' id='line_1_47' title="bbox 1001 1610 1656 1669; baseline -0.012 -13"><span class='ocrx_word' id='word_1_206' title='bbox 1001 1616 1060 1669; x_wconf 82' lang='lat' dir='ltr'><strong>est.</strong></span> <span class='ocrx_word' id='word_1_207' title='bbox 1098 1616 1213 1656; x_wconf 83' lang='lat' dir='ltr'><strong>Nulla</strong></span> <span class='ocrx_word' id='word_1_208' title='bbox 1237 1624 1413 1653; x_wconf 83' lang='lat' dir='ltr'><strong>matrona</strong></span> <span class='ocrx_word' id='word_1_209' title='bbox 1438 1611 1479 1650; x_wconf 86' lang='lat' dir='ltr'><strong>in</strong></span> <span class='ocrx_word' id='word_1_210' title='bbox 1499 1610 1656 1650; x_wconf 83' lang='lat' dir='ltr'><strong>aedibus</strong></span> 
     </span>
     <span class='ocr_line' id='line_1_48' title="bbox 1001 1667 1659 1721; baseline -0.014 -8"><span class='ocrx_word' id='word_1_211' title='bbox 1001 1672 1094 1721; x_wconf 84' lang='lat' dir='ltr'><strong>fuit,</strong></span> <span class='ocrx_word' id='word_1_212' title='bbox 1123 1670 1251 1710; x_wconf 84' lang='lat' dir='ltr'><strong>nullus</strong></span> <span class='ocrx_word' id='word_1_213' title='bbox 1274 1678 1445 1715; x_wconf 82' lang='lat' dir='ltr'><strong>ornatus,</strong></span> <span class='ocrx_word' id='word_1_214' title='bbox 1471 1667 1659 1706; x_wconf 71' lang='lat' dir='ltr'><strong>tumultus</strong></span> 
     </span>
     <span class='ocr_line' id='line_1_49' title="bbox 1004 1721 1658 1774; baseline -0.012 -6"><span class='ocrx_word' id='word_1_215' title='bbox 1004 1729 1146 1770; x_wconf 85' lang='lat' dir='ltr'><strong>nullus.</strong></span> <span class='ocrx_word' id='word_1_216' title='bbox 1183 1728 1291 1766; x_wconf 86' lang='lat' dir='ltr'><strong>Haec</strong></span> <span class='ocrx_word' id='word_1_217' title='bbox 1309 1723 1427 1764; x_wconf 80' lang='lat' dir='ltr'><strong>abhis</strong></span> <span class='ocrx_word' id='word_1_218' title='bbox 1443 1721 1539 1772; x_wconf 81' lang='lat' dir='ltr'><strong>sunt,</strong></span> <span class='ocrx_word' id='word_1_219' title='bbox 1558 1734 1658 1774; x_wconf 90' lang='lat' dir='ltr'><strong>quae</strong></span> 
     </span>
     <span class='ocr_line' id='line_1_50' title="bbox 1003 1777 1661 1830; baseline -0.014 -5"><span class='ocrx_word' id='word_1_220' title='bbox 1003 1784 1100 1825; x_wconf 62' lang='lat' dir='ltr'><strong>faeia</strong></span> <span class='ocrx_word' id='word_1_221' title='bbox 1120 1796 1203 1822; x_wconf 87' lang='lat' dir='ltr'><strong>non</strong></span> <span class='ocrx_word' id='word_1_222' title='bbox 1222 1778 1322 1830; x_wconf 85' lang='lat' dir='ltr'><strong>sunt,</strong></span> <span class='ocrx_word' id='word_1_223' title='bbox 1347 1793 1437 1818; x_wconf 90' lang='lat' dir='ltr'><strong>cum</strong></span> <span class='ocrx_word' id='word_1_224' title='bbox 1454 1778 1540 1817; x_wconf 84' lang='lat' dir='ltr'><strong>fieri</strong></span> <span class='ocrx_word' id='word_1_225' title='bbox 1551 1777 1661 1817; x_wconf 87' lang='lat' dir='ltr'><strong>deni·</strong></span> 
     </span>
     <span class='ocr_line' id='line_1_51' title="bbox 1004 1833 1660 1893; baseline -0.014 -13"><span class='ocrx_word' id='word_1_226' title='bbox 1004 1854 1083 1893; x_wconf 88' lang='lat' dir='ltr'><strong>que</strong></span> <span class='ocrx_word' id='word_1_227' title='bbox 1111 1837 1326 1878; x_wconf 81' lang='lat' dir='ltr'><strong>debuerint.</strong></span> <span class='ocrx_word' id='word_1_228' title='bbox 1374 1834 1524 1884; x_wconf 89' lang='lat' dir='ltr'><strong>Quibus</strong></span> <span class='ocrx_word' id='word_1_229' title='bbox 1543 1833 1660 1872; x_wconf 83' lang='lat' dir='ltr'><strong>rebus</strong></span> 
     </span>
     <span class='ocr_line' id='line_1_52' title="bbox 1004 1890 1661 1942; baseline -0.011 -7"><span class='ocrx_word' id='word_1_230' title='bbox 1004 1905 1152 1935; x_wconf 84' lang='lat' dir='ltr'><strong>certum</strong></span> <span class='ocrx_word' id='word_1_231' title='bbox 1190 1891 1262 1941; x_wconf 87' lang='lat' dir='ltr'><strong>est,</strong></span> <span class='ocrx_word' id='word_1_232' title='bbox 1294 1890 1446 1942; x_wconf 83' lang='lat' dir='ltr'><strong>nuptias</strong></span> <span class='ocrx_word' id='word_1_233' title='bbox 1476 1903 1559 1931; x_wconf 88' lang='lat' dir='ltr'><strong>non</strong></span> <span class='ocrx_word' id='word_1_234' title='bbox 1596 1902 1661 1940; x_wconf 83' lang='lat' dir='ltr'><strong>pa·</strong></span> 
     </span>
     <span class='ocr_line' id='line_1_53' title="bbox 1003 1951 1185 1991; baseline -0.016 0"><span class='ocrx_word' id='word_1_235' title='bbox 1003 1951 1087 1991; x_wconf 83' lang='lat' dir='ltr'><strong>rari.</strong></span> <span class='ocrx_word' id='word_1_236' title='bbox 1141 1951 1185 1988; x_wconf 88' lang='lat' dir='ltr'><strong>E.</strong></span> 
     </span>
    </p>

    <p class='ocr_par' dir='ltr' id='par_1_20' title="bbox 1002 1998 1666 2389">
     <span class='ocr_line' id='line_1_54' title="bbox 1055 1998 1660 2059; baseline -0.007 -15"><span class='ocrx_word' id='word_1_237' title='bbox 1055 2018 1107 2059; x_wconf 82' lang='lat'><strong>23</strong></span> <span class='ocrx_word' id='word_1_238' title='bbox 1149 2001 1344 2044; x_wconf 76' lang='lat' dir='ltr'><strong>Paululum</strong></span> <span class='ocrx_word' id='word_1_239' title='bbox 1371 1998 1515 2052; x_wconf 82' lang='lat' dir='ltr'><strong>obsoni]</strong></span> <span class='ocrx_word' id='word_1_240' title='bbox 1557 2001 1660 2041; x_wconf 86' lang='lat' dir='ltr'><strong>Hinc</strong></span> 
     </span>
     <span class='ocr_line' id='line_1_55' title="bbox 1003 2059 1663 2113; baseline -0.011 -11"><span class='ocrx_word' id='word_1_241' title='bbox 1003 2061 1059 2102; x_wconf 86' lang='lat' dir='ltr'><strong>est</strong></span> <span class='ocrx_word' id='word_1_242' title='bbox 1078 2059 1183 2113; x_wconf 87' lang='lat' dir='ltr'><strong>quod</strong></span> <span class='ocrx_word' id='word_1_243' title='bbox 1201 2059 1264 2108; x_wconf 82' lang='lat' dir='ltr'><strong>ait,</strong></span> <span class='ocrx_word' id='word_1_244' title='bbox 1286 2059 1457 2099; x_wconf 84' lang='lat' dir='ltr'><strong>Nimium</strong></span> <span class='ocrx_word' id='word_1_245' title='bbox 1470 2069 1579 2110; x_wconf 81' lang='lat' dir='ltr'><strong>parce</strong></span> <span class='ocrx_word' id='word_1_246' title='bbox 1588 2059 1663 2109; x_wconf 72' lang='lat' dir='ltr'><strong>fia-</strong></span> 
     </span>
     <span class='ocr_line' id='line_1_56' title="bbox 1003 2112 1663 2170; baseline -0.012 -12"><span class='ocrx_word' id='word_1_247' title='bbox 1003 2131 1080 2158; x_wconf 82' lang='lat' dir='ltr'><strong>cere</strong></span> <span class='ocrx_word' id='word_1_248' title='bbox 1107 2115 1285 2170; x_wconf 61' lang='lat' dir='ltr'><strong>fitmtum‘.</strong></span> <span class='ocrx_word' id='word_1_249' title='bbox 1341 2112 1443 2168; x_wconf 58' lang='lat' dir='ltr'><em>{pfics</em></span> <span class='ocrx_word' id='word_1_250' title='bbox 1461 2112 1597 2164; x_wconf 84' lang='lat' dir='ltr'><strong>tristis:</strong></span> <span class='ocrx_word' id='word_1_251' title='bbox 1619 2112 1663 2152; x_wconf 82' lang='lat' dir='ltr'><strong>de</strong></span> 
     </span>
     <span class='ocr_line' id='line_1_57' title="bbox 1003 2170 1664 2226; baseline -0.011 -12"><span class='ocrx_word' id='word_1_252' title='bbox 1003 2171 1198 2226; x_wconf 80' lang='lat' dir='ltr'><strong>improuisb</strong></span> <span class='ocrx_word' id='word_1_253' title='bbox 1232 2171 1407 2222; x_wconf 83' lang='lat' dir='ltr'><strong>nuptiae]</strong></span> <span class='ocrx_word' id='word_1_254' title='bbox 1457 2170 1580 2217; x_wconf 88' lang='lat' dir='ltr'><strong>Mire,</strong></span> <span class='ocrx_word' id='word_1_255' title='bbox 1622 2178 1664 2208; x_wconf 84' lang='lat' dir='ltr'><strong>et</strong></span> 
     </span>
     <span class='ocr_line' id='line_1_58' title="bbox 1002 2225 1662 2275; baseline -0.011 -5"><span class='ocrx_word' id='word_1_256' title='bbox 1002 2229 1207 2270; x_wconf 81' lang='lat' dir='ltr'><strong>moraliter.</strong></span> <span class='ocrx_word' id='word_1_257' title='bbox 1263 2230 1321 2270; x_wconf 76' lang='lat' dir='ltr'><strong>Ex</strong></span> <span class='ocrx_word' id='word_1_258' title='bbox 1343 2225 1404 2265; x_wconf 86' lang='lat' dir='ltr'><strong>his</strong></span> <span class='ocrx_word' id='word_1_259' title='bbox 1423 2226 1541 2274; x_wconf 86' lang='lat' dir='ltr'><strong>enim,</strong></span> <span class='ocrx_word' id='word_1_260' title='bbox 1561 2236 1662 2275; x_wconf 89' lang='lat' dir='ltr'><strong>quae</strong></span> 
     </span>
     <span class='ocr_line' id='line_1_59' title="bbox 1002 2279 1663 2332; baseline -0.012 -6"><span class='ocrx_word' id='word_1_261' title='bbox 1002 2284 1098 2326; x_wconf 58' lang='lat' dir='ltr'><strong>sach</strong></span> <span class='ocrx_word' id='word_1_262' title='bbox 1117 2297 1199 2323; x_wconf 90' lang='lat' dir='ltr'><strong>non</strong></span> <span class='ocrx_word' id='word_1_263' title='bbox 1217 2280 1312 2331; x_wconf 85' lang='lat' dir='ltr'><strong>sunt,</strong></span> <span class='ocrx_word' id='word_1_264' title='bbox 1341 2282 1465 2329; x_wconf 88' lang='lat' dir='ltr'><strong>docet,</strong></span> <span class='ocrx_word' id='word_1_265' title='bbox 1495 2280 1586 2332; x_wconf 91' lang='lat' dir='ltr'><strong>quid</strong></span> <span class='ocrx_word' id='word_1_266' title='bbox 1608 2279 1663 2318; x_wconf 80' lang='lat' dir='ltr'><strong>fe-</strong></span> 
     </span>
     <span class='ocr_line' id='line_1_60' title="bbox 1005 2337 1666 2389; baseline -0.012 -8"><span class='ocrx_word' id='word_1_267' title='bbox 1005 2337 1094 2381; x_wconf 87' lang='lat' dir='ltr'><strong>cisse</strong></span> <span class='ocrx_word' id='word_1_268' title='bbox 1114 2338 1287 2379; x_wconf 83' lang='lat' dir='ltr'><strong>deberet.</strong></span> <span class='ocrx_word' id='word_1_269' title='bbox 1338 2341 1397 2384; x_wconf 88' lang='lat' dir='ltr'><strong>Et‚</strong></span> <span class='ocrx_word' id='word_1_270' title='bbox 1428 2337 1471 2376; x_wconf 84' lang='lat' dir='ltr'><strong>de</strong></span> <span class='ocrx_word' id='word_1_271' title='bbox 1488 2337 1666 2389; x_wconf 84' lang='lat' dir='ltr'><strong>improui-</strong></span> 
     </span>
    </p>
   </div>
   <div class='ocr_carea' id='block_1_17' title="bbox 292 2392 1662 2456">
    <p class='ocr_par' dir='ltr' id='par_1_21' title="bbox 292 2392 1662 2456">
     <span class='ocr_line' id='line_1_61' title="bbox 292 2392 1662 2456; baseline -0.006 -17"><span class='ocrx_word' id='word_1_272' title='bbox 292 2412 363 2440; x_wconf 87' lang='lat' dir='ltr'><strong>unt</strong></span> <span class='ocrx_word' id='word_1_273' title='bbox 391 2401 574 2452; x_wconf 82' lang='lat' dir='ltr'><strong>nuptiae,</strong></span> <span class='ocrx_word' id='word_1_274' title='bbox 620 2400 726 2451; x_wconf 89' lang='lat' dir='ltr'><strong>quod</strong></span> <span class='ocrx_word' id='word_1_275' title='bbox 757 2400 955 2451; x_wconf 86' lang='lat' dir='ltr'><strong>paululum</strong></span> <span class='ocrx_word' id='word_1_276' title='bbox 995 2393 1223 2456; x_wconf 55' lang='lat' dir='ltr'><strong>J&#39;oyfuptiae,</strong></span> <span class='ocrx_word' id='word_1_277' title='bbox 1235 2392 1583 2446; x_wconf 81' lang='lat' dir='ltr'><strong>pronunciandum.</strong></span> <span class='ocrx_word' id='word_1_278' title='bbox 1613 2394 1662 2432; x_wconf 89' lang='lat' dir='ltr'><strong>D.</strong></span> 
     </span>
    </p>
   </div>
   <div class='ocr_carea' id='block_1_18' title="bbox 292 2455 960 2621">
    <p class='ocr_par' dir='ltr' id='par_1_22' title="bbox 292 2455 960 2621">
     <span class='ocr_line' id='line_1_62' title="bbox 292 2455 957 2508; baseline -0.002 -13"><span class='ocrx_word' id='word_1_279' title='bbox 292 2455 494 2495; x_wconf 85' lang='lat' dir='ltr'><strong>obsonatus</strong></span> <span class='ocrx_word' id='word_1_280' title='bbox 530 2455 583 2495; x_wconf 91' lang='lat' dir='ltr'><strong>est</strong></span> <span class='ocrx_word' id='word_1_281' title='bbox 617 2456 820 2504; x_wconf 81' lang='lat' dir='ltr'><strong>dominus,</strong></span> <span class='ocrx_word' id='word_1_282' title='bbox 851 2455 957 2508; x_wconf 83' lang='lat' dir='ltr'><strong>quod</strong></span> 
     </span>
     <span class='ocr_line' id='line_1_63' title="bbox 292 2509 958 2564; baseline -0.003 -12"><span class='ocrx_word' id='word_1_283' title='bbox 292 2510 375 2564; x_wconf 87' lang='lat' dir='ltr'><strong>ipse</strong></span> <span class='ocrx_word' id='word_1_284' title='bbox 395 2512 448 2551; x_wconf 83' lang='lat' dir='ltr'><strong>est</strong></span> <span class='ocrx_word' id='word_1_285' title='bbox 469 2512 588 2551; x_wconf 84' lang='lat' dir='ltr'><strong>tristis.</strong></span> <span class='ocrx_word' id='word_1_286' title='bbox 644 2511 801 2551; x_wconf 82' lang='lat' dir='ltr'><strong>Deinde</strong></span> <span class='ocrx_word' id='word_1_287' title='bbox 834 2509 958 2551; x_wconf 85' lang='lat' dir='ltr'><strong>rursus</strong></span> 
     </span>
     <span class='ocr_line' id='line_1_64' title="bbox 294 2565 960 2621; baseline -0.002 -13"><span class='ocrx_word' id='word_1_288' title='bbox 294 2568 401 2609; x_wconf 64' lang='lat' dir='ltr'><strong>faftis</strong></span> <span class='ocrx_word' id='word_1_289' title='bbox 427 2565 548 2607; x_wconf 81' lang='lat' dir='ltr'><strong>soceri</strong></span> <span class='ocrx_word' id='word_1_290' title='bbox 569 2567 705 2608; x_wconf 75' lang='lat' dir='ltr'><strong>voleus</strong></span> <span class='ocrx_word' id='word_1_291' title='bbox 733 2578 960 2621; x_wconf 86' lang='lat' dir='ltr'><strong>argumenta</strong></span> 
     </span>
    </p>
   </div>
   <div class='ocr_carea' id='block_1_19' title="bbox 1007 2447 1666 2655">
    <p class='ocr_par' dir='ltr' id='par_1_23' title="bbox 1007 2447 1666 2616">
     <span class='ocr_line' id='line_1_65' title="bbox 1061 2447 1666 2507; baseline -0.008 -16"><span class='ocrx_word' id='word_1_292' title='bbox 1061 2465 1116 2507; x_wconf 84' lang='lat'><strong>24</strong></span> <span class='ocrx_word' id='word_1_293' title='bbox 1144 2452 1222 2505; x_wconf 84' lang='lat' dir='ltr'><strong>Ego</strong></span> <span class='ocrx_word' id='word_1_294' title='bbox 1243 2464 1299 2490; x_wconf 87' lang='lat' dir='ltr'><strong>me</strong></span> <span class='ocrx_word' id='word_1_295' title='bbox 1318 2451 1506 2498; x_wconf 74' lang='lat' dir='ltr'><strong>continuo]</strong></span> <span class='ocrx_word' id='word_1_296' title='bbox 1536 2451 1583 2488; x_wconf 89' lang='lat' dir='ltr'><strong>Et</strong></span> <span class='ocrx_word' id='word_1_297' title='bbox 1600 2447 1666 2486; x_wconf 89' lang='lat' dir='ltr'><strong>be-</strong></span> 
     </span>
     <span class='ocr_line' id='line_1_66' title="bbox 1007 2505 1664 2549; baseline -0.011 0"><span class='ocrx_word' id='word_1_298' title='bbox 1007 2522 1062 2549; x_wconf 86' lang='lat' dir='ltr'><strong>ne</strong></span> <span class='ocrx_word' id='word_1_299' title='bbox 1090 2509 1265 2547; x_wconf 80' lang='lat' dir='ltr'><strong>continuo</strong></span> <span class='ocrx_word' id='word_1_300' title='bbox 1292 2505 1341 2544; x_wconf 86' lang='lat' dir='ltr'><strong>ad</strong></span> <span class='ocrx_word' id='word_1_301' title='bbox 1364 2505 1596 2547; x_wconf 82' lang='lat' dir='ltr'><strong>Chremem:</strong></span> <span class='ocrx_word' id='word_1_302' title='bbox 1625 2513 1664 2542; x_wconf 81' lang='lat' dir='ltr'><strong>vt</strong></span> 
     </span>
     <span class='ocr_line' id='line_1_67' title="bbox 1007 2556 1666 2616; baseline -0.012 -11"><span class='ocrx_word' id='word_1_303' title='bbox 1007 2564 1034 2605; x_wconf 84' lang='lat' dir='ltr'>fi</span> <span class='ocrx_word' id='word_1_304' title='bbox 1064 2564 1113 2606; x_wconf 82' lang='lat' dir='ltr'><strong>ab</strong></span> <span class='ocrx_word' id='word_1_305' title='bbox 1132 2562 1295 2616; x_wconf 80' lang='lat' dir='ltr'><strong>vtroque</strong></span> <span class='ocrx_word' id='word_1_306' title='bbox 1316 2561 1391 2602; x_wconf 85' lang='lat' dir='ltr'><strong>hoc</strong></span> <span class='ocrx_word' id='word_1_307' title='bbox 1408 2560 1537 2610; x_wconf 84' lang='lat' dir='ltr'><strong>fieret,</strong></span> <span class='ocrx_word' id='word_1_308' title='bbox 1571 2556 1666 2598; x_wconf 84' lang='lat' dir='ltr'><strong>esset</strong></span> 
     </span>
    </p>

    <p class='ocr_par' dir='ltr' id='par_1_24' title="bbox 1573 2628 1665 2655">
     <span class='ocr_line' id='line_1_68' title="bbox 1573 2628 1665 2655; baseline -0.011 0"><span class='ocrx_word' id='word_1_309' title='bbox 1573 2628 1665 2655; x_wconf 73' lang='lat' dir='ltr'><strong>vera</strong></span> 
     </span>
    </p>
   </div>
  </div>
 </body>
</html>
