1815 3168
332 168 427 202 212

732 147 894 196 ACT.
929 149 988 193 V.
1026 136 1227 192 SCE'N.
1259 147 1292 191 I.

433 304 436 307 ·
470 274 733 330 Illam'hinc
757 278 901 324 ciuem
934 269 1018 321 esse
1039 274 1183 320 aiu'nt:
1215 289 1329 339 puer
1352 271 1413 320 est
1434 282 1587 324 natus:
1628 287 1710 322 nos

574 350 720 402 missos
740 352 844 399 face.

369 427 402 482 ‘1
415 447 441 496 5
477 427 555 478 SI.
595 433 677 476 Per
697 445 783 488 ego
805 437 849 472 te
873 424 977 471 deos
1002 427 1095 479 oro,
1115 434 1163 473 vt
1181 440 1238 471 ne
1259 424 1344 471 illis
1368 424 1564 471 animum
1584 418 1713 471 indu·

576 521 644 552 cas
675 503 866 550 credere,

479 579 654 637 Quibus
683 578 731 624 id
751 578 936 624 maxime
956 568 1129 629 vtile’st,
1168 574 1293 622 illum
1317 571 1400 623 esse
1421 592 1552 640 quam
1572 574 1716 622 deter-

581 657 761 702 rimum.

482 731 757 796 Nuptiarum
802 729 936 790 gratia
964 725 1084 797 *haec
1123 725 1221 772 sunt
1262 723 1362 774 fieta
1388 736 1517 791 atque
1545 729 1724 793 incepta

585 806 748 852 omnia.

484 880 575 931 Vbi
598 898 646 926 ea
667 879 798 932 causa,
823 876 1111 941 quamobrem
1131 876 1236 923 haec
1256 876 1443 932 faciunt,
1474 878 1722 927 eritadem-

587 967 629 1002 ta
652 954 719 999 his
733 973 742 998 :
783 952 990 1000 desinent.

490 1027 596 1078 CH.
637 1032 780 1075 Erras.
806 1044 910 1075 cum
930 1031 1058 1081 Dauo
1080 1037 1255 1090 egomet
1273 1027 1363 1077 vidi
1384 1030 1632 1090 iurgantem
1652 1046 1724 1078 an·

588 1102 746 1152 cinam.
785 1098 850 1154 Sl.
885 1102 983 1151 scio.

1641 1182 1728 1229 ‘20

419 1319 468 1363 15
499 1308 572 1350 Per
589 1318 656 1363 ogo
674 1315 709 1347 te
731 1304 814 1346 deos
833 1303 916 1358 oro]
945 1307 1022 1345 De·
1065 1301 1169 1358 fiHa.
1199 1303 1327 1346 Refiie.
1365 1307 1467 1345 Nam
1486 1300 1732 1356 sequitui-sta-

360 1365 483 1409 senfin
513 1378 581 1416 per
608 1363 878 1402 conief'turam.
911 1373 948 1400 ct
971 1362 1024 1401 est
1073 1363 1141 1402 tim
1153 1363 1319 1415 fitciunt,
1340 1374 1422 1401 non
1439 1360 1603 1417 fingunt.
1634 1364 1681 1401 B:

361 1423 471 1470 ordo,
495 1424 566 1462 Per
583 1421 667 1459 deos
686 1432 750 1457 oro
775 1429 899 1471 teeg0.
932 1419 977 1457 D.

419 1479 494 1518 Per
512 1491 578 1532 ego
598 1490 634 1515 te
653 1475 737 1514 deos
758 1473 844 1527 oro]
873 1474 948 1512 Hic
966 1475 1025 1511 in-

1131 1481 1179 1524 18
1227 1473 1298 1514 Vbi
1324 1487 1366 1512 ea
1396 1471 1523 1524 caustz,
1552 1468 1732 1525 'quamob-
1786 1464 1789 1468 ”

363 1536 459 1588 cipit
489 1532 659 1573 defensio
694 1528 907 1569 secundum
938 1543 1024 1568 con·
1075 1544 1151 1570 rem
1184 1528 1270 1569 haec
1294 1529 1469 1583 faciunt]
1519 1525 1735 1582 Ᾰνακόλιςθον.

363 1590 562 1633 ἱθξὶιιιτύἰει
579 1596 828 1640 argumenta,
857 1586 907 1624 vti
934 1582 1025 1625 falso
1075 1590 1173 1626 Nam
1193 1594 1275 1624 non
1289 1587 1435 1634 intulit,
1465 1583 1507 1623 ob
1526 1590 1634 1637 qu'am
1652 1597 1736 1623 cau-

366 1646 448 1688 esse
473 1646 610 1685 doceat
631 1656 696 1692 ea,
724 1656 823 1694 quae
853 1641 898 1680 ad
921 1655 1028 1680 accu-
1064 1642 1171 1693 stim:
1206 1655 1293 1681 cum
1312 1639 1419 1692 supra
1439 1640 1579 1680 dixerit
1598 1649 1737 1680 eatan-

368 1702 542 1749 fandum
560 1699 650 1740 sunt
678 1699 880 1737 collocata:
918 1699 966 1736 Vt
986 1711 1028 1737 ne
1066 1698 1135 1751 fh,
1171 1695 1236 1737 sed
1264 1698 1365 1749 quafi
1392 1697 1552 1746 dixerit,
1598 1695 1671 1737 Vbi
1694 1710 1737 1737 ea

368 1759 447 1802 illis
485 1760 647 1798 animum
685 1754 836 1794 inducas
867 1755 1022 1793 credere.
1077 1768 1161 1801 res,
1186 1754 1339 1800 intulit,
1371 1753 1622 1804 quamobrem
1641 1752 1737 1792 haec

369 1815 476 1858 Facit
493 1823 621 1853 autem
637 1820 909 1864 argumentum
922 1824 942 1848 a
952 1822 1035 1866 peg-

371 1870 480 1925 (οηει,
499 1870 646 1921 quippe
668 1880 754 1905 cum
774 1867 956 1904 meretrix
974 1864 1029 1904 fit.

370 1925 537 1969 Deinde
555 1939 576 1965 a
596 1920 723 1962 eausa:
756 1920 859 1972 quod
880 1921 953 1959 illis
967 1921 1034 1958 vti-

374 1985 414 2023 {e
433 1982 497 2030 est,
518 1978 760 2031 Pamphilum
780 1976 841 2027 effe
859 1989 967 2028 quam
978 1976 1034 2013 de-

376 2041 593 2083 terrimum,
626 2046 664 2073 et
683 2046 756 2085 per
785 2031 1035 2079 ἐπιτροχασμδμ

377 2092 608 2145 exsequitur,
633 2104 698 2130 cur
716 2088 757 2127 id
774 2087 851 2128 fiat.
908 2090 951 2127 E.

441 2153 490 2193 16
516 2146 661 2202 Qibus
693 2145 735 2184 id
761 2145 918 2184 maxime
945 2142 1035 2183 vtile

379 2206 443 2260 est]
483 2209 773 2258 Argumentum
807 2215 828 2239 a
860 2197 1034 2252 persona.

378 2260 534 2321 Qibus
557 2260 599 2299 id
612 2260 773 2298 maxime
790 2258 881 2297 vtile
904 2255 970 2310 est]
998 2259 1036 2296 A

381 2316 490 2360 causa
511 2315 787 2356 ratiocinatiua.
844 2316 894 2353 D,

439 2386 489 2427 17
517 2374 618 2412 Haec
625 2372 720 2423 sunt
728 2368 831 2420 fifia,
853 2380 964 2421 atque
982 2369 1037 2407 in-

381 2430 511 2483 uenta]
550 2430 666 2479 Quae
697 2422 804 2465 causa
838 2424 864 2462 fi
896 2423 1043 2464 aufera-

382 2499 466 2535 tur,
512 2497 597 2523 cum
615 2479 783 2523 duxerit
825 2479 1042 2530 Pamphilus

380 2554 540 2586 vxorem
560 2571 569 2589 ‚
628 2540 794 2579 dimittet
847 2535 944 2574 haec
1003 2548 1043 2574 o-

381 2600 490 2640 mnia
505 2627 514 2644 ‚
560 2606 601 2635 et
629 2608 670 2635 ‘a
718 2590 910 2648 proposito
948 2590 1043 2631 defi·

379 2655 464 2697 stet.
521 2656 566 2693 E.
701 2665 707 2670 ·

436 2712 536 2751 Tres
558 2706 667 2748 codd.
686 2707 838 2748 habent
847 2703 959 2756 fac‘la
972 2716 1042 2756 pro

1083 1808 1235 1849 faciunt.
1296 1808 1372 1850 Vbi
1390 1823 1430 1847 ea
1461 1810 1588 1860 causti,
1618 1817 1740 1861 'quam-

1085 1866 1207 1904 obrem
1236 1864 1322 1903 haec
1343 1865 1520 1918 fizciunt]
1551 1868 1631 1905 Aut
1663 1877 1740 1905 rem

1083 1919 1267 1969 abundat,
1297 1930 1363 1959 aut
1380 1920 1499 1970 causa.
1553 1923 1602 1960 D.

1141 1988 1191 2027 19
1222 1974 1361 2028 Erras]
1390 1978 1470 2015 Iam
1481 1973 1545 2014 hic
1562 1974 1742 2027 probatio

1084 2032 1155 2078 est,
1184 2044 1272 2071 vera
1297 2029 1375 2070 effe
1402 2031 1487 2080 iila,
1519 2044 1617 2083 quae
1633 2033 1742 2072 Simo

1082 2088 1235 2127 dixerat
1256 2085 1355 2135 falsa,
1385 2087 1491 2138 quod
1507 2088 1648 2127 viderit
1667 2090 1745 2128 Da-
1762 2109 1764 2111 >

1084 2157 1178 2183 uum
1216 2144 1438 2196 iurgantem
1475 2156 1562 2182 cum
1590 2145 1741 2186 ancilla.

1083 2204 1135 2241 Et
1159 2198 1408 2239 nefimulatio
1438 2196 1549 2248 effer,
1591 2199 1743 2251 adiecit,

1085 2270 1172 2295 vero
1210 2253 1249 2295 se
1275 2256 1381 2294 voltu
1410 2253 1554 2295 vidiffe.
1611 2256 1660 2296 Et
1688 2269 1744 2297 ne

1086 2312 1214 2352 vultus
1232 2310 1279 2350 ad
1298 2312 1496 2351 veritatem
1513 2310 1632 2351 fuerit
1641 2324 1745 2366 com-

1092 2367 1254 2421 positus,
1280 2367 1445 2406 adiecit:
1482 2369 1591 2415 Cum,
1619 2367 1674 2407 ibi
1690 2382 1746 2408 me

1092 2424 1227 2475 adesse,
1261 2436 1389 2462 neuter
1425 2424 1510 2463 dum
1542 2423 1746 2478 praefinfi·

1091 2479 1167 2520 rat.
1238 2479 1338 2518 Cum
1362 2509 1370 2525 ,
1416 2480 1571 2532 inquit,
1610 2493 1745 2531 neque

1090 2538 1242 2582 Dauus,
1273 2548 1405 2587 neque
1421 2536 1537 2589 Myfis
1553 2533 1664 2575 sciret
1679 2548 1746 2576 me

1092 2589 1169 2631 efl'e
1186 2590 1437 2643 praesentem.
1493 2595 1538 2634 E.

1144 2651 1250 2700 Lege
1270 2648 1519 2699 numerosius,
1537 2647 1617 2689 vidi
1634 2646 1745 2703 ancil·

1090 2704 1164 2748 Iam
1192 2707 1408 2758 iurgantem.
1460 2707 1502 2747 Β.
1731 2719 1735 2721 ’
