1815 3168
543 171 545 174 .
607 112 1136 174 HEAVTONTIM.
1447 138 1551 185 707

311 257 494 310 Filiam,
526 266 570 303 et
589 255 710 320 quod
735 254 846 302 dotis
875 254 984 306 dixi,
1023 251 1204 300 firmas?
1244 249 1340 300 So.
1375 252 1437 298 mi
1459 253 1539 306 vir,

160 390 162 393 v
408 345 450 379 te
477 331 666 383 obsecro,

157 428 163 432 ·
229 402 267 469 3
307 411 382 456 Ne
403 407 545 454 facias.
585 402 684 453 CL.
725 415 861 470 pater,
896 403 1088 461 obsecro,
1122 412 1170 452 vt
1190 402 1300 450 mihi
1328 402 1534 464 ignoscas.

406 482 461 529 M
479 494 524 527 Ε.
568 481 620 527 da
642 482 826 533 veniam,
854 479 1063 526 Chreme:

305 559 408 606 Sine
428 567 472 603 te
495 566 658 603 exoret.
699 553 807 603 CH.
849 571 990 616 egone
1013 571 1109 602 mea
1129 553 1246 601 bona
1256 562 1302 601 vt
1323 553 1421 600 dem
1432 557 1533 600 Bac*

320 692 323 694 ·
404 631 522 680 chidi
547 631 665 678 dono
689 631 856 691 sciens?

301 711 416 756 Non
454 706 622 753 faciam.
659 702 768 751 ΜΕ.
809 716 850 769 at
884 704 929 751 id
959 722 1041 752 nos
1064 721 1157 752 non
1186 702 1389 751 finemus.
1427 699 1532 754 CL.

404 781 435 829 fi
461 798 532 828 me
558 777 711 828 viuom
732 783 811 838 vifis,
835 790 972 844 pater,

249 874 255 883 ‘
300 857 496 918 Ignosce.
528 854 623 902 So·
655 872 748 916 age,
773 855 982 902 Chremes
1005 857 1080 902 mi.
1112 851 1231 903 ΜΕΪ
1258 870 1338 916 age
1358 854 1531 918 quaeso,

342 993 347 996 Ι
399 948 456 979 ne
477 942 564 977 tam
589 927 761 993 offirma
786 942 842 983 tc,
866 932 1070 978 Chreme.

268 995 406 1054 '‘CH.
447 1005 570 1061 Quid
602 1005 722 1052 istic?
754 1006 882 1053 video
918 1023 1010 1055 non
1030 1007 1185 1059 licere,
1215 1016 1263 1054 vt
1283 1021 1529 1070 coeperam,

396 1083 483 1129 hoc
503 1080 779 1146 pertendere
1128 1096 1131 1099 ·

188 1150 270 1212 ιο
299 1153 409 1204 ΜΕ.
457 1158 579 1204 Facis
611 1166 659 1204 vt
686 1167 730 1202 te
765 1156 899 1205 decet.
939 1153 1049 1206 CH.
1087 1174 1136 1205 ea
1167 1156 1266 1238 lege
1298 1156 1385 1204 hoc
1418 1154 1526 1203 adeo

394 1233 571 1290 faciam3
604 1229 636 1278 fi
663 1230 764 1278 facit

1389 1304 1526 1362 Quod

217 1465 246 1506 4
274 1453 339 1492 Mi
358 1452 439 1506 vir]
464 1455 575 1492 Putat
591 1450 764 1500 Sostrata,
779 1453 834 1492 id·
868 1463 977 1493 trem.
1040 1454 1137 1493 Nam
1168 1462 1275 1504 pater
1304 1448 1373 1490 filii
1405 1451 1524 1490 vitam

159 1508 269 1560 quod
290 1519 369 1548 erat
389 1507 536 1555 fletum.
565 1506 644 1547 effe
672 1521 818 1558 verum,
868 1507 1045 1548 omnibus
1064 1508 1179 1547 rebus
1204 1507 1419 1559 anteponit.
1447 1507 1495 1548 C.

156 1563 403 1615 timebatque
437 1577 488 1602 ne
523 1575 630 1614 pater
664 1565 819 1616 penitus
923 1567 1020 1604 Tres
1048 1564 1157 1603 codd.
1187 1564 1336 1615 optime
1364 1575 1447 1602 non
1483 1575 1522 1614 a·

156 1619 420 1666 exheredaret
437 1619 574 1667 filium,
605 1621 738 1659 omnia
759 1622 818 1660 tri·
867 1618 1061 1675 gnoscnnt
1076 1620 1173 1660 illud
1196 1621 1255 1660 Id.
1310 1622 1354 1659 B.

157 1675 285 1714 bueus
312 1675 428 1715 filiae.
486 1674 663 1731 Oblbcro]
691 1677 758 1716 Nil
776 1676 818 1715 fi-

156 1731 421 1784 gnificantius.
476 1735 578 1773 Nam
598 1732 730 1781 Orare,
762 1731 817 1772 est
921 1741 942 1783 8
956 1733 1099 1773 Netam
1109 1730 1326 1785 obfirmate]
1346 1733 1376 1769 Ι.
1389 1743 1422 1770 e.
1441 1732 1519 1770 No·-

158 1788 332 1838 placidos
378 1798 527 1839 petere.
615 1787 814 1838 Obficrare
862 1789 891 1828 li
913 1799 1039 1830 tetam
1053 1789 1283 1828 obstinatum
1297 1785 1516 1826 ostendere.

153 1856 263 1892 vero,
280 1844 397 1883 iratos
415 1856 573 1897 rogare..
621 1844 669 1884 C.
862 1846 935 1885 Ille
959 1846 1066 1884 enim
1091 1845 1230 1884 dicitm
1255 1841 1294 1882 se
1313 1839 1515 1882 obfirmare

588 1917 590 1919 ’
859 1902 901 1941 in
920 1901 1050 1953 aliquo
1074 1898 1277 1964 proposito,
1310 1900 1378 1952 qui
1402 1894 1514 1937 obsti-

212 1967 236 2008 5
270 1955 331 1994 Ne
340 1955 490 2010 finias]
522 1958 631 1996 Haec
653 1955 813 1997 timebat
860 1967 953 1996 nate
967 1967 1015 1996 ac
1034 1957 1281 2008 pertinaciter
1297 1969 1338 1994 m
1350 1955 1416 1993 1110
1426 1967 1514 2007 per-

147 2024 225 2053 :ne
257 2013 388 2051 omnia
431 2012 537 2052 bona
582 2013 640 2052 illi
688 2013 811 2053 trade·
857 2011 1028 2061 seuerat,
1077 2023 1259 2064 tanquam
1301 2011 1511 2050 immobilis

147 2078 226 2108 ret.
288 2070 351 2109 C.
857 2080 1025 2109 mineus,
1103 2073 1152 2109 Et
1209 2067 1263 2108 est
1311 2064 1511 2106 translatio

138 2139 141 2141 ’
205 2123 334 2165 Bentl
354 2123 459 2163 Omls
462 2134 478 2162 t
493 2137 546 2164 vt
603 2128 643 2167 Z.
854 2123 974 2165 sumta
1019 2139 1040 2164 a
1076 2125 1265 2178 repagulo
1306 2122 1511 2181 obfir-man

164 2180 234 2221 6
262 2179 406 2233 Sciens]
435 2181 553 2231 Quod
575 2182 686 2232 peius
701 2178 805 2231 esset,
855 2182 918 2222 do.
978 2184 1026 2223 C.

148 2247 267 2288 quam
286 2236 312 2275 fi
331 2234 503 2276 nescii-,et
558 2238 602 2277 C.
907 2250 936 2301 9
967 2235 1206 2290 Pertendere]
1237 2236 1279 2274 ln
1296 2233 1509 2278 Eunucho:

157 2295 159 2298 ⁴
204 2293 335 2332 Recte
346 2292 389 2331 in
417 2291 553 2333 Bemb.
585 2304 623 2334 et
648 2295 690 2333 in
710 2293 806 2333 duo·
854 2293 897 2334 Si
913 2305 1209 2347 znczpzessjzeque
1216 2291 1404 2344 pertendes
1411 2305 1507 2346 gna-

143 2345 220 2387 bus
248 2347 382 2387 nostris
417 2349 604 2400 antiquis,
643 2363 803 2398 exorent,
853 2353 969 2389 uiter:
997 2361 1001 2366 ¹
1039 2349 1120 2390 Alii
1170 2349 1309 2402 legunt
1356 2359 1507 2401 perpen-

147 2417 245 2442 uxor
274 2398 414 2442 scilicet
452 2417 491 2445 et
525 2404 639 2445 filius
692 2409 802 2446 Tum
852 2401 944 2446 dere.
1001 2406 1047 2447 C.

140 2472 214 2499 :ne-
212 2457 345 2499 mersus
364 2460 461 2500 iusto
483 2460 683 2516 longioris
685 2472 711 2510 t
732 2462 802 2500 tol·
909 2474 961 2503 10
990 2456 1163 2515 Facia⁷n;
1179 2459 1338 2515 fifacit]
1361 2457 1429 2502 ΜΓ.
1459 2462 1503 2500 R.
1544 2500 1547 2503 .

144 2515 186 2554 ie
205 2515 257 2554 ill·
251 2516 300 2555 1d
320 2515 482 2570 Egone·
513 2521 558 2557 B.
736 2528 740 2532 ·
841 2518 935 2571 stid
948 2519 1065 2569 jacit.
1121 2522 1162 2559 Ι.

202 2582 230 2623 7
260 2571 300 2610 Se·
318 2585 373 2612 me
386 2575 508 2612 viuum
525 2574 603 2628 vis]
634 2576 719 2614 Hoc
744 2570 801 2612 so·
835 2596 839 2597 ν
905 2575 1052 2622 Omnes
1081 2573 1216 2622 noffli,
1243 2571 1284 2611 Si
1305 2567 1346 2611 id
1358 2570 1500 2622 saciat.

139 2626 184 2667 ‘lo
221 2629 338 2701 verbo
371 2639 522 2682 potexat
554 2631 705 2683 placaie
736 2644 800 2684 pa·
848 2629 1164 2686 Legeigitn1‚Sc
1177 2629 1220 2672 td
1224 2629 1344 2683 fizcaet
1401 2629 1442 2668 B.
