<?xml version="1.0" encoding="UTF-8"?>
<!DOCTYPE html PUBLIC "-//W3C//DTD XHTML 1.0 Transitional//EN"
    "http://www.w3.org/TR/xhtml1/DTD/xhtml1-transitional.dtd">
<html xmlns="http://www.w3.org/1999/xhtml" xml:lang="en" lang="en">
 <head>
  <title>
</title>
<meta http-equiv="Content-Type" content="text/html;charset=utf-8" />
  <meta name='ocr-system' content='tesseract 3.04.00' />
  <meta name='ocr-capabilities' content='ocr_page ocr_carea ocr_par ocr_line ocrx_word'/>
</head>
<body>
  <div class='ocr_page' id='page_1' title='image "./comoediaesexexre01tereuoft_0086.png"; bbox 0 0 1815 3168; ppageno 0'>
   <div class='ocr_carea' id='block_1_1' title="bbox 346 148 1258 200">
    <p class='ocr_par' dir='ltr' id='par_1_1' title="bbox 346 148 1258 200">
     <span class='ocr_line' id='line_1_1' title="bbox 346 148 1258 200; baseline -0.009 0"><span class='ocrx_word' id='word_1_1' title='bbox 346 169 518 200; x_wconf 76' lang='lat' dir='ltr'>Lxxv1</span> <span class='ocrx_word' id='word_1_2' title='bbox 761 149 851 194; x_wconf 81' lang='lat' dir='ltr'>DE</span> <span class='ocrx_word' id='word_1_3' title='bbox 887 148 1258 193; x_wconf 78' lang='lat' dir='ltr'><strong>THEATRO.</strong></span> 
     </span>
    </p>
   </div>
   <div class='ocr_carea' id='block_1_2' title="bbox 306 262 1717 2677">
    <p class='ocr_par' dir='ltr' id='par_1_2' title="bbox 346 262 1711 1043">
     <span class='ocr_line' id='line_1_2' title="bbox 346 262 1702 318; baseline -0.007 -4"><span class='ocrx_word' id='word_1_4' title='bbox 346 273 459 314; x_wconf 88' lang='lat' dir='ltr'>nibus</span> <span class='ocrx_word' id='word_1_5' title='bbox 480 280 590 310; x_wconf 76' lang='lat' dir='ltr'>erant</span> <span class='ocrx_word' id='word_1_6' title='bbox 610 269 747 315; x_wconf 81' lang='lat' dir='ltr'>Critae,</span> <span class='ocrx_word' id='word_1_7' title='bbox 765 266 803 306; x_wconf 88' lang='lat' dir='ltr'>id</span> <span class='ocrx_word' id='word_1_8' title='bbox 825 265 889 315; x_wconf 82' lang='lat' dir='ltr'>est,</span> <span class='ocrx_word' id='word_1_9' title='bbox 911 266 1069 314; x_wconf 84' lang='lat' dir='ltr'>iudices,</span> <span class='ocrx_word' id='word_1_10' title='bbox 1100 280 1120 305; x_wconf 78' lang='lat' dir='ltr'>a</span> <span class='ocrx_word' id='word_1_11' title='bbox 1138 266 1276 318; x_wconf 92' lang='lat' dir='ltr'>quibus</span> <span class='ocrx_word' id='word_1_12' title='bbox 1299 265 1444 313; x_wconf 77' lang='lat' dir='ltr'>critici,</span> <span class='ocrx_word' id='word_1_13' title='bbox 1466 263 1503 302; x_wconf 85' lang='lat' dir='ltr'>id</span> <span class='ocrx_word' id='word_1_14' title='bbox 1523 262 1586 310; x_wconf 85' lang='lat' dir='ltr'>est,</span> <span class='ocrx_word' id='word_1_15' title='bbox 1609 274 1702 313; x_wconf 78' lang='lat' dir='ltr'>poe·</span> 
     </span>
     <span class='ocr_line' id='line_1_3' title="bbox 346 318 1696 374; baseline -0.009 -5"><span class='ocrx_word' id='word_1_16' title='bbox 346 339 494 370; x_wconf 87' lang='lat' dir='ltr'>matum</span> <span class='ocrx_word' id='word_1_17' title='bbox 514 326 659 366; x_wconf 86' lang='lat' dir='ltr'>iudices</span> <span class='ocrx_word' id='word_1_18' title='bbox 676 325 763 363; x_wconf 76' lang='lat' dir='ltr'>diffl</span> <span class='ocrx_word' id='word_1_19' title='bbox 785 320 881 364; x_wconf 87' lang='lat' dir='ltr'>sunt.</span> <span class='ocrx_word' id='word_1_20' title='bbox 936 322 1143 368; x_wconf 80' lang='lat' dir='ltr'>Ludorum,</span> <span class='ocrx_word' id='word_1_21' title='bbox 1176 324 1241 374; x_wconf 89' lang='lat' dir='ltr'>qui</span> <span class='ocrx_word' id='word_1_22' title='bbox 1262 323 1344 362; x_wconf 93' lang='lat' dir='ltr'>Diis</span> <span class='ocrx_word' id='word_1_23' title='bbox 1364 318 1696 366; x_wconf 76' lang='lat' dir='ltr'>consecrabantur,</span> 
     </span>
     <span class='ocr_line' id='line_1_4' title="bbox 347 375 1703 437; baseline -0.01 -12"><span class='ocrx_word' id='word_1_24' title='bbox 347 384 452 437; x_wconf 82' lang='lat' dir='ltr'>apud</span> <span class='ocrx_word' id='word_1_25' title='bbox 473 386 666 423; x_wconf 85' lang='lat' dir='ltr'>Romanos</span> <span class='ocrx_word' id='word_1_26' title='bbox 687 387 850 430; x_wconf 82' lang='lat' dir='ltr'>quatuor</span> <span class='ocrx_word' id='word_1_27' title='bbox 868 388 977 416; x_wconf 84' lang='lat' dir='ltr'>erant</span> <span class='ocrx_word' id='word_1_28' title='bbox 995 375 1150 428; x_wconf 80' lang='lat' dir='ltr'>species.</span> <span class='ocrx_word' id='word_1_29' title='bbox 1206 381 1280 417; x_wconf 83' lang='lat' dir='ltr'>Eos</span> <span class='ocrx_word' id='word_1_30' title='bbox 1301 376 1582 416; x_wconf 81' lang='lat' dir='ltr'>ludosAediles</span> <span class='ocrx_word' id='word_1_31' title='bbox 1594 387 1703 412; x_wconf 84' lang='lat' dir='ltr'>curu·</span> 
     </span>
     <span class='ocr_line' id='line_1_5' title="bbox 347 430 1706 489; baseline -0.01 -8"><span class='ocrx_word' id='word_1_32' title='bbox 347 443 404 482; x_wconf 89' lang='lat' dir='ltr'>les</span> <span class='ocrx_word' id='word_1_33' title='bbox 424 451 588 478; x_wconf 88' lang='lat' dir='ltr'>munere</span> <span class='ocrx_word' id='word_1_34' title='bbox 604 436 758 489; x_wconf 88' lang='lat' dir='ltr'>publico</span> <span class='ocrx_word' id='word_1_35' title='bbox 776 434 980 484; x_wconf 82' lang='lat' dir='ltr'>quotannis</span> <span class='ocrx_word' id='word_1_36' title='bbox 997 432 1190 472; x_wconf 86' lang='lat' dir='ltr'>curabant.</span> <span class='ocrx_word' id='word_1_37' title='bbox 1226 431 1467 488; x_wconf 65' lang='lat' dir='ltr'>Megaletfis,</span> <span class='ocrx_word' id='word_1_38' title='bbox 1484 430 1706 483; x_wconf 82' lang='lat' dir='ltr'>fiuemagni</span> 
     </span>
     <span class='ocr_line' id='line_1_6' title="bbox 347 485 1707 543; baseline -0.01 -6"><span class='ocrx_word' id='word_1_39' title='bbox 347 496 428 538; x_wconf 86' lang='lat' dir='ltr'>ludi</span> <span class='ocrx_word' id='word_1_40' title='bbox 443 495 546 539; x_wconf 60' lang='lat' dir='ltr'>disti,</span> <span class='ocrx_word' id='word_1_41' title='bbox 572 491 676 543; x_wconf 89' lang='lat' dir='ltr'>quod</span> <span class='ocrx_word' id='word_1_42' title='bbox 693 491 845 543; x_wconf 85' lang='lat' dir='ltr'>magnis</span> <span class='ocrx_word' id='word_1_43' title='bbox 867 489 952 528; x_wconf 87' lang='lat' dir='ltr'>Diis</span> <span class='ocrx_word' id='word_1_44' title='bbox 971 486 1179 528; x_wconf 86' lang='lat' dir='ltr'>consecrati</span> <span class='ocrx_word' id='word_1_45' title='bbox 1198 485 1604 539; x_wconf 75' lang='lat' dir='ltr'>effeutz‘quibusludis</span> <span class='ocrx_word' id='word_1_46' title='bbox 1617 499 1707 537; x_wconf 85' lang='lat' dir='ltr'>qua·</span> 
     </span>
     <span class='ocr_line' id='line_1_7' title="bbox 349 542 1708 593; baseline -0.007 -1"><span class='ocrx_word' id='word_1_47' title='bbox 349 565 437 593; x_wconf 88' lang='lat' dir='ltr'>tuor</span> <span class='ocrx_word' id='word_1_48' title='bbox 455 552 559 589; x_wconf 60' lang='lat' dir='ltr'>actae</span> <span class='ocrx_word' id='word_1_49' title='bbox 577 547 664 587; x_wconf 86' lang='lat' dir='ltr'>sunt</span> <span class='ocrx_word' id='word_1_50' title='bbox 682 545 860 586; x_wconf 78' lang='lat' dir='ltr'>Terentii</span> <span class='ocrx_word' id='word_1_51' title='bbox 879 543 1138 584; x_wconf 80' lang='lat' dir='ltr'>comoediae:</span> <span class='ocrx_word' id='word_1_52' title='bbox 1169 542 1336 592; x_wconf 83' lang='lat' dir='ltr'>Andria,</span> <span class='ocrx_word' id='word_1_53' title='bbox 1362 543 1574 582; x_wconf 81' lang='lat' dir='ltr'>Eunuchus</span> <span class='ocrx_word' id='word_1_54' title='bbox 1588 572 1597 589; x_wconf 82' lang='lat'>,</span> <span class='ocrx_word' id='word_1_55' title='bbox 1627 545 1708 583; x_wconf 85' lang='lat' dir='ltr'>He-</span> 
     </span>
     <span class='ocr_line' id='line_1_8' title="bbox 349 597 1706 652; baseline -0.009 -4"><span class='ocrx_word' id='word_1_56' title='bbox 349 608 758 649; x_wconf 77' lang='lat' dir='ltr'>autontimorumenos,</span> <span class='ocrx_word' id='word_1_57' title='bbox 778 604 942 652; x_wconf 79' lang='lat' dir='ltr'>Hecyra.</span> <span class='ocrx_word' id='word_1_58' title='bbox 1000 598 1194 647; x_wconf 73' lang='lat' dir='ltr'><em>Funebres,</em></span> <span class='ocrx_word' id='word_1_59' title='bbox 1220 609 1284 637; x_wconf 90' lang='lat' dir='ltr'>aut</span> <span class='ocrx_word' id='word_1_60' title='bbox 1303 599 1509 639; x_wconf 83' lang='lat' dir='ltr'>Funerales</span> <span class='ocrx_word' id='word_1_61' title='bbox 1531 598 1630 645; x_wconf 88' lang='lat' dir='ltr'>ludi,</span> <span class='ocrx_word' id='word_1_62' title='bbox 1657 597 1706 636; x_wconf 91' lang='lat' dir='ltr'>ad</span> 
     </span>
     <span class='ocr_line' id='line_1_9' title="bbox 351 652 1706 710; baseline -0.008 -6"><span class='ocrx_word' id='word_1_63' title='bbox 351 661 603 704; x_wconf 84' lang='lat' dir='ltr'>retinendum</span> <span class='ocrx_word' id='word_1_64' title='bbox 622 655 981 710; x_wconf 85' lang='lat' dir='ltr'>populuminstituti</span> <span class='ocrx_word' id='word_1_65' title='bbox 998 652 1093 703; x_wconf 89' lang='lat' dir='ltr'>sunt,</span> <span class='ocrx_word' id='word_1_66' title='bbox 1114 656 1205 693; x_wconf 85' lang='lat' dir='ltr'>dum</span> <span class='ocrx_word' id='word_1_67' title='bbox 1216 667 1360 706; x_wconf 85' lang='lat' dir='ltr'>pompa</span> <span class='ocrx_word' id='word_1_68' title='bbox 1372 653 1530 703; x_wconf 80' lang='lat' dir='ltr'>funeris,</span> <span class='ocrx_word' id='word_1_69' title='bbox 1553 654 1706 693; x_wconf 77' lang='lat' dir='ltr'>decreta</span> 
     </span>
     <span class='ocr_line' id='line_1_10' title="bbox 350 709 1710 767; baseline -0.01 -8"><span class='ocrx_word' id='word_1_70' title='bbox 350 721 394 759; x_wconf 87' lang='lat' dir='ltr'>in</span> <span class='ocrx_word' id='word_1_71' title='bbox 411 719 600 757; x_wconf 88' lang='lat' dir='ltr'>honorem</span> <span class='ocrx_word' id='word_1_72' title='bbox 620 711 771 767; x_wconf 85' lang='lat' dir='ltr'>patricii</span> <span class='ocrx_word' id='word_1_73' title='bbox 789 712 879 759; x_wconf 83' lang='lat' dir='ltr'>viri,</span> <span class='ocrx_word' id='word_1_74' title='bbox 904 711 1023 762; x_wconf 84' lang='lat' dir='ltr'>plene</span> <span class='ocrx_word' id='word_1_75' title='bbox 1040 724 1081 750; x_wconf 82' lang='lat' dir='ltr'>ae</span> <span class='ocrx_word' id='word_1_76' title='bbox 1102 709 1531 762; x_wconf 81' lang='lat' dir='ltr'>publiceinstruebatur.</span> <span class='ocrx_word' id='word_1_77' title='bbox 1567 710 1637 750; x_wconf 87' lang='lat' dir='ltr'>His</span> <span class='ocrx_word' id='word_1_78' title='bbox 1654 709 1710 747; x_wconf 92' lang='lat' dir='ltr'>lu-</span> 
     </span>
     <span class='ocr_line' id='line_1_11' title="bbox 350 765 1710 818; baseline -0.01 -3"><span class='ocrx_word' id='word_1_79' title='bbox 350 776 408 815; x_wconf 90' lang='lat' dir='ltr'>dis</span> <span class='ocrx_word' id='word_1_80' title='bbox 429 775 509 813; x_wconf 64' lang='lat' dir='ltr'>aaa</span> <span class='ocrx_word' id='word_1_81' title='bbox 531 770 583 811; x_wconf 84' lang='lat' dir='ltr'>est</span> <span class='ocrx_word' id='word_1_82' title='bbox 593 767 810 812; x_wconf 88' lang='lat' dir='ltr'>Comoedia</span> <span class='ocrx_word' id='word_1_83' title='bbox 820 765 1191 818; x_wconf 82' lang='lat' dir='ltr'>TerentiiAdelphi.</span> <span class='ocrx_word' id='word_1_84' title='bbox 1223 765 1466 811; x_wconf 78' lang='lat' dir='ltr'>Plebeii,fiue</span> <span class='ocrx_word' id='word_1_85' title='bbox 1479 765 1710 804; x_wconf 85' lang='lat' dir='ltr'>Romanilu-</span> 
     </span>
     <span class='ocr_line' id='line_1_12' title="bbox 350 820 1710 881; baseline -0.008 -10"><span class='ocrx_word' id='word_1_86' title='bbox 350 832 391 871; x_wconf 93' lang='lat' dir='ltr'>di</span> <span class='ocrx_word' id='word_1_87' title='bbox 405 843 473 881; x_wconf 90' lang='lat' dir='ltr'>pro</span> <span class='ocrx_word' id='word_1_88' title='bbox 484 826 599 867; x_wconf 81' lang='lat' dir='ltr'>salute</span> <span class='ocrx_word' id='word_1_89' title='bbox 609 825 733 878; x_wconf 86' lang='lat' dir='ltr'>plebis</span> <span class='ocrx_word' id='word_1_90' title='bbox 745 822 977 862; x_wconf 85' lang='lat' dir='ltr'>edebantur:</span> <span class='ocrx_word' id='word_1_91' title='bbox 1000 822 1138 874; x_wconf 89' lang='lat' dir='ltr'>quibus</span> <span class='ocrx_word' id='word_1_92' title='bbox 1148 822 1264 863; x_wconf 88' lang='lat' dir='ltr'>Ludis</span> <span class='ocrx_word' id='word_1_93' title='bbox 1277 823 1354 861; x_wconf 58' lang='lat' dir='ltr'>acia</span> <span class='ocrx_word' id='word_1_94' title='bbox 1364 820 1418 860; x_wconf 88' lang='lat' dir='ltr'>est</span> <span class='ocrx_word' id='word_1_95' title='bbox 1427 821 1619 861; x_wconf 86' lang='lat' dir='ltr'>Phormio.</span> <span class='ocrx_word' id='word_1_96' title='bbox 1657 821 1710 860; x_wconf 81' lang='lat' dir='ltr'>A-</span> 
     </span>
     <span class='ocr_line' id='line_1_13' title="bbox 347 877 1711 940; baseline -0.007 -16"><span class='ocrx_word' id='word_1_97' title='bbox 347 885 545 940; x_wconf 77' lang='lat' dir='ltr'>pollinares</span> <span class='ocrx_word' id='word_1_98' title='bbox 563 882 656 932; x_wconf 83' lang='lat' dir='ltr'>ludi,</span> <span class='ocrx_word' id='word_1_99' title='bbox 674 878 851 932; x_wconf 80' lang='lat' dir='ltr'>Apollini</span> <span class='ocrx_word' id='word_1_100' title='bbox 863 877 1081 929; x_wconf 87' lang='lat' dir='ltr'>consecrati,</span> <span class='ocrx_word' id='word_1_101' title='bbox 1101 889 1165 918; x_wconf 87' lang='lat' dir='ltr'>aut</span> <span class='ocrx_word' id='word_1_102' title='bbox 1182 879 1224 918; x_wconf 87' lang='lat' dir='ltr'>in</span> <span class='ocrx_word' id='word_1_103' title='bbox 1236 877 1427 917; x_wconf 87' lang='lat' dir='ltr'>honorem</span> <span class='ocrx_word' id='word_1_104' title='bbox 1438 877 1632 929; x_wconf 87' lang='lat' dir='ltr'>Apollinis</span> <span class='ocrx_word' id='word_1_105' title='bbox 1649 877 1711 916; x_wconf 87' lang='lat' dir='ltr'>in·</span> 
     </span>
     <span class='ocr_line' id='line_1_14' title="bbox 349 942 480 984; baseline -0.038 0"><span class='ocrx_word' id='word_1_106' title='bbox 349 942 480 984; x_wconf 78' lang='lat' dir='ltr'>stituti.</span> 
     </span>
     <span class='ocr_line' id='line_1_15' title="bbox 595 986 1458 1043; baseline -0.005 -11"><span class='ocrx_word' id='word_1_107' title='bbox 595 993 667 1032; x_wconf 63' lang='lat' dir='ltr'>&gt;De</span> <span class='ocrx_word' id='word_1_108' title='bbox 696 991 868 1032; x_wconf 85' lang='lat' dir='ltr'>Theatris</span> <span class='ocrx_word' id='word_1_109' title='bbox 901 1003 935 1030; x_wconf 77' lang='lat' dir='ltr'>et</span> <span class='ocrx_word' id='word_1_110' title='bbox 966 986 1258 1043; x_wconf 78' lang='lat' dir='ltr'>Amphitheatris</span> <span class='ocrx_word' id='word_1_111' title='bbox 1283 991 1458 1042; x_wconf 78' lang='lat' dir='ltr'>antiquis.</span> 
     </span>
    </p>

    <p class='ocr_par' dir='ltr' id='par_1_3' title="bbox 306 1043 1717 2677">
     <span class='ocr_line' id='line_1_16' title="bbox 408 1043 1713 1104; baseline -0.005 -14"><span class='ocrx_word' id='word_1_112' title='bbox 408 1054 501 1104; x_wconf 89' lang='lat' dir='ltr'>Quo</span> <span class='ocrx_word' id='word_1_113' title='bbox 526 1050 664 1090; x_wconf 87' lang='lat' dir='ltr'>melius</span> <span class='ocrx_word' id='word_1_114' title='bbox 687 1060 725 1088; x_wconf 91' lang='lat' dir='ltr'>et</span> <span class='ocrx_word' id='word_1_115' title='bbox 743 1047 983 1087; x_wconf 83' lang='lat' dir='ltr'>commodius</span> <span class='ocrx_word' id='word_1_116' title='bbox 1001 1044 1258 1099; x_wconf 62' lang='lat' dir='ltr'>specim-entur</span> <span class='ocrx_word' id='word_1_117' title='bbox 1271 1045 1521 1093; x_wconf 81' lang='lat' dir='ltr'>comoediae,</span> <span class='ocrx_word' id='word_1_118' title='bbox 1539 1043 1713 1097; x_wconf 85' lang='lat' dir='ltr'>Tragoe-</span> 
     </span>
     <span class='ocr_line' id='line_1_17' title="bbox 352 1100 1712 1157; baseline -0.008 -8"><span class='ocrx_word' id='word_1_119' title='bbox 352 1109 452 1157; x_wconf 77' lang='lat' dir='ltr'>diae,</span> <span class='ocrx_word' id='word_1_120' title='bbox 473 1117 537 1146; x_wconf 87' lang='lat' dir='ltr'>aut</span> <span class='ocrx_word' id='word_1_121' title='bbox 553 1105 664 1151; x_wconf 90' lang='lat' dir='ltr'>Ludi,</span> <span class='ocrx_word' id='word_1_122' title='bbox 682 1104 760 1143; x_wconf 80' lang='lat' dir='ltr'>siue</span> <span class='ocrx_word' id='word_1_123' title='bbox 780 1104 807 1142; x_wconf 91' lang='lat' dir='ltr'>ii</span> <span class='ocrx_word' id='word_1_124' title='bbox 829 1103 1064 1150; x_wconf 88' lang='lat' dir='ltr'>Gladiatorii‚</span> <span class='ocrx_word' id='word_1_125' title='bbox 1089 1101 1166 1141; x_wconf 76' lang='lat' dir='ltr'>fiue</span> <span class='ocrx_word' id='word_1_126' title='bbox 1184 1104 1297 1141; x_wconf 84' lang='lat' dir='ltr'>etiam</span> <span class='ocrx_word' id='word_1_127' title='bbox 1317 1102 1482 1148; x_wconf 79' lang='lat' dir='ltr'>Scenici,</span> <span class='ocrx_word' id='word_1_128' title='bbox 1503 1101 1565 1139; x_wconf 85' lang='lat' dir='ltr'>vel</span> <span class='ocrx_word' id='word_1_129' title='bbox 1585 1100 1712 1140; x_wconf 89' lang='lat' dir='ltr'>alteri-</span> 
     </span>
     <span class='ocr_line' id='line_1_18' title="bbox 351 1156 1712 1218; baseline -0.008 -14"><span class='ocrx_word' id='word_1_130' title='bbox 351 1179 398 1205; x_wconf 85' lang='lat' dir='ltr'>us</span> <span class='ocrx_word' id='word_1_131' title='bbox 418 1163 575 1218; x_wconf 83' lang='lat' dir='ltr'>generis</span> <span class='ocrx_word' id='word_1_132' title='bbox 591 1158 725 1207; x_wconf 77' lang='lat' dir='ltr'>effem,</span> <span class='ocrx_word' id='word_1_133' title='bbox 750 1159 920 1199; x_wconf 78' lang='lat' dir='ltr'>instituta</span> <span class='ocrx_word' id='word_1_134' title='bbox 938 1157 1024 1198; x_wconf 86' lang='lat' dir='ltr'>sunt</span> <span class='ocrx_word' id='word_1_135' title='bbox 1044 1157 1090 1197; x_wconf 90' lang='lat' dir='ltr'>ab</span> <span class='ocrx_word' id='word_1_136' title='bbox 1109 1159 1284 1210; x_wconf 73' lang='lat' dir='ltr'>atitiqui8‚</span> <span class='ocrx_word' id='word_1_137' title='bbox 1306 1168 1407 1208; x_wconf 88' lang='lat' dir='ltr'>quae</span> <span class='ocrx_word' id='word_1_138' title='bbox 1425 1156 1584 1196; x_wconf 77' lang='lat' dir='ltr'><em>Theatra</em></span> <span class='ocrx_word' id='word_1_139' title='bbox 1602 1168 1712 1195; x_wconf 83' lang='lat' dir='ltr'>voca-</span> 
     </span>
     <span class='ocr_line' id='line_1_19' title="bbox 352 1212 1713 1267; baseline -0.009 -6"><span class='ocrx_word' id='word_1_140' title='bbox 352 1222 503 1267; x_wconf 81' lang='lat' dir='ltr'>bantur,</span> <span class='ocrx_word' id='word_1_141' title='bbox 524 1232 544 1257; x_wconf 92' lang='lat' dir='ltr'>a</span> <span class='ocrx_word' id='word_1_142' title='bbox 561 1215 768 1257; x_wconf 78' lang='lat' dir='ltr'>commode</span> <span class='ocrx_word' id='word_1_143' title='bbox 788 1215 960 1255; x_wconf 84' lang='lat' dir='ltr'>videndo</span> <span class='ocrx_word' id='word_1_144' title='bbox 979 1228 1022 1254; x_wconf 90' lang='lat' dir='ltr'>ac</span> <span class='ocrx_word' id='word_1_145' title='bbox 1043 1212 1306 1266; x_wconf 76' lang='lat' dir='ltr'>prospiciendo</span> <span class='ocrx_word' id='word_1_146' title='bbox 1325 1212 1372 1251; x_wconf 80' lang='lat' dir='ltr'>{ic</span> <span class='ocrx_word' id='word_1_147' title='bbox 1383 1213 1583 1264; x_wconf 83' lang='lat' dir='ltr'>appellata.</span> <span class='ocrx_word' id='word_1_148' title='bbox 1613 1214 1713 1250; x_wconf 83' lang='lat' dir='ltr'>Nam</span> 
     </span>
     <span class='ocr_line' id='line_1_20' title="bbox 353 1266 1714 1322; baseline -0.01 -5"><span class='ocrx_word' id='word_1_149' title='bbox 353 1276 713 1318; x_wconf 85' lang='lat' dir='ltr'>anteTheatrorum</span> <span class='ocrx_word' id='word_1_150' title='bbox 732 1269 847 1319; x_wconf 80' lang='lat' dir='ltr'>vsmn,</span> <span class='ocrx_word' id='word_1_151' title='bbox 868 1269 1005 1310; x_wconf 80' lang='lat' dir='ltr'>scenae</span> <span class='ocrx_word' id='word_1_152' title='bbox 1024 1269 1134 1322; x_wconf 85' lang='lat' dir='ltr'>super</span> <span class='ocrx_word' id='word_1_153' title='bbox 1150 1269 1323 1321; x_wconf 66' lang='lat' dir='ltr'>Pzaustris</span> <span class='ocrx_word' id='word_1_154' title='bbox 1335 1267 1537 1307; x_wconf 70' lang='lat' dir='ltr'>duffitibus</span> <span class='ocrx_word' id='word_1_155' title='bbox 1549 1266 1714 1305; x_wconf 80' lang='lat' dir='ltr'>exstrue·</span> 
     </span>
     <span class='ocr_line' id='line_1_21' title="bbox 352 1323 1715 1380; baseline -0.009 -7"><span class='ocrx_word' id='word_1_156' title='bbox 352 1333 504 1379; x_wconf 84' lang='lat' dir='ltr'>bantur,</span> <span class='ocrx_word' id='word_1_157' title='bbox 528 1343 572 1369; x_wconf 89' lang='lat' dir='ltr'>ac</span> <span class='ocrx_word' id='word_1_158' title='bbox 582 1341 649 1380; x_wconf 84' lang='lat' dir='ltr'>per</span> <span class='ocrx_word' id='word_1_159' title='bbox 661 1328 828 1377; x_wconf 85' lang='lat' dir='ltr'>compita</span> <span class='ocrx_word' id='word_1_160' title='bbox 837 1326 981 1372; x_wconf 62' lang='lat' dir='ltr'>ductae,</span> <span class='ocrx_word' id='word_1_161' title='bbox 995 1327 1140 1378; x_wconf 88' lang='lat' dir='ltr'>populo</span> <span class='ocrx_word' id='word_1_162' title='bbox 1155 1324 1391 1378; x_wconf 82' lang='lat' dir='ltr'>praebebant</span> <span class='ocrx_word' id='word_1_163' title='bbox 1403 1323 1715 1361; x_wconf 59' lang='lat' dir='ltr'>obleetationem.</span> 
     </span>
     <span class='ocr_line' id='line_1_22' title="bbox 351 1378 1714 1432; baseline -0.008 -4"><span class='ocrx_word' id='word_1_164' title='bbox 351 1388 522 1430; x_wconf 85' lang='lat' dir='ltr'>Theatra</span> <span class='ocrx_word' id='word_1_165' title='bbox 545 1396 676 1424; x_wconf 89' lang='lat' dir='ltr'>autem</span> <span class='ocrx_word' id='word_1_166' title='bbox 695 1393 804 1422; x_wconf 87' lang='lat' dir='ltr'>erant</span> <span class='ocrx_word' id='word_1_167' title='bbox 820 1381 1004 1428; x_wconf 84' lang='lat' dir='ltr'>aedificia,</span> <span class='ocrx_word' id='word_1_168' title='bbox 1025 1381 1086 1420; x_wconf 83' lang='lat' dir='ltr'>vel</span> <span class='ocrx_word' id='word_1_169' title='bbox 1109 1391 1308 1432; x_wconf 77' lang='lat' dir='ltr'>apparatus</span> <span class='ocrx_word' id='word_1_170' title='bbox 1338 1380 1380 1417; x_wconf 85' lang='lat' dir='ltr'>in</span> <span class='ocrx_word' id='word_1_171' title='bbox 1398 1378 1533 1430; x_wconf 81' lang='lat' dir='ltr'>populi</span> <span class='ocrx_word' id='word_1_172' title='bbox 1553 1378 1714 1431; x_wconf 83' lang='lat' dir='ltr'>gratiam</span> 
     </span>
     <span class='ocr_line' id='line_1_23' title="bbox 306 1433 1714 1490; baseline -0.009 -6"><span class='ocrx_word' id='word_1_173' title='bbox 306 1443 316 1454; x_wconf 72' lang='lat'><em>‘</em></span> <span class='ocrx_word' id='word_1_174' title='bbox 352 1443 536 1488; x_wconf 70' lang='lat' dir='ltr'>instruffl,</span> <span class='ocrx_word' id='word_1_175' title='bbox 556 1439 603 1478; x_wconf 85' lang='lat' dir='ltr'>ad</span> <span class='ocrx_word' id='word_1_176' title='bbox 624 1437 827 1490; x_wconf 83' lang='lat' dir='ltr'>hemicycli</span> <span class='ocrx_word' id='word_1_177' title='bbox 846 1434 1026 1489; x_wconf 84' lang='lat' dir='ltr'>speciem,</span> <span class='ocrx_word' id='word_1_178' title='bbox 1045 1436 1092 1475; x_wconf 85' lang='lat' dir='ltr'>ad</span> <span class='ocrx_word' id='word_1_179' title='bbox 1106 1434 1330 1488; x_wconf 60' lang='lat' dir='ltr'>spectandos</span> <span class='ocrx_word' id='word_1_180' title='bbox 1348 1435 1480 1473; x_wconf 85' lang='lat' dir='ltr'>ludos:</span> <span class='ocrx_word' id='word_1_181' title='bbox 1503 1433 1714 1486; x_wconf 77' lang='lat' dir='ltr'>Spec‘lacula</span> 
     </span>
     <span class='ocr_line' id='line_1_24' title="bbox 353 1489 1714 1550; baseline -0.009 -11"><span class='ocrx_word' id='word_1_182' title='bbox 353 1501 492 1542; x_wconf 85' lang='lat' dir='ltr'>Latine</span> <span class='ocrx_word' id='word_1_183' title='bbox 512 1493 703 1550; x_wconf 79' lang='lat' dir='ltr'>possumus</span> <span class='ocrx_word' id='word_1_184' title='bbox 722 1494 863 1533; x_wconf 85' lang='lat' dir='ltr'>dicere.</span> <span class='ocrx_word' id='word_1_185' title='bbox 918 1495 1018 1535; x_wconf 89' lang='lat' dir='ltr'>Cum</span> <span class='ocrx_word' id='word_1_186' title='bbox 1036 1491 1166 1531; x_wconf 87' lang='lat' dir='ltr'>forum</span> <span class='ocrx_word' id='word_1_187' title='bbox 1186 1491 1401 1530; x_wconf 88' lang='lat' dir='ltr'>institutum</span> <span class='ocrx_word' id='word_1_188' title='bbox 1421 1490 1549 1538; x_wconf 85' lang='lat' dir='ltr'>fuerit,</span> <span class='ocrx_word' id='word_1_189' title='bbox 1567 1489 1714 1540; x_wconf 78' lang='lat' dir='ltr'>(inquit</span> 
     </span>
     <span class='ocr_line' id='line_1_25' title="bbox 354 1544 1713 1604; baseline -0.009 -9"><span class='ocrx_word' id='word_1_190' title='bbox 354 1555 575 1604; x_wconf 72' lang='lat' dir='ltr'>Viti-unius)</span> <span class='ocrx_word' id='word_1_191' title='bbox 601 1562 683 1590; x_wconf 89' lang='lat' dir='ltr'>tum</span> <span class='ocrx_word' id='word_1_192' title='bbox 711 1553 884 1590; x_wconf 88' lang='lat' dir='ltr'>Deorum</span> <span class='ocrx_word' id='word_1_193' title='bbox 915 1549 1187 1588; x_wconf 85' lang='lat' dir='ltr'>immortalium</span> <span class='ocrx_word' id='word_1_194' title='bbox 1217 1547 1354 1587; x_wconf 89' lang='lat' dir='ltr'>diebus</span> <span class='ocrx_word' id='word_1_195' title='bbox 1376 1545 1498 1595; x_wconf 77' lang='lat' dir='ltr'>festis,</span> <span class='ocrx_word' id='word_1_196' title='bbox 1531 1544 1713 1584; x_wconf 86' lang='lat' dir='ltr'>ludorum</span> 
     </span>
     <span class='ocr_line' id='line_1_26' title="bbox 354 1600 1713 1665; baseline -0.01 -12"><span class='ocrx_word' id='word_1_197' title='bbox 354 1605 669 1665; x_wconf 59' lang='lat' dir='ltr'>speffiationibus,</span> <span class='ocrx_word' id='word_1_198' title='bbox 695 1605 902 1658; x_wconf 80' lang='lat' dir='ltr'>eligendus</span> <span class='ocrx_word' id='word_1_199' title='bbox 922 1605 976 1644; x_wconf 88' lang='lat' dir='ltr'>est</span> <span class='ocrx_word' id='word_1_200' title='bbox 994 1606 1098 1644; x_wconf 87' lang='lat' dir='ltr'>locus</span> <span class='ocrx_word' id='word_1_201' title='bbox 1109 1604 1279 1645; x_wconf 85' lang='lat' dir='ltr'>Theatro</span> <span class='ocrx_word' id='word_1_202' title='bbox 1299 1616 1414 1654; x_wconf 88' lang='lat' dir='ltr'>quam</span> <span class='ocrx_word' id='word_1_203' title='bbox 1433 1600 1713 1640; x_wconf 87' lang='lat' dir='ltr'>saluberrirnus.</span> 
     </span>
     <span class='ocr_line' id='line_1_27' title="bbox 354 1657 1717 1713; baseline -0.009 -7"><span class='ocrx_word' id='word_1_204' title='bbox 354 1672 527 1710; x_wconf 85' lang='lat' dir='ltr'>Fuerunt</span> <span class='ocrx_word' id='word_1_205' title='bbox 545 1673 673 1702; x_wconf 82' lang='lat' dir='ltr'>autem</span> <span class='ocrx_word' id='word_1_206' title='bbox 693 1661 866 1702; x_wconf 84' lang='lat' dir='ltr'>Theatra</span> <span class='ocrx_word' id='word_1_207' title='bbox 884 1659 1045 1700; x_wconf 89' lang='lat' dir='ltr'>duorum</span> <span class='ocrx_word' id='word_1_208' title='bbox 1066 1673 1274 1713; x_wconf 83' lang='lat' dir='ltr'>generum:</span> <span class='ocrx_word' id='word_1_209' title='bbox 1303 1660 1375 1698; x_wconf 87' lang='lat' dir='ltr'>alia</span> <span class='ocrx_word' id='word_1_210' title='bbox 1393 1660 1526 1711; x_wconf 82' lang='lat' dir='ltr'>lignea</span> <span class='ocrx_word' id='word_1_211' title='bbox 1544 1668 1584 1695; x_wconf 90' lang='lat' dir='ltr'>et</span> <span class='ocrx_word' id='word_1_212' title='bbox 1597 1657 1717 1709; x_wconf 86' lang='lat' dir='ltr'>pluri-</span> 
     </span>
     <span class='ocr_line' id='line_1_28' title="bbox 354 1711 1716 1769; baseline -0.01 -5"><span class='ocrx_word' id='word_1_213' title='bbox 354 1725 427 1769; x_wconf 82' lang='lat' dir='ltr'>bus</span> <span class='ocrx_word' id='word_1_214' title='bbox 447 1718 757 1762; x_wconf 81' lang='lat' dir='ltr'>tabellationibus</span> <span class='ocrx_word' id='word_1_215' title='bbox 779 1715 972 1763; x_wconf 47' lang='lat' dir='ltr'>exsti-urim,</span> <span class='ocrx_word' id='word_1_216' title='bbox 992 1717 1119 1768; x_wconf 87' lang='lat' dir='ltr'>qualia</span> <span class='ocrx_word' id='word_1_217' title='bbox 1136 1716 1233 1755; x_wconf 89' lang='lat' dir='ltr'>ludis</span> <span class='ocrx_word' id='word_1_218' title='bbox 1250 1714 1413 1767; x_wconf 77' lang='lat' dir='ltr'>publicis</span> <span class='ocrx_word' id='word_1_219' title='bbox 1432 1714 1639 1766; x_wconf 84' lang='lat' dir='ltr'>quotannis</span> <span class='ocrx_word' id='word_1_220' title='bbox 1650 1711 1716 1751; x_wconf 87' lang='lat' dir='ltr'>fie-</span> 
     </span>
     <span class='ocr_line' id='line_1_29' title="bbox 354 1766 1714 1824; baseline -0.01 -5"><span class='ocrx_word' id='word_1_221' title='bbox 354 1780 449 1820; x_wconf 87' lang='lat' dir='ltr'>bant</span> <span class='ocrx_word' id='word_1_222' title='bbox 468 1782 622 1822; x_wconf 86' lang='lat' dir='ltr'>Romae,</span> <span class='ocrx_word' id='word_1_223' title='bbox 643 1784 761 1824; x_wconf 87' lang='lat' dir='ltr'>atque</span> <span class='ocrx_word' id='word_1_224' title='bbox 779 1785 825 1812; x_wconf 86' lang='lat' dir='ltr'>ea</span> <span class='ocrx_word' id='word_1_225' title='bbox 845 1773 1039 1824; x_wconf 85' lang='lat' dir='ltr'>perennia</span> <span class='ocrx_word' id='word_1_226' title='bbox 1060 1783 1140 1811; x_wconf 82' lang='lat' dir='ltr'>uon</span> <span class='ocrx_word' id='word_1_227' title='bbox 1160 1770 1342 1811; x_wconf 85' lang='lat' dir='ltr'>fuerunt:</span> <span class='ocrx_word' id='word_1_228' title='bbox 1369 1771 1442 1809; x_wconf 82' lang='lat' dir='ltr'>alia</span> <span class='ocrx_word' id='word_1_229' title='bbox 1468 1766 1654 1808; x_wconf 82' lang='lat' dir='ltr'>sumtuosa</span> <span class='ocrx_word' id='word_1_230' title='bbox 1673 1777 1714 1807; x_wconf 90' lang='lat' dir='ltr'>et</span> 
     </span>
     <span class='ocr_line' id='line_1_30' title="bbox 356 1824 1716 1882; baseline -0.009 -7"><span class='ocrx_word' id='word_1_231' title='bbox 356 1834 519 1882; x_wconf 79' lang='lat' dir='ltr'>nobilia,</span> <span class='ocrx_word' id='word_1_232' title='bbox 547 1844 595 1870; x_wconf 83' lang='lat' dir='ltr'>ex</span> <span class='ocrx_word' id='word_1_233' title='bbox 616 1828 743 1869; x_wconf 87' lang='lat' dir='ltr'>solidis</span> <span class='ocrx_word' id='word_1_234' title='bbox 763 1828 888 1874; x_wconf 46' lang='lat' dir='ltr'>rebus</span> <span class='ocrx_word' id='word_1_235' title='bbox 915 1829 955 1867; x_wconf 83' lang='lat' dir='ltr'>id</span> <span class='ocrx_word' id='word_1_236' title='bbox 975 1827 1039 1874; x_wconf 85' lang='lat' dir='ltr'>est,</span> <span class='ocrx_word' id='word_1_237' title='bbox 1072 1841 1120 1866; x_wconf 85' lang='lat' dir='ltr'>ex</span> <span class='ocrx_word' id='word_1_238' title='bbox 1141 1828 1320 1866; x_wconf 66' lang='lat' dir='ltr'>struant-a</span> <span class='ocrx_word' id='word_1_239' title='bbox 1341 1833 1644 1871; x_wconf 85' lang='lat' dir='ltr'>caementorum,</span> <span class='ocrx_word' id='word_1_240' title='bbox 1664 1824 1716 1863; x_wconf 85' lang='lat' dir='ltr'>la·</span> 
     </span>
     <span class='ocr_line' id='line_1_31' title="bbox 355 1881 1716 1946; baseline -0.01 -15"><span class='ocrx_word' id='word_1_241' title='bbox 355 1891 449 1946; x_wconf 79' lang='lat' dir='ltr'>pide</span> <span class='ocrx_word' id='word_1_242' title='bbox 469 1899 533 1929; x_wconf 85' lang='lat' dir='ltr'>aut</span> <span class='ocrx_word' id='word_1_243' title='bbox 551 1898 743 1926; x_wconf 84' lang='lat' dir='ltr'>marmore</span> <span class='ocrx_word' id='word_1_244' title='bbox 759 1884 965 1933; x_wconf 80' lang='lat' dir='ltr'>constituta,</span> <span class='ocrx_word' id='word_1_245' title='bbox 985 1885 1098 1936; x_wconf 82' lang='lat' dir='ltr'>quale</span> <span class='ocrx_word' id='word_1_246' title='bbox 1117 1883 1170 1924; x_wconf 83' lang='lat' dir='ltr'>est</span> <span class='ocrx_word' id='word_1_247' title='bbox 1188 1882 1292 1934; x_wconf 88' lang='lat' dir='ltr'>quod</span> <span class='ocrx_word' id='word_1_248' title='bbox 1316 1881 1524 1920; x_wconf 80' lang='lat' dir='ltr'>construxit</span> <span class='ocrx_word' id='word_1_249' title='bbox 1534 1882 1590 1920; x_wconf 35' lang='lat' dir='ltr'>Mt</span> <span class='ocrx_word' id='word_1_250' title='bbox 1603 1882 1716 1921; x_wconf 84' lang='lat' dir='ltr'>Scau-</span> 
     </span>
     <span class='ocr_line' id='line_1_32' title="bbox 355 1937 1715 1991; baseline -0.01 -3"><span class='ocrx_word' id='word_1_251' title='bbox 355 1961 420 1988; x_wconf 87' lang='lat' dir='ltr'>rus</span> <span class='ocrx_word' id='word_1_252' title='bbox 441 1948 482 1985; x_wconf 89' lang='lat' dir='ltr'>in</span> <span class='ocrx_word' id='word_1_253' title='bbox 501 1944 694 1983; x_wconf 80' lang='lat' dir='ltr'>aedilitate</span> <span class='ocrx_word' id='word_1_254' title='bbox 711 1940 785 1990; x_wconf 86' lang='lat' dir='ltr'>sua,</span> <span class='ocrx_word' id='word_1_255' title='bbox 806 1941 899 1980; x_wconf 86' lang='lat' dir='ltr'>item</span> <span class='ocrx_word' id='word_1_256' title='bbox 916 1941 1033 1979; x_wconf 90' lang='lat' dir='ltr'>etiam</span> <span class='ocrx_word' id='word_1_257' title='bbox 1052 1941 1270 1991; x_wconf 86' lang='lat' dir='ltr'>Pompeius,</span> <span class='ocrx_word' id='word_1_258' title='bbox 1293 1950 1332 1977; x_wconf 89' lang='lat' dir='ltr'>et</span> <span class='ocrx_word' id='word_1_259' title='bbox 1350 1938 1414 1977; x_wconf 85' lang='lat' dir='ltr'>alii</span> <span class='ocrx_word' id='word_1_260' title='bbox 1434 1937 1624 1989; x_wconf 79' lang='lat' dir='ltr'>permulti.</span> <span class='ocrx_word' id='word_1_261' title='bbox 1659 1939 1715 1976; x_wconf 85' lang='lat' dir='ltr'>lta</span> 
     </span>
     <span class='ocr_line' id='line_1_33' title="bbox 357 1992 1714 2050; baseline -0.01 -7"><span class='ocrx_word' id='word_1_262' title='bbox 357 2015 486 2045; x_wconf 81' lang='lat' dir='ltr'>autern</span> <span class='ocrx_word' id='word_1_263' title='bbox 508 1999 757 2050; x_wconf 79' lang='lat' dir='ltr'>compotitum</span> <span class='ocrx_word' id='word_1_264' title='bbox 783 1996 857 2035; x_wconf 89' lang='lat' dir='ltr'>fuit</span> <span class='ocrx_word' id='word_1_265' title='bbox 876 1997 1041 2047; x_wconf 86' lang='lat' dir='ltr'>antiquis</span> <span class='ocrx_word' id='word_1_266' title='bbox 1061 1995 1296 2041; x_wconf 82' lang='lat' dir='ltr'>Theatrum,</span> <span class='ocrx_word' id='word_1_267' title='bbox 1324 2005 1362 2033; x_wconf 80' lang='lat' dir='ltr'>vt</span> <span class='ocrx_word' id='word_1_268' title='bbox 1389 2005 1437 2032; x_wconf 90' lang='lat' dir='ltr'>eo</span> <span class='ocrx_word' id='word_1_269' title='bbox 1457 1992 1714 2039; x_wconf 84' lang='lat' dir='ltr'>conueniens,</span> 
     </span>
     <span class='ocr_line' id='line_1_34' title="bbox 356 2045 1715 2105; baseline -0.009 -7"><span class='ocrx_word' id='word_1_270' title='bbox 356 2071 397 2102; x_wconf 82' lang='lat' dir='ltr'>et</span> <span class='ocrx_word' id='word_1_271' title='bbox 423 2055 628 2096; x_wconf 88' lang='lat' dir='ltr'>commode</span> <span class='ocrx_word' id='word_1_272' title='bbox 652 2052 788 2093; x_wconf 85' lang='lat' dir='ltr'>sedens</span> <span class='ocrx_word' id='word_1_273' title='bbox 809 2052 937 2099; x_wconf 88' lang='lat' dir='ltr'>turba,</span> <span class='ocrx_word' id='word_1_274' title='bbox 967 2065 991 2091; x_wconf 87' lang='lat' dir='ltr'>e</span> <span class='ocrx_word' id='word_1_275' title='bbox 1016 2053 1236 2105; x_wconf 85' lang='lat' dir='ltr'>longinquo</span> <span class='ocrx_word' id='word_1_276' title='bbox 1255 2050 1371 2090; x_wconf 86' lang='lat' dir='ltr'>facile</span> <span class='ocrx_word' id='word_1_277' title='bbox 1393 2047 1561 2101; x_wconf 64' lang='lat' dir='ltr'>spthai·e</span> <span class='ocrx_word' id='word_1_278' title='bbox 1580 2045 1715 2100; x_wconf 85' lang='lat' dir='ltr'>posset,</span> 
     </span>
     <span class='ocr_line' id='line_1_35' title="bbox 356 2102 1715 2162; baseline -0.01 -6"><span class='ocrx_word' id='word_1_279' title='bbox 356 2127 529 2156; x_wconf 85' lang='lat' dir='ltr'>concauo</span> <span class='ocrx_word' id='word_1_280' title='bbox 551 2110 777 2162; x_wconf 79' lang='lat' dir='ltr'>aequalique</span> <span class='ocrx_word' id='word_1_281' title='bbox 793 2109 983 2160; x_wconf 81' lang='lat' dir='ltr'>parietum</span> <span class='ocrx_word' id='word_1_282' title='bbox 1004 2109 1257 2155; x_wconf 58' lang='lat' dir='ltr'>circumiectu,</span> <span class='ocrx_word' id='word_1_283' title='bbox 1280 2118 1319 2145; x_wconf 90' lang='lat' dir='ltr'>vt</span> <span class='ocrx_word' id='word_1_284' title='bbox 1336 2107 1397 2144; x_wconf 81' lang='lat' dir='ltr'>vel</span> <span class='ocrx_word' id='word_1_285' title='bbox 1412 2107 1493 2145; x_wconf 82' lang='lat' dir='ltr'>leni</span> <span class='ocrx_word' id='word_1_286' title='bbox 1513 2102 1604 2143; x_wconf 87' lang='lat' dir='ltr'>sono</span> <span class='ocrx_word' id='word_1_287' title='bbox 1616 2103 1715 2143; x_wconf 55' lang='lat' dir='ltr'>dicta</span> 
     </span>
     <span class='ocr_line' id='line_1_36' title="bbox 355 2160 1713 2217; baseline -0.01 -7"><span class='ocrx_word' id='word_1_288' title='bbox 355 2172 481 2217; x_wconf 87' lang='lat' dir='ltr'>verba,</span> <span class='ocrx_word' id='word_1_289' title='bbox 502 2167 548 2207; x_wconf 84' lang='lat' dir='ltr'>ad</span> <span class='ocrx_word' id='word_1_290' title='bbox 568 2167 731 2205; x_wconf 88' lang='lat' dir='ltr'>alterum</span> <span class='ocrx_word' id='word_1_291' title='bbox 755 2164 896 2204; x_wconf 83' lang='lat' dir='ltr'>theatri</span> <span class='ocrx_word' id='word_1_292' title='bbox 914 2175 1029 2216; x_wconf 89' lang='lat' dir='ltr'>caput</span> <span class='ocrx_word' id='word_1_293' title='bbox 1044 2164 1192 2204; x_wconf 86' lang='lat' dir='ltr'>facilius</span> <span class='ocrx_word' id='word_1_294' title='bbox 1211 2162 1416 2202; x_wconf 85' lang='lat' dir='ltr'>ferrentur.</span> <span class='ocrx_word' id='word_1_295' title='bbox 1469 2160 1603 2201; x_wconf 83' lang='lat' dir='ltr'>Postea</span> <span class='ocrx_word' id='word_1_296' title='bbox 1621 2171 1713 2199; x_wconf 89' lang='lat' dir='ltr'>vero</span> 
     </span>
     <span class='ocr_line' id='line_1_37' title="bbox 355 2216 1715 2278; baseline -0.011 -10"><span class='ocrx_word' id='word_1_297' title='bbox 355 2226 617 2278; x_wconf 83' lang='lat' dir='ltr'>excogitatum</span> <span class='ocrx_word' id='word_1_298' title='bbox 637 2221 690 2260; x_wconf 89' lang='lat' dir='ltr'>est</span> <span class='ocrx_word' id='word_1_299' title='bbox 705 2220 915 2261; x_wconf 84' lang='lat' dir='ltr'>Theatrum</span> <span class='ocrx_word' id='word_1_300' title='bbox 933 2221 973 2258; x_wconf 86' lang='lat' dir='ltr'>in</span> <span class='ocrx_word' id='word_1_301' title='bbox 986 2219 1188 2260; x_wconf 87' lang='lat' dir='ltr'>rotundam</span> <span class='ocrx_word' id='word_1_302' title='bbox 1199 2218 1360 2258; x_wconf 81' lang='lat' dir='ltr'>formam</span> <span class='ocrx_word' id='word_1_303' title='bbox 1378 2216 1618 2264; x_wconf 60' lang='lat' dir='ltr'>exstructum,</span> <span class='ocrx_word' id='word_1_304' title='bbox 1638 2216 1715 2254; x_wconf 84' lang='lat' dir='ltr'>alio</span> 
     </span>
     <span class='ocr_line' id='line_1_38' title="bbox 355 2271 1713 2329; baseline -0.011 -5"><span class='ocrx_word' id='word_1_305' title='bbox 355 2284 482 2324; x_wconf 84' lang='lat' dir='ltr'>multo</span> <span class='ocrx_word' id='word_1_306' title='bbox 503 2279 756 2319; x_wconf 85' lang='lat' dir='ltr'>excellentius</span> <span class='ocrx_word' id='word_1_307' title='bbox 774 2287 888 2328; x_wconf 81' lang='lat' dir='ltr'>atque</span> <span class='ocrx_word' id='word_1_308' title='bbox 906 2278 1090 2328; x_wconf 87' lang='lat' dir='ltr'>capacius,</span> <span class='ocrx_word' id='word_1_309' title='bbox 1109 2273 1306 2329; x_wconf 82' lang='lat' dir='ltr'>magisque</span> <span class='ocrx_word' id='word_1_310' title='bbox 1325 2271 1576 2314; x_wconf 76' lang='lat' dir='ltr'>summorum:</span> <span class='ocrx_word' id='word_1_311' title='bbox 1605 2271 1713 2322; x_wconf 83' lang='lat' dir='ltr'>quod</span> 
     </span>
     <span class='ocr_line' id='line_1_39' title="bbox 357 2327 1712 2391; baseline -0.01 -12"><span class='ocrx_word' id='word_1_312' title='bbox 357 2340 448 2391; x_wconf 87' lang='lat' dir='ltr'>quia</span> <span class='ocrx_word' id='word_1_313' title='bbox 465 2336 582 2376; x_wconf 88' lang='lat' dir='ltr'>veluti</span> <span class='ocrx_word' id='word_1_314' title='bbox 605 2347 655 2373; x_wconf 85' lang='lat' dir='ltr'>ex</span> <span class='ocrx_word' id='word_1_315' title='bbox 676 2332 828 2372; x_wconf 85' lang='lat' dir='ltr'>duobus</span> <span class='ocrx_word' id='word_1_316' title='bbox 847 2332 1035 2372; x_wconf 82' lang='lat' dir='ltr'>constaret</span> <span class='ocrx_word' id='word_1_317' title='bbox 1054 2332 1223 2379; x_wconf 89' lang='lat' dir='ltr'>theatris,</span> <span class='ocrx_word' id='word_1_318' title='bbox 1239 2329 1521 2380; x_wconf 81' lang='lat' dir='ltr'>rotundamque</span> <span class='ocrx_word' id='word_1_319' title='bbox 1539 2327 1712 2380; x_wconf 81' lang='lat' dir='ltr'>figuram,</span> 
     </span>
     <span class='ocr_line' id='line_1_40' title="bbox 357 2383 1711 2442; baseline -0.01 -7"><span class='ocrx_word' id='word_1_320' title='bbox 357 2409 443 2435; x_wconf 89' lang='lat' dir='ltr'>non</span> <span class='ocrx_word' id='word_1_321' title='bbox 491 2394 565 2430; x_wconf 86' lang='lat' dir='ltr'>iam</span> <span class='ocrx_word' id='word_1_322' title='bbox 609 2390 773 2441; x_wconf 87' lang='lat' dir='ltr'>amplius</span> <span class='ocrx_word' id='word_1_323' title='bbox 821 2387 1083 2442; x_wconf 83' lang='lat' dir='ltr'>hemicyclum</span> <span class='ocrx_word' id='word_1_324' title='bbox 1118 2387 1300 2434; x_wconf 87' lang='lat' dir='ltr'>referret,</span> <span class='ocrx_word' id='word_1_325' title='bbox 1341 2386 1391 2425; x_wconf 89' lang='lat' dir='ltr'>ob</span> <span class='ocrx_word' id='word_1_326' title='bbox 1427 2385 1465 2424; x_wconf 87' lang='lat' dir='ltr'>id</span> <span class='ocrx_word' id='word_1_327' title='bbox 1500 2383 1711 2435; x_wconf 75' lang='lat' dir='ltr'>Amphithe-</span> 
     </span>
     <span class='ocr_line' id='line_1_41' title="bbox 358 2440 1713 2496; baseline -0.011 -5"><span class='ocrx_word' id='word_1_328' title='bbox 358 2463 482 2490; x_wconf 72' lang='lat' dir='ltr'>atrum</span> <span class='ocrx_word' id='word_1_329' title='bbox 509 2447 651 2486; x_wconf 60' lang='lat' dir='ltr'>dierum</span> <span class='ocrx_word' id='word_1_330' title='bbox 679 2444 751 2492; x_wconf 88' lang='lat' dir='ltr'>est,</span> <span class='ocrx_word' id='word_1_331' title='bbox 788 2445 904 2496; x_wconf 87' lang='lat' dir='ltr'>quale</span> <span class='ocrx_word' id='word_1_332' title='bbox 925 2444 992 2493; x_wconf 88' lang='lat' dir='ltr'>est,</span> <span class='ocrx_word' id='word_1_333' title='bbox 1023 2444 1125 2496; x_wconf 90' lang='lat' dir='ltr'>quod</span> <span class='ocrx_word' id='word_1_334' title='bbox 1147 2443 1266 2483; x_wconf 85' lang='lat' dir='ltr'>hodie</span> <span class='ocrx_word' id='word_1_335' title='bbox 1283 2446 1426 2483; x_wconf 85' lang='lat' dir='ltr'>Romae</span> <span class='ocrx_word' id='word_1_336' title='bbox 1443 2440 1613 2488; x_wconf 84' lang='lat' dir='ltr'>videtur,</span> <span class='ocrx_word' id='word_1_337' title='bbox 1647 2440 1713 2477; x_wconf 88' lang='lat' dir='ltr'>ali-</span> 
     </span>
     <span class='ocr_line' id='line_1_42' title="bbox 359 2495 1714 2559; baseline -0.009 -14"><span class='ocrx_word' id='word_1_338' title='bbox 359 2505 514 2559; x_wconf 88' lang='lat' dir='ltr'>quando</span> <span class='ocrx_word' id='word_1_339' title='bbox 533 2502 578 2541; x_wconf 85' lang='lat' dir='ltr'>ab</span> <span class='ocrx_word' id='word_1_340' title='bbox 596 2502 771 2541; x_wconf 87' lang='lat' dir='ltr'>Antonio</span> <span class='ocrx_word' id='word_1_341' title='bbox 782 2501 850 2540; x_wconf 87' lang='lat' dir='ltr'>Pio</span> <span class='ocrx_word' id='word_1_342' title='bbox 870 2499 1123 2549; x_wconf 81' lang='lat' dir='ltr'>aedificatum,</span> <span class='ocrx_word' id='word_1_343' title='bbox 1142 2510 1180 2539; x_wconf 92' lang='lat' dir='ltr'>et</span> <span class='ocrx_word' id='word_1_344' title='bbox 1190 2498 1351 2538; x_wconf 89' lang='lat' dir='ltr'>aGothis</span> <span class='ocrx_word' id='word_1_345' title='bbox 1361 2495 1714 2548; x_wconf 79' lang='lat' dir='ltr'>deuastatum(col·</span> 
     </span>
     <span class='ocr_line' id='line_1_43' title="bbox 358 2552 1713 2613; baseline -0.01 -12"><span class='ocrx_word' id='word_1_346' title='bbox 358 2563 509 2613; x_wconf 61' lang='lat' dir='ltr'>lafiteum</span> <span class='ocrx_word' id='word_1_347' title='bbox 527 2559 658 2610; x_wconf 81' lang='lat' dir='ltr'>vulgus</span> <span class='ocrx_word' id='word_1_348' title='bbox 679 2558 805 2609; x_wconf 85' lang='lat' dir='ltr'>vocat)</span> <span class='ocrx_word' id='word_1_349' title='bbox 825 2556 929 2607; x_wconf 88' lang='lat' dir='ltr'>quod</span> <span class='ocrx_word' id='word_1_350' title='bbox 949 2556 1178 2608; x_wconf 82' lang='lat' dir='ltr'>potissimum</span> <span class='ocrx_word' id='word_1_351' title='bbox 1197 2555 1244 2594; x_wconf 88' lang='lat' dir='ltr'>ad</span> <span class='ocrx_word' id='word_1_352' title='bbox 1263 2555 1335 2594; x_wconf 84' lang='lat' dir='ltr'>alia</span> <span class='ocrx_word' id='word_1_353' title='bbox 1363 2553 1571 2605; x_wconf 64' lang='lat' dir='ltr'>speetacula</span> <span class='ocrx_word' id='word_1_354' title='bbox 1595 2552 1713 2603; x_wconf 80' lang='lat' dir='ltr'>vulgo</span> 
     </span>
     <span class='ocr_line' id='line_1_44' title="bbox 356 2606 1716 2677; baseline -0.011 -18"><span class='ocrx_word' id='word_1_355' title='bbox 356 2613 615 2677; x_wconf 70' lang='lat' dir='ltr'>proponenda</span> <span class='ocrx_word' id='word_1_356' title='bbox 635 2613 777 2664; x_wconf 56' lang='lat' dir='ltr'>facium</span> <span class='ocrx_word' id='word_1_357' title='bbox 795 2622 912 2666; x_wconf 86' lang='lat' dir='ltr'>atque</span> <span class='ocrx_word' id='word_1_358' title='bbox 928 2614 1139 2655; x_wconf 84' lang='lat' dir='ltr'>inuentum</span> <span class='ocrx_word' id='word_1_359' title='bbox 1154 2611 1249 2653; x_wconf 82' lang='lat' dir='ltr'>fuit:</span> <span class='ocrx_word' id='word_1_360' title='bbox 1280 2623 1372 2652; x_wconf 87' lang='lat' dir='ltr'>nam</span> <span class='ocrx_word' id='word_1_361' title='bbox 1388 2609 1436 2650; x_wconf 86' lang='lat' dir='ltr'>ad</span> <span class='ocrx_word' id='word_1_362' title='bbox 1459 2606 1632 2649; x_wconf 80' lang='lat' dir='ltr'>scenicos</span> <span class='ocrx_word' id='word_1_363' title='bbox 1657 2608 1716 2645; x_wconf 93' lang='lat' dir='ltr'>lu-</span> 
     </span>
    </p>
   </div>
   <div class='ocr_carea' id='block_1_3' title="bbox 1645 2662 1716 2705">
    <p class='ocr_par' dir='ltr' id='par_1_4' title="bbox 1645 2662 1716 2705">
     <span class='ocr_line' id='line_1_45' title="bbox 1645 2662 1716 2705; baseline -0.028 0"><span class='ocrx_word' id='word_1_364' title='bbox 1645 2662 1716 2705; x_wconf 80' lang='lat' dir='ltr'>dos</span> 
     </span>
    </p>
   </div>
  </div>
 </body>
</html>
