1815 3168
544 93 958 139 EVNVCHVS.
1328 103 1443 153 443>

203 218 250 270 C
266 241 310 267 H.
347 202 536 269 Militem
563 219 707 266 secum
726 218 777 264 ad
789 228 831 263 te
843 227 1022 279 quantas
1036 218 1180 279 copias
1195 217 1433 269 adducere!

204 293 330 347 Atat!
368 294 418 343 T
435 314 483 341 n.
517 312 626 340 num
639 292 961 352 forniidolosu3‚
972 291 1161 344 obsecro,
1184 307 1242 344 es,
1275 296 1337 339 mi
1355 294 1434 341 ho·

302 367 410 422 mo?
447 367 492 418 C
510 388 557 414 H.
594 367 796 434 apagefis,

207 450 306 509 Ego
339 444 678 494 formidolosus?
712 438 896 490 nemo’st
925 442 1174 494 hominum,
1205 442 1283 505 qui
1304 444 1437 497 viuat,

306 524 467 569 minus.
698 528 701 531 ’

58 595 61 597 ’
118 616 179 650 20
210 593 260 645 T
274 616 319 646 H.
355 602 500 659 Atque
529 597 587 642 ita
609 589 785 660 opus'st.
823 589 869 641 C
884 611 930 646 H,
967 593 1075 640 hau!
1112 602 1289 646 metuo,
1334 609 1440 657 qua·

310 673 398 718 lem
418 684 467 718 tu
487 687 557 717 me
580 668 661 717 effe
683 671 909 716 hominem
933 666 1175 716 existumes.

211 745 264 797 T
281 766 327 793 H.
363 751 461 793 Imo
483 747 567 792 hoc
590 749 803 808 cogitato;
840 746 1017 808 quicum
1041 760 1110 795 res
1140 742 1220 790 tibi
1246 738 1328 795 est,
1362 744 1442 807 pe<

309 824 511 883 tegrimus
534 819 607 867 est.

211 899 367 946 Minus
389 907 547 961 potens
570 913 701 959 quam
720 906 784 950 tu,
817 897 962 943 minus
985 903 1131 951 notus,
1158 895 1304 941 minus
1338 889 1445 940 amid

314 988 465 1019 corum
487 972 559 1017 hic
582 971 761 1018 habens.

214 1045 263 1096 C
279 1065 326 1094 H.
362 1049 459 1094 Scio
480 1045 598 1093 istuc.

311 1134 409 1170 tum
429 1115 713 1170 admittere’st.

145 1315 197 1358 17
228 1302 403 1357 Qeantas
415 1301 554 1356 copias]
581 1302 740 1353 Proprie

89 1360 185 1400 dixit
205 1361 361 1412 Copias:
390 1372 480 1396 nam
498 1357 545 1396 fic
566 1356 742 1395 dicuntur

87 1418 269 1471 legiones
314 1415 354 1453 in
382 1416 387 1456 ἶ,
398 1427 515 1453 vnum
553 1413 743 1451 colleoae.

88 1472 297 1515 Conuenit
314 1482 442 1509 tamen
470 1468 557 1508 rudi
582 1480 619 1508 et
642 1468 744 1507 rusti-

88 1542 134 1568 co
151 1525 397 1575 adolescenti,
418 1523 482 1577 senx
501 1524 680 1563 homines
692 1537 746 1561 co-

84 1589 169 1638 pias
195 1583 347 1622 dicere:
387 1581 556 1621 Militem
588 1578 742 1628 scilicet,

87 1639 305 1687 Parasitum,
316 1640 525 1684 Donacem,
539 1636 621 1688 Syri
629 1633 737 1685 scum,

89 1696 354 1741 Shnalionem,
373 1694 552 1745 Sangam.
609 1693 656 1730 D.

146 1759 194 1800 18
234 1752 335 1790 Num
352 1745 618 1800 firmidblofizs
649 1744 745 1796 obst·

88 1803 151 1847 ⁴cro
179 1821 232 1853 es,
261 1807 312 1843 mi
332 1803 488 1857 homo?]
517 1802 745 1842 Formidolo-

39 1903 41 1906 Α
73 1863 156 1917 fias,
179 1872 218 1901 et
237 1858 424 1907 terribilis,
459 1869 497 1899 et
514 1858 667 1897 timidus
687 1858 744 1895 in-

87 1919 288 1972 telligitur.
348 1914 538 1970 Apagqfis]
585 1914 743 1954 Plautus

88 1977 132 2016 in
148 1975 393 2022 Trinummo,
412 1975 539 2027 Apage
555 1984 660 2010 amor
679 1972 742 2022 (11,

92 2045 130 2081 1,
149 2032 247 2083 25·)·
305 2031 354 2069 D·

146 2082 333 2140 Apagaefis]
372 2087 458 2125 Hoc
487 2081 559 2130 est,
589 2079 745 2120 timidus

93 2149 196 2197 ego?
228 2139 391 2189 discede,
410 2153 494 2179 non
512 2136 604 2177 sum
645 2139 690 2177 Ε.

154 2210 202 2250 19
214 2197 331 2252 Egon'
342 2208 475 2236 omnes
484 2193 624 2235 Faerni
635 2190 747 2231 codd.

97 2263 138 2295 et
157 2252 284 2301 nostri,
304 2266 380 2292 vno
399 2261 575 2301 excepto.
633 2250 672 2287 B.

151 2321 205 2350 20
244 2310 362 2363 Atque
389 2310 445 2348 ita
470 2319 560 2360 opus
587 2304 652 2358 est]

95 2365 222 2405 minus
258 2360 518 2403 formidolosus
553 2361 608 2401 fis.
663 2360 746 2400 Me-

694 2305 748 2343 Vt

676 1046 761 1093 Sed
780 1059 830 1093 tu
850 1046 969 1110 quod
991 1062 1142 1093 cauere
1163 1042 1308 1110 poffis,
1338 1040 1443 1090 stul-

1289 1158 1292 1160 *
1319 1194 1446 1242 Malo

789 1302 931 1340 idcirco
951 1298 1107 1347 fatetur,
1151 1298 1190 1338 se
1212 1299 1352 1338 timere
1369 1311 1449 1338 ma·

791 1358 867 1396 lam
887 1356 1115 1407 opinionem
1133 1355 1295 1394 Thaidis
1315 1353 1365 1393 de
1395 1352 1447 1394 se.

793 1416 851 1459 Et,
874 1424 993 1450 metuo
1020 1410 1161 1462 qualem
1183 1423 1223 1448 tu
1243 1423 1297 1448 me
1325 1408 1448 1460 exzsti-

792 1482 874 1514 mes,
897 1481 1000 1506 noue
1018 1466 1123 1513 dixit,
1144 1479 1225 1517 pro,
1247 1468 1380 1506 Metuo
1402 1478 1448 1506 ne

792 1526 923 1578 ignara
937 1521 1000 1573 sis.
1056 1525 1102 1561 1).

847 1581 996 1618 Omnes
1015 1577 1143 1627 nostri,
1172 1575 1256 1623 hau,
1290 1577 1364 1626 vel,
1386 1589 1447 1617 au.

791 1634 867 1676 Sed
885 1634 1022 1674 ‚Faerni
1040 1632 1124 1672 fere
1133 1644 1280 1680 omnes,
1290 1632 1350 1677 ah.
1377 1635 1450 1674 Rea

793 1691 862 1729 eie.
919 1691 957 1729 Β.

848 1757 898 1787 21
934 1745 1161 1799 Peregrinus
1179 1742 1238 1794 est,
1257 1746 1452 1796 minuspo-

794 1815 872 1842 tens
906 1814 1014 1854 quam
1045 1799 1104 1853 tu]
1146 1800 1275 1850 Quam
1312 1800 1333 1820 ¹*
1365 1796 1451 1852 post

795 1869 910 1909 quam
940 1867 1068 1895 tamen
1092 1852 1170 1907 ipsa
1197 1867 1280 1894 non
1297 1856 1453 1907 eloqui-

794 1923 865 1962 tur,
885 1912 977 1963 quid
999 1911 1205 1950 efficiatur:
1227 1923 1275 1949 ex
1284 1923 1333 1950 eo
1346 1908 1454 1963 quod

793 1970 856 2018 ait,
881 1969 1104 2023 Peregrinus
1116 1966 1172 2019 est,
1192 1969 1454 2019 minus-potens

793 2039 904 2080 quam
932 2036 1000 2064 tu:
1036 2024 1143 2063 bene
1172 2022 1223 2060 fic
1249 2022 1346 2062 dixit
1371 2024 1456 2076 (lo-

796 2095 882 2120 cum
901 2081 950 2119 ita
967 2079 1129 2124 ordinm
1172 2077 1260 2128 Post
1290 2091 1454 2128 QVAM

796 2151 826 2177 ‘r
839 2151 866 2177 v
897 2135 973 2187 ipfiz
993 2148 1069 2174 non
1087 2133 1278 2186 eloquitur,
1301 2135 1391 2187 quid
1399 2136 1454 2188 ef:

787 2191 944 2244 ficiatur
966 2206 1011 2230 ex
1030 2204 1069 2229 eo
1082 2190 1179 2243 quod
1197 2193 1276 2229 ait:
1303 2202 1325 2229 Ρ
1335 2202 1396 2231 ER
1406 2204 1452 2232 Ε-

795 2259 1000 2289 GRINVS
1026 2259 1152 2294 EST5
1182 2257 1354 2287 M1NVS
1378 2260 1454 2286 po-

798 2316 934 2345 TENs
973 2314 1124 2351 QVAM
1160 2314 1243 2343 Tv.
1314 2301 1451 2343 Tamen

797 2359 882 2399 hene
899 2358 954 2411 sic
982 2359 1099 2409 dixit)
1118 2373 1133 2396 .·
1181 2358 1270 2409 quia
1297 2358 1451 2400 tardum

46 2556 49 2558 -
97 2533 176 2570 eius
218 2530 278 2569 hic
312 2530 497 2570 Chremes
529 2531 604 2568 iam
630 2529 746 2570 etiam

98 2434 174 2467 tuo,
194 2420 334 2472 qualem
352 2433 394 2459 tu
412 2433 466 2458 me
482 2417 542 2471 ff
569 2417 745 2456 hominem
793 2415 869 2456 fuit
891 2415 1031 2459 dicere,
1053 2413 1117 2453 Ille
1127 2416 1315 2465 impotens,
1334 2427 1453 2469 capo<

97 2474 304 2529 existumes]
343 2475 506 2514 Videtur
538 2473 667 2513 ebrius
693 2470 746 2510 fa·
794 2486 885 2522 tens,
905 2482 943 2510 et
962 2480 1122 2510 caetera.
1178 2472 1226 2509 D.

847 2540 897 2580 23
930 2526 1002 2566 Sed
1021 2539 1071 2575 tu,
1100 2526 1202 2577 quod
1222 2538 1347 2565 cauere
1360 2525 1448 2578 pos!

98 2585 298 2640 displicere
319 2586 423 2627 nolle
439 2585 605 2627 mulieri.
644 2587 744 2627 Nam
780 2581 855 2638 fig,
884 2581 981 2639 iffa]
1021 2580 1239 2625 ostendere
1268 2583 1345 2623 vult
1373 2586 1449 2621 Te-

1360 2649 1448 2678 ten-
