1815 3168
360 165 458 215 430

393 291 460 342 45
497 272 649 323 Heus!
682 281 841 335 negato
863 269 1055 318 rursum:

598 349 842 414 exsculpere

741 144 904 191 ACT.
933 142 1008 189 IV.
1035 139 1233 188 SCEN.
1262 139 1342 187 IV.

1090 262 1322 334 possumne
1344 281 1428 329 ego
1449 265 1583 315 hodie
1603 283 1654 315 ex
1678 278 1724 316 te

498 427 703 476 Verum?
743 415 927 470 vidistin’
955 420 1133 467 fratrem
1165 417 1437 466 Chaeream?
1471 414 1583 466 Do,
1620 435 1729 469 non.

602 500 700 547 PH.
740 515 830 544 non
856 494 996 560 potest
1019 492 1108 539 sine

503 576 628 625 Malo
649 574 788 626 fateri,
810 571 961 620 video:
995 569 1172 635 sequere
1193 569 1297 616 hac:
1330 567 1467 617 modo
1495 569 1566 622 ait,
1597 567 1733 616 modo

603 659 750 710 negat.

506 730 601 774 Ora
621 741 708 771 me.
743 720 853 769 Do.
890 720 1066 768 obsecro
1088 731 1132 769 te
1153 735 1273 774 vero,
1297 719 1521 769 Phaedria.
1558 717 1647 768 PH.
1674 714 1736 766 in’

606 802 725 849 intro
744 814 864 847 nune
885 796 1000 846 iam?
1037 792 1084 844 D
1097 810 1148 844 ο.
1183 798 1242 851 oi,
1262 797 1317 845 ei.

375 1025 475 1082 quod
492 1021 553 1076 tste
572 1019 692 1074 dicat]
719 1019 859 1058 Vtrum
886 1029 936 1056 an
963 1011 1036 1056 ser·

376 1096 446 1131 ua,
482 1078 587 1132 quod
629 1075 793 1116 seruus?
833 1084 884 1112 an
914 1072 1035 1120 stulta,

375 1138 487 1190 quod
505 1133 660 1176 stultus?
689 1145 736 1170 an
756 1129 913 1173 femina,
933 1127 1037 1179 quod

375 1188 619 1236 Eunuchus?
638 1188 787 1228 Mirum
806 1187 846 1224 ni
858 1185 919 1239 tu]
951 1183 1037 1224 Cla-

376 1263 423 1290 re
441 1248 546 1288 dicit.
608 1243 780 1296 Quidam
790 1242 949 1294 preffius
969 1253 1038 1292 pu·

377 1315 476 1346 tant.
532 1306 582 1344 D.

433 1364 542 1413 Lege
561 1370 609 1396 ex
626 1354 775 1395 duobus
803 1350 964 1401 nostris,
999 1358 1039 1388 et

372 1408 459 1459 ‘vno
479 1413 654 1461 Fabricii,
674 1413 823 1451 Mirum
842 1410 884 1448 ni
903 1417 945 1446 tu
967 1416 1038 1444 cre-

379 1476 466 1516 dis-‚⁴
493 1472 583 1523 quia
601 1468 726 1507 noster
744 1479 833 1505 cum
860 1461 1038 1504 indicati·

379 1543 433 1569 uo
451 1526 614 1579 semper.
649 1535 700 1575 vt,
727 1524 861 1562 mirum
881 1522 921 1559 ni
942 1517 1042 1558 domi

382 1586 455 1639 est:
474 1596 610 1624 mtrum
630 1581 671 1620 ni
691 1578 784 1619 dabo
807 1588 880 1617 etc.
935 1578 976 1615 Β.

439 1654 491 1694 45
526 1639 625 1680 Heus
635 1641 652 1677 .-’
670 1649 711 1676 tu
728 1645 861 1690 negato
878 1626 1041 1683 rurfiem]

384 1698 565 1748 Rursum,
598 1706 683 1733 non
710 1690 757 1731 ad
784 1690 1042 1743 negationem

382 1754 580 1809 pertinet,
613 1747 677 1789 sed
707 1748 755 1787 ad
774 1744 1043 1798 interrogatio·

385 1821 502 1851 nem:
533 1818 571 1846 vt
587 1806 649 1855 fit,
680 1802 802 1844 rursus
830 1804 1044 1852 interroga·

386 1876 464 1905 tus.
518 1862 671 1912 Rursus,
695 1872 808 1908 reti-0,
831 1859 872 1897 id
882 1857 945 1907 est,
957 1869 1046 1894 con-

386 1921 528 1961 trario:
553 1931 596 1958 ac
623 1930 694 1969 per
718 1916 790 1954 hoc
811 1913 1045 1952 contrarium

388 1974 650 2030 superioribus
668 1972 798 2011 dicito.
851 1971 901 2010 D.

445 2028 636 2083 Poffitmne
667 2028 771 2068 hodie
802 2039 849 2065 ex
877 2023 931 2078 te]
963 2021 1047 2075 (ad—

391 2086 455 2137 de,
477 2087 679 2137 exstulpere
695 2086 754 2135 Z.)
772 2085 858 2121 Hoc
874 2080 939 2126 est,
960 2091 1048 2130 pro·

390 2146 538 2185 ducere
571 2153 609 2181 et
644 2139 828 2179 formare:
868 2133 1048 2189 quemad-

387 2200 555 2243 modum
590 2196 732 2237 formas
766 2192 934 2234 reddunt
972 2191 1042 2240 ini,

389 2258 461 2312 qui
480 2251 706 2306 exsculpunt
724 2262 906 2306 gemmas⁸
947 2249 991 2288 E.

446 2316 576 2365 Lege,
602 2310 706 2350 Heus
734 2319 869 2362 negato
900 2301 1044 2354 rhrfics.

388 2369 573 2424 possumne
611 2366 719 2405 h6die
751 2377 817 2418 ego
851 2375 898 2400 ex
923 2373 959 2401 te
986 2372 1047 2398 ex-

379 2425 568 2479 ftz‘clpere.
629 2424 670 2461 13⁶

450 2484 503 2533 46
533 2481 623 2519 Non
635 2472 841 2530 poteststne
857 2470 953 2512 malo
974 2468 1048 2523 fit-

392 2540 477 2586 teri,
500 2530 621 2588 video]
654 2533 861 2584 Ampliatio
892 2541 931 2568 et
958 2529 1048 2567 dila-

391 2595 448 2635 tio
468 2590 698 2643 quaestionis
732 2596 961 2640 argumento
983 2584 1048 2631 est,

395 2649 498 2691 nihil
517 2642 732 2686 constitisse.
790 2642 913 2690 Adde,
944 2636 1048 2692 quod

392 2717 564 2763 poenam
573 2702 753 2750 minatur,
772 2713 856 2746 non
866 2708 1049 2751 tanquam

1656 871 1743 918 Pu.

1084 1017 1161 1057 iam
1177 1017 1338 1066 incerto,
1356 1013 1420 1056 sed
1430 1014 1520 1056 falso
1530 1014 1629 1057 testi.
1665 1015 1740 1055 De-

1086 1074 1182 1113 inde
1199 1071 1342 1125 ipsum,
1362 1074 1501 1122 fateri,
1525 1069 1743 1111 confidere·

1086 1141 1170 1168 mus
1200 1129 1314 1180 quale
1335 1127 1390 1168 fit.
1445 1132 1539 1169 Non
1569 1127 1621 1168 est
1639 1126 1743 1166 testis

1085 1183 1210 1231 fateri,
1241 1182 1390 1225 sedrei.
1446 1185 1522 1225 Hic
1538 1184 1676 1237 igitur,
1706 1193 1746 1222 vt

1087 1241 1131 1280 in
1159 1241 1269 1279 illum
1295 1240 1445 1291 culpam
1475 1239 1680 1279 transferat
1706 1252 1747 1278 v-

1088 1294 1289 1343 niuersam‚
1309 1297 1434 1346 fateri
1448 1294 1558 1342 dixit,
1582 1308 1663 1334 non
1681 1297 1746 1334 in-

1087 1353 1237 1391 dicare.-
1262 1361 1300 1390 vt
1317 1347 1397 1402 ipse
1415 1363 1526 1402 reus,
1557 1363 1637 1389 non
1656 1351 1747 1390 alie-

1088 1408 1131 1447 ni
1150 1406 1239 1447 faffi
1259 1405 1360 1445 testis
1373 1403 1450 1446 effe
1461 1406 1617 1446 dicatur.
1650 1406 1746 1446 Non

1086 1462 1200 1518 potest
1207 1462 1287 1515 stne
1295 1462 1415 1516 malo]
1433 1462 1551 1513 Quafi
1562 1475 1636 1501 nec
1645 1461 1746 1502 haec

1089 1519 1224 1568 fuerit,
1260 1531 1335 1558 nec
1364 1519 1433 1558 illa
1457 1517 1659 1567 confeffio,
1702 1520 1747 1558 in

1092 1575 1231 1628 quibus
1256 1575 1364 1615 nulla
1395 1576 1495 1628 (vlla
1516 1577 1579 1628 Z.)
1609 1575 1747 1615 veritas

1090 1632 1146 1673 fit.
1201 1635 1254 1673 D.

1146 1691 1193 1729 In
1223 1686 1355 1728 Bemb.
1382 1697 1425 1727 et
1450 1684 1588 1727 nostris
1617 1683 1750 1738 pleris-

1093 1757 1170 1796 que
1189 1745 1294 1783 refiie
1314 1743 1386 1793 est,
1420 1743 1600 1795 vidistine,
1635 1752 1675 1783 et
1693 1743 1751 1783 di-

1093 1802 1187 1850 ffie,
1214 1798 1311 1851 stne,
1337 1797 1513 1851 sequenti
1538 1796 1660 1838 versui
1685 1797 1752 1838 ad-

1093 1856 1287 1905 scribitur,
1321 1865 1361 1894 vt
1383 1856 1456 1895 lint
1472 1854 1678 1904 trochaici,
1707 1864 1749 1895 vt

1094 1912 1247 1951 caeteri.
1305 1912 1346 1949 B.

1149 1977 1203 2020 47
1241 1965 1393 2020 Sequere
1420 1962 1506 2021 hac]
1545 1963 1663 2017 Quafi
1699 1963 1750 2006 ad

1095 2032 1299 2063 tormenta.
1370 2023 1494 2062 Modo
1524 2024 1597 2068 ait,
1640 2022 1750 2061 modo

1095 2079 1227 2135 negat]
1264 2075 1389 2118 Testis
1418 2089 1484 2117 aut
1507 2078 1554 2117 ab
1578 2075 1752 2117 aduersa·

1095 2137 1152 2176 rio
1173 2136 1413 2174 conuincitur
1434 2133 1620 2173 falfitatis:
1651 2145 1750 2173 auta

1097 2190 1136 2232 se
1155 2188 1246 2243 ipso,
1265 2190 1292 2228 fi
1310 2191 1499 2230 vitiauerit
1519 2189 1629 2230 dicia.
1682 2193 1748 2230 Er·

1096 2262 1170 2303 go,
1201 2248 1328 2299 priora
1354 2249 1442 2297 quia
1468 2259 1550 2285 non
1585 2256 1748 2298 potuere

1096 2304 1299 2349 conuinci,
1334 2302 1382 2342 ab
1409 2301 1663 2342 inconstantia
1689 2312 1749 2340 te-

1094 2358 1156 2400 stis
1185 2358 1413 2411 praesidium
1437 2356 1669 2399 defenfionis
1689 2358 1748 2398 in-

1095 2416 1269 2469 quifitum
1288 2415 1352 2455 est.
1406 2418 1455 2455 D.

1796 165 1805 292 ἰ,

1810 1000 1815 1110 5

1811 1113 1815 1169 i

1811 1174 1815 1269 ἱ

1149 2472 1267 2511 Modo
1286 2474 1353 2517 ait,
1381 2470 1486 2511 modo
1509 2467 1639 2526 negat]
1670 2468 1746 2510 Pri·
1810 2514 1815 2521 ¹

1094 2524 1209 2568 scian.
1235 2527 1301 2566 lib.
1320 2541 1384 2568 xv.
1442 2531 1482 2569 L.

1150 2590 1200 2636 48
1243 2584 1322 2622 Ora
1357 2584 1429 2638 me]
1465 2585 1550 2622 Hoc
1583 2582 1746 2623 lentius:

1096 2650 1136 2684 'vt
1153 2636 1313 2700 fitcausa
1329 2654 1413 2689 non
1430 2637 1748 2750 saeuoendiffisssso.
