1815 3168
289 98 383 155 672

667 89 819 136 ACT.
854 87 927 133 IV.
962 86 1158 133 SCEN.
1193 87 1288 136 vn.

426 217 533 268 Cu.
574 219 691 281 Cape
712 217 798 263 hoc
820 225 1063 276 argentum,
1087 230 1133 262 ac
1156 212 1290 260 defer.
1327 209 1358 260 S
1374 231 1423 259 Υ.
1459 215 1514 275 ii,
1546 215 1653 279 quid

524 291 617 345 stas,
638 292 781 356 lapis?

427 370 551 425 Quin
584 368 774 432 accipis?
811 361 918 413 CH.
955 364 1062 412 cedo
1095 362 1206 410 sane.
1244 359 1331 421 ὃν.
1369 361 1545 427 sequere
1574 364 1655 412 hac

528 460 598 490 me
610 446 739 490 ocius
754 461 763 488 :

365 541 389 586 ς
433 526 512 569 Tu
537 520 607 565 hic
633 535 729 570 nos,
753 516 858 563 dum
882 516 1061 568 eximus
1086 517 1249 561 interea
1273 513 1558 578 opperibere:

430 601 550 644 Nam
580 594 690 640 nihil
711 590 783 645 est,
808 592 894 637 illic
913 590 1031 654 quod
1056 606 1281 636 moremur
1306 589 1483 636 diutius.

427 668 534 719 CH.
572 672 717 716 Minas
737 667 915 731 quidem
937 669 1022 713 iam
1046 665 1194 712 decem
1217 664 1346 710 habet
1368 681 1391 710 a
1412 681 1482 710 me
1503 661 1602 719 filia,

434 752 555 802 Quas
585 763 668 810 pro
687 743 899 790 alimentis
924 739 1006 788 esse
1026 758 1143 788 nunc
1167 740 1279 786 duco
1304 739 1416 786 datas
1436 759 1446 786 z

431 821 569 870 Hasce
593 821 859 867 ornamentis
887 817 1203 880 consequentur
1227 815 1398 862 alterae.

296 1026 408 1066 ieffio
430 1022 470 1060 in
489 1018 613 1072 primo
635 1017 765 1070 pofita'
783 1016 836 1058 est
856 1017 955 1056 loco.

296 1079 550 1123 Adiecliones
570 1087 682 1122 vero,
724 1085 790 1114 aut
813 1074 855 1112 in
885 1073 957 1125 pri-

298 1150 361 1176 ma
381 1145 490 1188 parte
508 1131 702 1181 orationis,
727 1139 790 1170 aut
811 1130 853 1168 in
875 1129 956 1168 vlti-

297 1206 361 1231 ma
416 1189 658 1229 adiiciuntur.
739 1187 814 1226 Hic
859 1198 954 1238 ergo

294 1250 464 1301 pleraque
482 1258 530 1283 ex
548 1243 782 1282 abundantia
794 1241 955 1293 politum

298 1303 364 1343 est.
423 1303 555 1341 Omnia
595 1296 808 1339 neceffario
846 1297 954 1337 addi-

298 1371 381 1399 tum
400 1359 440 1397 in
461 1358 605 1403 vltimo‚
626 1354 716 1396 ficut
732 1353 956 1403 interealoci‚

297 1413 464 1455 interibi.
518 1415 563 1453 C.

356 1471 459 1510 Dixi
500 1469 677 1521 pleraque
710 1466 849 1521 onmia]
891 1466 959 1506 Su-

300 1541 369 1581 pra
397 1525 563 1565 diximus
593 1525 635 1562 in
663 1522 811 1564 Andria
836 1523 959 1561 omnia

291 1582 513 1625 abundare,
533 1592 572 1619 et
585 1580 758 1634 pleraque
776 1577 960 1634 fignifica-

301 1641 453 1679 tionem
479 1634 583 1677 suam
616 1636 810 1689 propriam
839 1635 960 1674 conti-

301 1709 409 1737 nere.
464 1698 511 1736 E.

354 1819 377 1859 3
409 1806 521 1862 Qud
537 1804 644 1856 stas?
684 1802 832 1856 lapis!]
874 1805 960 1842 Hoc

300 1863 443 1911 dicium
474 1862 516 1901 in
550 1862 750 1913 ignauum.
804 1859 873 1898 llla
898 1871 961 1897 ve-

301 1933 356 1967 r0‚
378 1918 529 1966 caudex,
538 1917 662 1971 stipes,
683 1916 812 1967 asinus,
824 1913 962 1953 instul-

300 1987 394 2016 tum.
451 1975 496 2013 C.

356 2034 427 2070 Pro
451 2032 494 2074 ii,
513 2028 619 2079 quod
639 2027 692 2066 est
712 2028 753 2065 in
772 2025 903 2067 Bemb.
926 2040 962 2064 a·

300 2087 343 2128 lii
371 2085 521 2125 habent
546 2087 597 2133 ei,
633 2085 698 2123 alii
725 2083 794 2122 hei.
852 2087 962 2135 Lege

302 2156 391 2183 cum
413 2147 562 2184 Faerno
581 2144 608 2184 i.
667 2143 708 2180 Β.

357 2266 386 2305 4
417 2253 541 2309 Qin]
572 2255 655 2297 Pro,
674 2264 746 2291 cur
763 2263 847 2290 non.
882 2250 925 2290 C.
944 2293 955 2301 ,¹

329 2355 333 2359 Δ
359 2309 513 2363 Sequere
540 2308 610 2361 me]
640 2308 892 2358 Posteaquam
910 2320 964 2346 ar-

304 2378 465 2420 gentum
487 2365 662 2403 traditum
682 2364 747 2413 est,
778 2363 963 2410 contiuuo

304 2423 411 2462 hunc
437 2419 724 2461 adolescentem
752 2430 861 2458 vocat
895 2416 964 2457 scr-

303 2491 388 2521 uuS,
414 2491 465 2516 ne
485 2476 630 2528 aliquid
651 2487 714 2515 aut
733 2489 782 2514 ex
803 2475 962 2515 admira·

304 2535 422 2582 tione,
444 2545 505 2572 ant
519 2534 716 2571 locutione
737 2530 959 2582 suspicionis

305 2601 413 2642 pater
436 2591 544 2642 pollis
564 2590 748 2639 accipere.
806 2591 850 2628 E.

1599 899 1659 940 '10

1063 1026 1086 1066 5
1108 1013 1342 1066 Opperibere]
1364 1014 1579 1067 Antiquum
1592 1012 1657 1065 est,

1005 1069 1095 1110 ficut
1120 1069 1340 1123 experibere.
1398 1072 1445 1113 C.

1062 1129 1086 1169 6
1120 1128 1222 1165 Nam
1249 1124 1345 1164 nihil
1367 1125 1414 1177 est
1440 1125 1532 1180 illic]
1571 1127 1659 1166 Pul-

1004 1182 1097 1222 chre
1117 1182 1327 1229 adieclum,
1358 1192 1397 1221 vt
1412 1183 1573 1220 omnino
1593 1179 1661 1221 sus-

1006 1241 1108 1292 picio
1130 1239 1340 1284 tolleretur,
1373 1251 1455 1276 non
1474 1234 1550 1276 effe
1569 1239 1660 1276 ami-

1006 1309 1088 1335 cam
1102 1294 1363 1347 Clitiphonis:
1381 1293 1564 1345 fiquidem
1578 1306 1662 1335 non

1007 1352 1074 1392 diu
1095 1352 1174 1391 illic
1193 1360 1404 1390 moraturus
1426 1350 1491 1389 est.
1545 1353 1588 1389 E.

1046 1420 1087 1461 ’7
1116 1407 1248 1447 Minas
1269 1406 1431 1460 quidem]
1462 1395 1670 1446 inducitur

1008 1475 1125 1504 tenax
1146 1460 1278 1503 fenex‘
1295 1464 1392 1502 circa
1421 1474 1502 1501 rem
1530 1459 1663 1501 sollici·

1008 1532 1076 1569 tris,
1096 1521 1162 1572 qui
1182 1519 1426 1570 conqueritur
1444 1517 1494 1557 de
1504 1517 1658 1566 damno,

1009 1576 1114 1630 quod
1138 1576 1196 1614 illi
1227 1575 1412 1616 acciderat
1431 1573 1480 1614 de
1498 1574 1661 1614 inuenta
1720 1627 1722 1629 ‚

1007 1634 1096 1674 filia.
1150 1632 1196 1673 C.

1061 1688 1192 1728 Minas
1218 1687 1362 1741 quidem
1389 1685 1524 1741 decem]
1555 1688 1664 1728 Con-

1010 1744 1169 1787 suetudo
1197 1745 1314 1796 patris
1343 1741 1494 1795 semper
1521 1743 1594 1788 est,
1623 1738 1662 1782 rt

1009 1802 1059 1841 de
1078 1800 1228 1840 danmis
1245 1801 1401 1854 cogitet,
1421 1798 1563 1838 tametsi
1576 1797 1662 1840 filiis

1012 1859 1088 1898 det.
1146 1860 1190 1898 E.

1068 1919 1089 1961 8
1120 1913 1195 1951 Pro
1225 1910 1423 1963 alimentis]
1454 1911 1553 1949 Nam
1581 1923 1663 1949 cre·

1011 1968 1163 2008 diderat
1190 1981 1304 2006 anum
1335 1966 1442 2004 illam
1470 1966 1661 2020 oppigne-

1010 2022 1104 2065 rasse
1124 2023 1241 2062 filiam
1262 2020 1447 2064 Bacchidi.
1504 2024 1549 2062 C.
1626 2070 1627 2073 Ἴ

1064 2081 1167 2135 Quis
1187 2091 1261 2131 pro
1283 2077 1542 2131 hortamentis]
1576 2080 1664 2117 Hoc

1013 2136 1086 2184 est,
1119 2135 1376 2175 nutrimentis.
1433 2134 1663 2174 Hortatores

1013 2194 1120 2232 enim
1138 2192 1334 2238 dicuntur,
1371 2191 1435 2240 qui
1453 2185 1663 2240 equosnu·

1013 2251 1144 2300 triunt.
1181 2247 1389 2297 .Denique
1426 2246 1504 2284 alia·
1532 2246 1663 2285 horta-

1012 2308 1162 2353 mentis,
1191 2303 1264 2342 alia
1290 2304 1516 2341 orninmn‘zis
1533 2310 1663 2340 'contu-

1013 2363 1067 2401 lit.
1100 2359 1163 2401 'E.
1339 2375 1342 2380 ·

1068 2430 1094 2471 9
1138 2414 1305 2470 Alterae]
1358 2412 1402 2454 Id
1449 2411 1501 2462 est
1521 2423 1548 2463 ,’
1577 2415 1663 2453 toti-

1011 2473 1102 2512 dem.
1161 2473 1205 2512 C.
1444 2475 1449 2478 ”

1062 2529 1177 2569 Rene
1197 2525 1384 2568 Chremes
1404 2527 1591 2578 opinatur,
1613 2525 1663 2564 al-

1012 2597 1108 2625 teras
1136 2584 1272 2625 decem
1299 2585 1421 2629 minas
1451 2596 1524 2634 pio
1551 2583 1663 2620 otiss-

1552 2652 1664 2676 men-

1812 2982 1815 2987 .
1800 2663 1815 2969 *⁵24⁴Qs.-m
1808 2572 1815 2652 ——ssia
1791 2146 1815 2562 a—a'h'A-—a—..unn-nm-Au-ae—--
1804 2094 1810 2136 *a-
1803 2057 1809 2064 a
1803 2034 1808 2046 κ
1814 1997 1815 2005 ᾼ
