1815 3168
275 47 371 100 708

694 50 854 99 ACT.
883 54 939 100 V.
972 54 1167 103 SCEN.
1196 59 1251 105 V.

419 172 555 226 Quod
568 189 651 233 ego
673 175 793 225 hunc
806 196 995 244 aequom
1007 183 1172 233 censeo.
1212 180 1259 232 C
1272 197 1319 235 L.
1350 197 1489 252 pater,
1504 189 1654 237 omnia

516 248 667 296 faciam
681 272 689 298 :
729 256 911 319 impera.

419 319 523 371 CH.
567 329 758 375 onrem
791 343 837 377 vt
867 331 1012 380 ducas.
1061 330 1166 382 CL.
1216 346 1356 402 pater.
1395 334 1506 385 CH.
1543 339 1655 387 nihil

519 401 663 448 audio.
708 404 820 452 ME.
856 408 908 453 ad
932 425 1004 455 me
1027 412 1220 475 recipio;

419 476 580 524 Faciet.
615 474 720 526 CH,
752 482 817 528 nil
855 485 984 531 etiam
1017 486 1147 533 audio
1183 487 1342 554 ipsum.
1376 483 1480 536 CL·
1525 493 1655 556 perii.

522 549 615 600 So.
651 572 704 602 an
726 555 922 613 dubitas,
957 560 1184 625 Clitipho?

421 621 530 674 CH.
568 634 728 685 Immo,
749 645 897 681 vtrum
916 635 1022 684 volt.
1059 634 1171 684 ΜΕ.
1210 638 1338 687 faciet
1369 642 1531 689 omnia.
1568 640 1657 691 SY.

520 705 625 753 haec
650 707 756 755 dum
779 712 974 776 incipiaS,
1000 714 1148 774 grauia
1170 714 1281 768 sunt,

311 792 391 842 ις
425 783 637 845 Dumque
667 786 868 844 ign-ores:
904 786 979 835 vbi
1004 791 1422 851 cognori3,.facilia.
1459 789 1558 842 CL.
1598 794 1657 842 fa-

519 859 629 903 ciam
641 895 655 910 ,
691 872 829 924 pater.

421 926 519 977 So'.
560 935 704 981 Gnate
733 938 816 989 mi,
849 953 934 998 ego
953 938 1032 1003 pol
1057 939 1136 987 tibi
1167 941 1279 991 dabo
1301 937 1422 993 illam
1451 944 1658 1010 lepidam,

520 1023 651 1070 quam
674 1023 723 1057 tu
744 1011 867 1059 facile
893 1030 1025 1068 ameS,

420 1079 578 1130 Filiam
609 1087 904 1136 Phanocratae
939 1088 1092 1137 nostri.
1146 1088 1259 1140 CL.
1301 1094 1504 1142 rufamne
1541 1097 1659 1151 illam

522 1162 754 1221 virginem,

422 1233 625 1293 Caefiam,
637 1235 776 1305 sparso
789 1257 880 1298 ore,
892 1240 1064 1292 adunco
1076 1243 1178 1293 naso
1189 1242 1209 1291 ?
1219 1262 1311 1293 non
1322 1243 1511 1312 pofl‘um,
1522 1259 1662 1316 pater.

343 1446 394 1476 12
424 1436 562 1493 Pater]
581 1442 750 1481 Tantum
765 1441 859 1483 dicit
870 1442 951 1484 hoc

288 1491 462 1542 verbum,
484 1508 564 1534 non
586 1496 708 1537 statim
728 1500 866 1543 volens
888 1500 950 1540 da-

288 1550 332 1586 re
363 1547 606 1602 responsum,
642 1558 952 1608 tanquamjprius

289 1606 582 1647 deliberaturus.

280 1660 460 1715 >,Auerfus
474 1675 512 1702 et
525 1665 747 1721 indignatus
758 1668 952 1713 Chremes

290 1715 389 1756 haec
435 1719 544 1760 dixit.
602 1724 662 1762 Ad
705 1738 760 1764 me
795 1726 950 1781 recipio]

287 1775 376 1813 Hoc
421 1776 580 1818 dicendi
616 1793 769 1833 genere
803 1779 952 1835 saepius

292 1830 423 1870 Cicero
454 1834 569 1873 vritur
594 1835 636 1874 in
664 1834 739 1876 suis
759 1839 952 1890 Epistolis‚

288 1897 331 1926 et
361 1890 573 1940 praecipue
612 1895 952 1938 commendatitiis.

289 1943 497 1986 Interdum
514 1944 675 1989 sumitur
691 1963 763 2003 pro
787 1952 953 1993 Promit-

288 2011 378 2053 ¹tere.
437 2003 482 2045 C.
701 2009 703 2011 ’

343 2056 408 2096 Ad
429 2072 484 2096 me
509 2061 671 2115 recipio]
702 2061 746 2101 ld
769 2062 844 2110 est,
874 2077 952 2118 ego

286 2109 390 2153 facio
419 2113 601 2170 (faciam)
634 2129 671 2158 vt
698 2117 761 2159 hic
787 2123 950 2173 promit-

290 2179 355 2209 tat.
413 2174 455 2212 E.

351 2237 400 2280 14
437 2228 562 2277 Immo,
583 2242 712 2270 vtrum
731 2231 828 2287 volt]
854 2236 951 2276 Per-

287 2283 413 2322 miffio
432 2286 549 2336 patris
567 2287 726 2327 ironica.
787 2290 835 2330 C.

347 2340 447 2379 Haec
464 2342 548 2381 dum
568 2343 745 2398 incipias]
776 2347 822 2385 111
836 2358 952 2391 exor-

290 2394 357 2434 dio
385 2394 534 2438 habent
553 2398 649 2439 haec
681 2397 833 2453 semper
856 2401 951 2441 diffi-

289 2452 488 2501 cultatem,
520 2454 581 2494 vbi
606 2454 803 2510 aggi-effus
819 2456 950 2508 fueris,

288 2506 419 2550 facilia
444 2509 554 2550 fiunt.
608 2515 651 2552 E.

340 2564 447 2607 Dum
485 2570 639 2622 incipias
669 2571 837 2628 grauia]
883 2574 950 2627 La·

659 1610 776 1651 Nihil
818 1613 952 1668 audio]
985 1658 988 1660 ,

1561 1328 1686 1392 CH.v

1001 1447 1118 1488 etant.
1145 1446 1213 1487 lib.
1237 1449 1274 1490 6.
1301 1461 1383 1500 cap.
1401 1461 1467 1502 23.
1527 1449 1664 1489 Omnia

999 1507 1138 1560 grauia
1145 1504 1254 1555 fimt,
1288 1506 1372 1544 dum
1389 1510 1567 1561 ignoras.-
1596 1505 1663 1546 vbi

1003 1573 1229 1616 cognouerts,
1240 1560 1394 1614 facilia.
1450 1565 1492 1603 L.
1631 1592 1636 1598 -

1060 1619 1111 1660 16
1140 1618 1222 1672 Ego
1241 1616 1313 1657 tibi
1329 1617 1447 1673 illam]
1479 1619 1554 1659 Hic
1579 1619 1663 1659 illu-

1003 1672 1081 1726 dit?
1119 1683 1158 1712 vt
1182 1674 1273 1713 ioco
1303 1673 1451 1714 tristitia
1477 1673 1660 1723 soluatur,

1004 1741 1090 1770 cum
1110 1731 1298 1781 promittit
1316 1729 1434 1770 filiam
1456 1730 1585 1772 nescio
1601 1745 1666 1772 cu-

1003 1786 1075 1831 ius,
1096 1786 1308 1826 admodum
1334 1786 1505 1827 foedam.
1563 1791 1606 1828 E.

1058 1846 1132 1882 Pro
1165 1842 1285 1892 illam,
1324 1843 1442 1884 nostri
1472 1841 1665 1884 mendose

1002 1898 1176 1940 Puellam.
1233 1902 1275 1941 B.

1000 1999 1008 2001 ξ
1061 1967 1110 2008 17
1137 1955 1298 2010 Rufhm]
1325 1955 1452 2007 Rufits
1484 1957 1591 1996 color
1624 1967 1665 1996 et

1003 2009 1118 2051 ruber
1140 2011 1246 2051 idem
1265 2009 1331 2052 est.
1388 2017 1454 2054 De
1477 2014 1576 2053 Rufo
1603 2025 1664 2053 co-

1003 2069 1088 2108 lore
1107 2072 1162 2121 Α..
1179 2068 1330 2119 Gellius
1341 2069 1383 2108 in
1402 2066 1572 2120 secundo
1581 2072 1664 2109 No-

1003 2125 1119 2164 &ium
1160 2125 1374 2166 Atticarum
1419 2128 1524 2178 (cap.
1573 2127 1662 2178 26.)

999 2181 1121 2222 multa
1143 2179 1258 2220 verba
1277 2179 1382 2221 facit.
1439 2183 1486 2223 C.

1055 2236 1162 2278 Illam
1197 2237 1402 2295 virginem]
1445 2234 1497 2280 V.‘
1533 2238 1581 2281 C.
1619 2237 1663 2279 il-

1000 2294 1074 2336 lam
1092 2295 1260 2346 puellam.
1318 2297 1359 2336 L.

1062 2357 1108 2399 18
1143 2349 1320 2404 Caesiam]
1360 2349 1484 2390 Idem.
1510 2351 1662 2393 Gellius

1002 2406 1193 2458 (ibidem)
1207 2424 1210 2427 ·
1223 2407 1372 2459 inquit:
1408 2407 1562 2462 Nostris
1600 2421 1661 2448 au-

1001 2476 1075 2503 tem
1098 2463 1246 2502 Latinis
1265 2461 1446 2503 veteribus
1475 2464 1590 2514 mestit
1607 2465 1663 2510 di-

1002 2520 1057 2559 &a
1078 2518 1147 2569 cst,
1174 2532 1264 2572 quae
1281 2535 1301 2558 a
1327 2519 1478 2559 Graecis
1504 2524 1661 2567 γλαυκῶ-

1000 2592 1054 2622 πις
1071 2577 1229 2628 dicitur,
1255 2589 1297 2618 vt
1315 2577 1495 2634 Nigidius
1514 2580 1570 2616 ait
1581 2607 1601 2674 ,l
1618 2578 1662 2616 de

1543 2646 1581 2672 co
1601 2648 1663 2674 ore
