1815 3168
612 173 902 219 ANDRIA.

203 296 315 346 ΜΥ.
351 296 469 352 Quid
496 296 605 344 illud
627 297 718 344 est?

1364 178 1428 236 69

755 297 791 345 P
803 311 835 344 A
850 312 902 344 Μ.
925 299 1041 362 proh
1065 298 1334 363 dequtq11e
1344 301 1425 349 ho-

299 376 471 419 minum
492 370 651 420 fidem!
679 372 786 437 quid
809 372 882 426 est,
903 371 934 419 fi
958 390 1050 421 non
1074 373 1180 420 haec
1201 386 1423 423 contume-

296 447 400 493 lia³st
411 449 431 496 ἵ

198 524 391 569 onrem
438 522 630 570 decrerat
671 522 772 569 dare
813 522 894 570 sese
929 522 1040 569 mihi
1068 522 1222 570 hodie:
1268 540 1421 572 nonne

295 600 493 660 oportuit

194 669 416 719 Praescisse
443 689 514 718 me
546 674 678 720 ante?
714 689 865 720 nonne
895 674 1019 738 prius
1049 676 1418 724 communicatum

294 765 351 812 op
358 750 491 794 ortuit
501 749 522 793 P

110 978 138 1009 2
168 966 280 1024 ‚Qn'd
303 963 496 1018 est‚finon
514 965 602 1021 hoc]
648 967 712 1007 Sic

58 1021 220 1062 dicimus
247 1022 296 1062 de
321 1022 400 1071 his,
431 1036 530 1074 quae
547 1020 712 1063 necessa-

55 1078 113 1117 rio
131 1077 203 1117 hoc
222 1076 316 1125 sunt,
334 1079 436 1129 quod
457 1078 627 1118 dicimus.
667 1078 711 1118 Si

56 1147 130 1173 non
154 1132 236 1184 hoc]
283 1134 364 1172 Hoc
396 1147 482 1173 cum
513 1133 707 1174 stomacho

55 1190 218 1238 diuum,
247 1189 348 1240 quasi
369 1190 497 1242 aliquo
524 1191 710 1232 contradi·

55 1255 180 1293 cente,
213 1259 296 1284 non
313 1243 400 1297 ¹effe
418 1247 704 1286 contumeliam.

56 1302 215 1349 Cicero,
245 1302 380 1353 (Verr.
403 1315 434 1346 1,
469 1303 550 1353 10.)
606 1301 723 1357 Qid.

57 1356 105 1406 est
139 1355 290 1408 quaglb,
329 1356 494 1405 Metelle,
531 1359 711 1397 iud1'cium

60 1422 298 1462 corrumpere,
305 1409 349 1460 st
362 1411 428 1449 hoc
448 1412 606 1462 nonest?
633 1416 679 1453 D.

111 1467 208 1507 Illud
229 1480 337 1520 atque
357 1466 543 1506 hominum
569 1482 591 1506 a
608 1468 710 1507 codi-

56 1535 102 1562 ce
121 1523 326 1574 primariae
343 1533 460 1561 notae
477 1522 600 1572 abest,
631 1537 707 1562 nec

54 1580 96 1618 in
117 1577 227 1618 codd.
246 1579 328 1617 aliis
348 1589 494 1617 certum
511 1577 628 1617 habet
654 1580 708 1618 lo-

54 1648 153 1674 cum.
208 1634 309 1674 Dele
328 1634 456 1686 igitur,
485 1632 707 1685 praesertim

54 1702 140 1730 cum
155 1691 206 1729 ita
223 1690 263 1728 in
282 1686 388 1728 versu
409 1701 458 1736 11,
489 1690 630 1730 oriatur
652 1692 707 1728 in-

50 1755 303 1785 crementum.
357 1747 473 1784 Porro
501 1744 568 1783 hoc
589 1744 706 1784 habet

51 1801 137 1841 cod.
158 1800 329 1853 Collegii
348 1801 531 1851 Corporis
551 1800 640 1851 Xsti‚
664 1810 705 1840 et

51 1860 238 1898 Donatus.
269 1856 396 1896 Reiie.
456 1859 497 1896 B.

106 1925 129 1967 3
161 1914 320 1952 onrem
345 1911 524 1965 decrerat]
572 1911 704 1952 Decer-

49 1981 146 2016 nere‚
167 1968 220 2007 est
238 1968 289 2007 de
308 1968 457 2021 magnis
470 1977 610 2007 certam
622 1980 707 2018 pro-

47 2023 150 2065 ferre
173 2022 412 2064 sententiam.
465 2025 628 2064 onrem
647 2024 705 2077 de?

49 2084 182 2132 crerat]
212 2077 420 2132 Propofitio
438 2079 615 2119 iniuriae.
652 2083 702 2120 D.

105 2137 268 2176 onrem
294 2135 503 2175 decreuerat
532 2135 578 2186 se
609 2135 702 2174 mihi

50 2192 142 2231 dare
163 2191 287 2242 hodie]
324 2194 369 2231 In
390 2190 463 2230 hoc
481 2189 701 2232 adolescens

50 2247 206 2286 collocat
223 2248 400 2286 iniuriam
416 2277 426 2296 ,
456 2247 561 2299 quod
594 2258 703 2299 pater

1226 842 1251 888 5
1294 826 1416 870 MY.

761 963 899 1007 uenire
928 965 1104 1019 potuisse.
1133 967 1228 1010 Ideo
1251 967 1413 1007 adiecit:

744 1022 895 1063 *Nonne
915 1027 1079 1076 oportuit
1093 1024 1280 1076 pracfitffi}
1303 1038 1355 1062 me
1369 1023 1411 1077 ἲ]

757 1080 953 1132 Tangitur
981 1091 1020 1118 et
1044 1079 1158 1129 illud,
1186 1094 1234 1119 an
1263 1091 1415 1132 patrum

758 1135 928 1187 imperiis
949 1133 1111 1188 obsequi
1144 1135 1214 1174 filii
1232 1135 1414 1174 debeant.

759 1191 920 1232 Constat
935 1192 1042 1231 enim
1061 1192 1160 1230 circa
1171 1193 1324 1243 nuptias
1337 1187 1414 1229 effe

757 1245 846 1285 filiis
868 1246 1026 1298 liberam
1040 1248 1301 1295 voluntatem3
1323 1246 1414 1285 ideo

757 1299 905 1342 seruata
933 1304 1085 1342 ratione
1104 1304 1275 1355 pietatis,
1311 1315 1414 1341 com-

757 1358 992 1397 municatum
1014 1361 1194 1411 oportuit.
1239 1358 1315 1399 Sed
1327 1370 1414 1396 cum

758 1413 1032 1453 animaduertit
1050 1425 1198 1465 patrem
1207 1426 1362 1466 cogere,
1374 1423 1415 1452 vt

758 1466 840 1518 ipse
868 1467 980 1507 ducat
1008 1478 1184 1516 sutorem,
1224 1466 1347 1509 crcdst
1375 1477 1414 1507 et

758 1522 1008 1563 Chremetem
1039 1522 1199 1565 mutaffe
1230 1522 1416 1564 sententi-

757 1592 829 1617 am.
886 1581 929 1619 E.

810 1634 1013 1683 Deo-rem,
1063 1637 1216 1675 πᾶσι-ε
1251 1637 1412 1684 Faerno,

753 1688 870 1729 habe-t
879 1689 976 1728 liber
985 1691 1221 1730 Vfflon'anus
1232 1702 1242 1736 3
1254 1691 1317 1729 alii
1329 1689 1413 1729 fere

754 1757 900 1793 omnes,
920 1756 959 1783 et
974 1748 1161 1795 Donatus,
1179 1746 1387 1785 decreuerat
1398 1759 1414 1788 ,-

752 1800 962 1852 paucissimi
998 1801 1105 1853 iique
1150 1800 1409 1848 recentiffimi,

751 1857 925 1896 decreuit.
979 1856 1070 1896 Duo
1097 1868 1245 1897 tantum
1273 1870 1321 1896 ex
1345 1870 1412 1896 no-

752 1911 829 1951 stris
859 1912 1020 1952 decreuit
1028 1927 1043 1956 ,·
1071 1914 1137 1954 alii
1165 1925 1310 1967 magno
1342 1926 1412 1953 nu·

751 1980 860 2008 mero
882 1968 1058 2009 decrerat.
1115 1972 1157 2010 Β.

803 2036 832 2077 4
868 2024 1006 2064 Nonne
1036 2027 1202 2078 oportuit
1225 2024 1412 2077 praefiiffi’

752 2094 806 2119 me
825 2079 923 2126 ante]
968 2080 1158 2134 Oportuit‚
1189 2078 1260 2121 scil.
1280 2081 1329 2120 ad
1346 2095 1411 2133 pa-

751 2146 849 2176 trem
871 2135 1000 2176 refert.
1041 2139 1139 2177 Nam
1158 2150 1231 2176 nec
1247 2136 1296 2175 fic
1317 2150 1411 2176 con-

751 2190 933 2232 sentirem
969 2191 1014 2230 ad
1043 2193 1214 2244 nuptias,
1252 2190 1319 2232 sed
1349 2191 1411 2233 sac

751 2261 817 2287 me
835 2248 947 2298 velle,
975 2249 1109 2288 Nonne
1126 2251 1289 2301 oportuit
1302 2260 1412 2300 prae-

49 2301 118 2342 fibi
135 2304 282 2352 nuptias
302 2303 466 2353 repente
494 2303 703 2344 mandaue·
741 2302 846 2356 fiiſj}
873 2318 928 2342 me
956 2308 1093 2349 ante?]
1133 2305 1253 2345 Dolet
1281 2314 1411 2344 autem

51 2358 108 2398 rit.
162 2361 247 2399 Non
267 2358 370 2410 quod
392 2359 542 2398 nubere
563 2360 705 2399 iniuria

55 2412 111 2460 fit,
129 2426 355 2465 quamquam
391 2413 468 2454 effe
502 2414 703 2456 videatur:

54 2481 184 2507 verum
201 2469 401 2523 intelligit,
437 2469 463 2509 fi
490 2481 581 2510 ante
599 2485 707 2510 man-

53 2520 174 2563 dasset
190 2534 305 2575 pater,
327 2526 522 2566 confilium
545 2524 583 2567 se
592 2525 705 2567 facile

51 2576 250 2620 aduersum
275 2581 479 2637 imperium
500 2583 614 2636 patris
642 2584 702 2625 in·

753 2357 792 2400 se
813 2356 979 2413 spacium
997 2373 1079 2398 non
1103 2357 1276 2399 habuiffe
1294 2359 1413 2399 confi-

753 2416 820 2454 lio.
877 2419 926 2456 Et
943 2428 1028 2454 ante
1046 2415 1229 2464 abundat,
1251 2426 1316 2455 aut
1334 2428 1410 2455 cer-

754 2482 793 2510 te
828 2482 935 2522 prae,
983 2484 1070 2511 cum
1104 2469 1264 2511 sufficiat
1289 2471 1408 2524 sctffi’.

753 2528 897 2573 Nonne
918 2529 1026 2578 prius
1059 2525 1258 2581 confiaeltum
1296 2540 1410 2580 opor-

754 2584 846 2636 tuit]
878 2585 1007 2634 Quam
1024 2582 1073 2625 de
1088 2582 1285 2625 stomacho
1301 2596 1410 2634 repe-

1297 2641 1410 2680 titum
