<?xml version="1.0" encoding="UTF-8"?>
<!DOCTYPE html PUBLIC "-//W3C//DTD XHTML 1.0 Transitional//EN"
    "http://www.w3.org/TR/xhtml1/DTD/xhtml1-transitional.dtd">
<html xmlns="http://www.w3.org/1999/xhtml" xml:lang="en" lang="en">
 <head>
  <title>
</title>
<meta http-equiv="Content-Type" content="text/html;charset=utf-8" />
  <meta name='ocr-system' content='tesseract 3.04.00' />
  <meta name='ocr-capabilities' content='ocr_page ocr_carea ocr_par ocr_line ocrx_word'/>
</head>
<body>
  <div class='ocr_page' id='page_1' title='image "./comoediaesexexre01tereuoft_0371.png"; bbox 0 0 1815 3168; ppageno 0'>
   <div class='ocr_carea' id='block_1_1' title="bbox 624 129 1039 178">
    <p class='ocr_par' dir='ltr' id='par_1_1' title="bbox 624 129 1039 178">
     <span class='ocr_line' id='line_1_1' title="bbox 624 129 1039 178; baseline 0.007 -3"><span class='ocrx_word' id='word_1_1' title='bbox 624 129 1039 178; x_wconf 86' lang='lat' dir='ltr'>EVNVCHVS.</span> 
     </span>
    </p>
   </div>
   <div class='ocr_carea' id='block_1_2' title="bbox 1418 156 1512 206">
    <p class='ocr_par' dir='ltr' id='par_1_2' title="bbox 1418 156 1512 206">
     <span class='ocr_line' id='line_1_2' title="bbox 1418 156 1512 206; baseline 0.021 -2"><span class='ocrx_word' id='word_1_2' title='bbox 1418 156 1512 206; x_wconf 83' lang='lat'><strong>275</strong></span> 
     </span>
    </p>
   </div>
   <div class='ocr_carea' id='block_1_3' title="bbox 176 246 1500 629">
    <p class='ocr_par' dir='ltr' id='par_1_3' title="bbox 269 246 1430 328">
     <span class='ocr_line' id='line_1_3' title="bbox 269 246 1430 328; baseline 0.009 -23"><span class='ocrx_word' id='word_1_3' title='bbox 269 260 430 322; x_wconf 84' lang='lat' dir='ltr'>Atque,</span> <span class='ocrx_word' id='word_1_4' title='bbox 447 248 532 305; x_wconf 62' lang='lat' dir='ltr'><strong>vbi¹</strong></span> <span class='ocrx_word' id='word_1_5' title='bbox 539 257 629 321; x_wconf 84' lang='lat' dir='ltr'>pati</span> <span class='ocrx_word' id='word_1_6' title='bbox 651 273 743 304; x_wconf 93' lang='lat' dir='ltr'><strong>non</strong></span> <span class='ocrx_word' id='word_1_7' title='bbox 762 246 943 321; x_wconf 79' lang='lat' dir='ltr'><strong>poteris,</strong></span> <span class='ocrx_word' id='word_1_8' title='bbox 970 274 1070 304; x_wconf 89' lang='lat' dir='ltr'><strong>cum</strong></span> <span class='ocrx_word' id='word_1_9' title='bbox 1090 274 1223 307; x_wconf 85' lang='lat' dir='ltr'><strong>nemo</strong></span> <span class='ocrx_word' id='word_1_10' title='bbox 1245 277 1430 328; x_wconf 78' lang='lat' dir='ltr'><strong>expetet,</strong></span> 
     </span>
    </p>

    <p class='ocr_par' dir='ltr' id='par_1_4' title="bbox 265 331 1298 397">
     <span class='ocr_line' id='line_1_4' title="bbox 265 331 1298 397; baseline 0.003 -17"><span class='ocrx_word' id='word_1_11' title='bbox 265 331 432 380; x_wconf 54' lang='lat' dir='ltr'><strong>In&#39;feffm</strong></span> <span class='ocrx_word' id='word_1_12' title='bbox 451 349 569 397; x_wconf 81' lang='lat' dir='ltr'><strong>pace,</strong></span> <span class='ocrx_word' id='word_1_13' title='bbox 590 332 703 379; x_wconf 84' lang='lat' dir='ltr'>vltro</span> <span class='ocrx_word' id='word_1_14' title='bbox 726 333 779 378; x_wconf 83' lang='lat' dir='ltr'><strong>ad</strong></span> <span class='ocrx_word' id='word_1_15' title='bbox 801 348 894 379; x_wconf 88' lang='lat' dir='ltr'><strong>eam</strong></span> <span class='ocrx_word' id='word_1_16' title='bbox 917 336 1078 386; x_wconf 85' lang='lat' dir='ltr'><strong>venies,</strong></span> <span class='ocrx_word' id='word_1_17' title='bbox 1103 336 1298 384; x_wconf 79' lang='lat' dir='ltr'><strong>indicans</strong></span> 
     </span>
    </p>

    <p class='ocr_par' dir='ltr' id='par_1_5' title="bbox 176 405 1418 535">
     <span class='ocr_line' id='line_1_5' title="bbox 267 405 1418 472; baseline 0.004 -17"><span class='ocrx_word' id='word_1_18' title='bbox 267 413 341 456; x_wconf 89' lang='lat' dir='ltr'><strong>Te</strong></span> <span class='ocrx_word' id='word_1_19' title='bbox 361 424 517 460; x_wconf 85' lang='lat' dir='ltr'><strong>amare,</strong></span> <span class='ocrx_word' id='word_1_20' title='bbox 541 417 583 455; x_wconf 86' lang='lat' dir='ltr'><strong>et</strong></span> <span class='ocrx_word' id='word_1_21' title='bbox 602 408 717 457; x_wconf 81' lang='lat' dir='ltr'><strong>ferre</strong></span> <span class='ocrx_word' id='word_1_22' title='bbox 736 424 827 454; x_wconf 89' lang='lat' dir='ltr'><strong>non</strong></span> <span class='ocrx_word' id='word_1_23' title='bbox 846 405 991 472; x_wconf 74' lang='lat' dir='ltr'><strong>posse:</strong></span> <span class='ocrx_word' id='word_1_24' title='bbox 1025 406 1236 458; x_wconf 61' lang='lat' dir='ltr'>ass‘tum&#39;st.</span> <span class='ocrx_word' id='word_1_25' title='bbox 1270 413 1418 465; x_wconf 74' lang='lat' dir='ltr'><strong>illicet.</strong></span> 
     </span>
     <span class='ocr_line' id='line_1_6' title="bbox 176 480 1189 535; baseline -0.002 -3"><span class='ocrx_word' id='word_1_26' title='bbox 176 490 240 532; x_wconf 73' lang='lat'><strong>1‘0</strong></span> <span class='ocrx_word' id='word_1_27' title='bbox 267 482 430 533; x_wconf 80' lang='lat' dir='ltr'><strong>Peristi.</strong></span> <span class='ocrx_word' id='word_1_28' title='bbox 470 482 629 535; x_wconf 84' lang='lat' dir='ltr'><strong>eludet,</strong></span> <span class='ocrx_word' id='word_1_29' title='bbox 651 482 724 530; x_wconf 81' lang='lat' dir='ltr'><strong>vbi</strong></span> <span class='ocrx_word' id='word_1_30' title='bbox 742 493 785 530; x_wconf 87' lang='lat' dir='ltr'><strong>te</strong></span> <span class='ocrx_word' id='word_1_31' title='bbox 809 480 977 530; x_wconf 72' lang='lat' dir='ltr'>viE&#39;tum</span> <span class='ocrx_word' id='word_1_32' title='bbox 1006 483 1189 533; x_wconf 86' lang='lat' dir='ltr'><strong>senserit.</strong></span> 
     </span>
    </p>

    <p class='ocr_par' dir='ltr' id='par_1_6' title="bbox 262 555 1500 629">
     <span class='ocr_line' id='line_1_7' title="bbox 262 555 1500 629; baseline 0.008 -22"><span class='ocrx_word' id='word_1_33' title='bbox 262 560 361 610; x_wconf 79' lang='lat' dir='ltr'><strong>PH.</strong></span> <span class='ocrx_word' id='word_1_34' title='bbox 399 560 532 606; x_wconf 81' lang='lat' dir='ltr'>Proin</span> <span class='ocrx_word' id='word_1_35' title='bbox 554 568 617 611; x_wconf 88' lang='lat' dir='ltr'><strong>tu,</strong></span> <span class='ocrx_word' id='word_1_36' title='bbox 642 557 747 604; x_wconf 87' lang='lat' dir='ltr'><strong>dum</strong></span> <span class='ocrx_word' id='word_1_37' title='bbox 769 555 829 604; x_wconf 90' lang='lat' dir='ltr'><strong>est</strong></span> <span class='ocrx_word' id='word_1_38' title='bbox 848 567 1038 624; x_wconf 86' lang='lat' dir='ltr'><strong>tempus,</strong></span> <span class='ocrx_word' id='word_1_39' title='bbox 1073 562 1201 608; x_wconf 88' lang='lat' dir='ltr'><strong>etiam</strong></span> <span class='ocrx_word' id='word_1_40' title='bbox 1220 573 1349 629; x_wconf 80' lang='lat' dir='ltr'><strong>atque</strong></span> <span class='ocrx_word' id='word_1_41' title='bbox 1371 571 1500 621; x_wconf 83' lang='lat' dir='ltr'><strong>etiam</strong></span> 
     </span>
    </p>
   </div>
   <div class='ocr_carea' id='block_1_4' title="bbox 358 635 516 694">
    <p class='ocr_par' dir='ltr' id='par_1_7' title="bbox 358 635 516 694">
     <span class='ocr_line' id='line_1_8' title="bbox 358 635 516 694; baseline -0.006 -14"><span class='ocrx_word' id='word_1_42' title='bbox 358 635 516 694; x_wconf 82' lang='lat' dir='ltr'><strong>cogita.</strong></span> 
     </span>
    </p>
   </div>
   <div class='ocr_carea' id='block_1_5' title="bbox 258 709 1502 779">
    <p class='ocr_par' dir='ltr' id='par_1_8' title="bbox 258 709 1502 779">
     <span class='ocr_line' id='line_1_9' title="bbox 258 709 1502 779; baseline 0.012 -25"><span class='ocrx_word' id='word_1_43' title='bbox 258 709 299 764; x_wconf 89' lang='lat' dir='ltr'>P</span> <span class='ocrx_word' id='word_1_44' title='bbox 316 722 348 755; x_wconf 80' lang='lat' dir='ltr'>A</span> <span class='ocrx_word' id='word_1_45' title='bbox 367 726 416 754; x_wconf 82' lang='lat' dir='ltr'><strong>R.</strong></span> <span class='ocrx_word' id='word_1_46' title='bbox 449 713 596 762; x_wconf 88' lang='lat' dir='ltr'><strong>Here,</strong></span> <span class='ocrx_word' id='word_1_47' title='bbox 636 724 747 774; x_wconf 84' lang='lat' dir='ltr'><strong>quae</strong></span> <span class='ocrx_word' id='word_1_48' title='bbox 774 724 845 760; x_wconf 85' lang='lat' dir='ltr'><strong>res</strong></span> <span class='ocrx_word' id='word_1_49' title='bbox 867 711 915 759; x_wconf 85' lang='lat' dir='ltr'><strong>in</strong></span> <span class='ocrx_word' id='word_1_50' title='bbox 932 709 972 758; x_wconf 85' lang='lat' dir='ltr'><strong>se</strong></span> <span class='ocrx_word' id='word_1_51' title='bbox 992 726 1137 779; x_wconf 85' lang='lat' dir='ltr'><strong>neque</strong></span> <span class='ocrx_word' id='word_1_52' title='bbox 1156 712 1396 774; x_wconf 72' lang='lat' dir='ltr'><strong>confilium,</strong></span> <span class='ocrx_word' id='word_1_53' title='bbox 1426 737 1502 770; x_wconf 85' lang='lat' dir='ltr'><strong>ne-</strong></span> 
     </span>
    </p>
   </div>
   <div class='ocr_carea' id='block_1_6' title="bbox 354 784 655 849">
    <p class='ocr_par' dir='ltr' id='par_1_9' title="bbox 354 784 655 849">
     <span class='ocr_line' id='line_1_10' title="bbox 354 784 655 849; baseline 0.01 -18"><span class='ocrx_word' id='word_1_54' title='bbox 354 800 442 849; x_wconf 83' lang='lat' dir='ltr'><strong>que</strong></span> <span class='ocrx_word' id='word_1_55' title='bbox 471 784 655 834; x_wconf 85' lang='lat' dir='ltr'>modum</span> 
     </span>
    </p>
   </div>
   <div class='ocr_carea' id='block_1_7' title="bbox 109 1003 790 2570">
    <p class='ocr_par' dir='ltr' id='par_1_10' title="bbox 123 1003 790 1110">
     <span class='ocr_line' id='line_1_11' title="bbox 133 1003 790 1061; baseline -0.002 -10"><span class='ocrx_word' id='word_1_56' title='bbox 133 1017 198 1051; x_wconf 86' lang='lat'><strong>11.</strong></span> <span class='ocrx_word' id='word_1_57' title='bbox 257 1005 389 1061; x_wconf 81' lang='lat' dir='ltr'><em>Neque</em></span> <span class='ocrx_word' id='word_1_58' title='bbox 418 1003 490 1061; x_wconf 72' lang='lat' dir='ltr'><strong>vpol</strong></span> <span class='ocrx_word' id='word_1_59' title='bbox 521 1007 645 1049; x_wconf 74' lang='lat' dir='ltr'><strong>tendes</strong></span> <span class='ocrx_word' id='word_1_60' title='bbox 685 1010 790 1050; x_wconf 78' lang='lat' dir='ltr'><em>naui-</em></span> 
     </span>
     <span class='ocr_line' id='line_1_12' title="bbox 123 1063 298 1110; baseline -0.011 -6"><span class='ocrx_word' id='word_1_61' title='bbox 123 1077 198 1110; x_wconf 63' lang='lat' dir='ltr'><strong>ter.</strong></span> <span class='ocrx_word' id='word_1_62' title='bbox 253 1063 298 1103; x_wconf 89' lang='lat' dir='ltr'><strong>L.</strong></span> 
     </span>
    </p>

    <p class='ocr_par' dir='ltr' id='par_1_11' title="bbox 127 1117 788 1395">
     <span class='ocr_line' id='line_1_13' title="bbox 183 1117 788 1172; baseline 0.002 -12"><span class='ocrx_word' id='word_1_63' title='bbox 183 1121 219 1160; x_wconf 93' lang='lat' dir='ltr'>N</span> <span class='ocrx_word' id='word_1_64' title='bbox 222 1118 319 1169; x_wconf 82' lang='lat' dir='ltr'>ostri,</span> <span class='ocrx_word' id='word_1_65' title='bbox 324 1118 500 1172; x_wconf 84' lang='lat' dir='ltr'><strong>perficies,</strong></span> <span class='ocrx_word' id='word_1_66' title='bbox 520 1117 584 1159; x_wconf 81' lang='lat' dir='ltr'><strong>sed</strong></span> <span class='ocrx_word' id='word_1_67' title='bbox 595 1119 788 1162; x_wconf 81' lang='lat' dir='ltr'>Charifius</span> 
     </span>
     <span class='ocr_line' id='line_1_14' title="bbox 128 1175 785 1229; baseline 0.006 -15"><span class='ocrx_word' id='word_1_68' title='bbox 128 1188 169 1227; x_wconf 89' lang='lat' dir='ltr'><strong>p.</strong></span> <span class='ocrx_word' id='word_1_69' title='bbox 202 1181 292 1226; x_wconf 83' lang='lat'><strong>185,</strong></span> <span class='ocrx_word' id='word_1_70' title='bbox 313 1177 468 1215; x_wconf 78' lang='lat' dir='ltr'><strong>Seruius</strong></span> <span class='ocrx_word' id='word_1_71' title='bbox 486 1175 535 1216; x_wconf 81' lang='lat' dir='ltr'><strong>ad</strong></span> <span class='ocrx_word' id='word_1_72' title='bbox 551 1180 654 1217; x_wconf 85' lang='lat' dir='ltr'><strong>Aen.</strong></span> <span class='ocrx_word' id='word_1_73' title='bbox 667 1189 698 1225; x_wconf 83' lang='lat'><strong>1,</strong></span> <span class='ocrx_word' id='word_1_74' title='bbox 720 1189 785 1229; x_wconf 63' lang='lat'><strong>41⁸,</strong></span> 
     </span>
     <span class='ocr_line' id='line_1_15' title="bbox 127 1231 787 1282; baseline 0.002 -12"><span class='ocrx_word' id='word_1_75' title='bbox 127 1241 243 1282; x_wconf 83' lang='lat' dir='ltr'><strong>atque</strong></span> <span class='ocrx_word' id='word_1_76' title='bbox 262 1232 303 1270; x_wconf 85' lang='lat' dir='ltr'><strong>in</strong></span> <span class='ocrx_word' id='word_1_77' title='bbox 322 1231 514 1271; x_wconf 87' lang='lat' dir='ltr'><strong>Bembino</strong></span> <span class='ocrx_word' id='word_1_78' title='bbox 535 1243 573 1271; x_wconf 90' lang='lat' dir='ltr'><strong>et</strong></span> <span class='ocrx_word' id='word_1_79' title='bbox 583 1233 666 1271; x_wconf 84' lang='lat' dir='ltr'>aliis</span> <span class='ocrx_word' id='word_1_80' title='bbox 679 1236 787 1272; x_wconf 83' lang='lat' dir='ltr'><strong>Faer-</strong></span> 
     </span>
     <span class='ocr_line' id='line_1_16' title="bbox 128 1287 786 1343; baseline 0.006 -19"><span class='ocrx_word' id='word_1_81' title='bbox 128 1289 171 1325; x_wconf 87' lang='lat' dir='ltr'><strong>ni</strong></span> <span class='ocrx_word' id='word_1_82' title='bbox 195 1287 361 1338; x_wconf 85' lang='lat' dir='ltr'>antiquis</span> <span class='ocrx_word' id='word_1_83' title='bbox 391 1287 502 1326; x_wconf 89' lang='lat' dir='ltr'><strong>codd.</strong></span> <span class='ocrx_word' id='word_1_84' title='bbox 530 1288 723 1343; x_wconf 86' lang='lat' dir='ltr'>antiquius</span> <span class='ocrx_word' id='word_1_85' title='bbox 745 1298 786 1329; x_wconf 91' lang='lat' dir='ltr'><strong>et</strong></span> 
     </span>
     <span class='ocr_line' id='line_1_17' title="bbox 129 1343 594 1395; baseline 0.002 -14"><span class='ocrx_word' id='word_1_86' title='bbox 129 1343 498 1395; x_wconf 49' lang='lat' dir='ltr'><strong>meliugpertendes.</strong></span> <span class='ocrx_word' id='word_1_87' title='bbox 552 1344 594 1383; x_wconf 88' lang='lat' dir='ltr'><strong>B.</strong></span> 
     </span>
    </p>

    <p class='ocr_par' dir='ltr' id='par_1_12' title="bbox 117 1395 786 2004">
     <span class='ocr_line' id='line_1_18' title="bbox 185 1395 786 1451; baseline 0.003 -14"><span class='ocrx_word' id='word_1_88' title='bbox 185 1404 207 1445; x_wconf 81' lang='grc'>8</span> <span class='ocrx_word' id='word_1_89' title='bbox 237 1399 378 1450; x_wconf 72' lang='lat' dir='ltr'><em>Infic‘ta</em></span> <span class='ocrx_word' id='word_1_90' title='bbox 401 1398 507 1451; x_wconf 87' lang='lat' dir='ltr'><em>pace]</em></span> <span class='ocrx_word' id='word_1_91' title='bbox 535 1395 692 1445; x_wconf 69' lang='grc' dir='ltr'><strong>Ε”μφασις</strong></span> <span class='ocrx_word' id='word_1_92' title='bbox 715 1411 786 1450; x_wconf 82' lang='lat' dir='ltr'><strong>per</strong></span> 
     </span>
     <span class='ocr_line' id='line_1_19' title="bbox 127 1452 784 1510; baseline 0.002 -18"><span class='ocrx_word' id='word_1_93' title='bbox 127 1452 335 1499; x_wconf 70' lang='grc' dir='ltr'><strong>μεταφοςοὲν.</strong></span> <span class='ocrx_word' id='word_1_94' title='bbox 388 1454 563 1495; x_wconf 84' lang='lat' dir='ltr'><em>Indicam</em></span> <span class='ocrx_word' id='word_1_95' title='bbox 587 1467 624 1494; x_wconf 83' lang='lat' dir='ltr'><strong>te</strong></span> <span class='ocrx_word' id='word_1_96' title='bbox 643 1455 784 1510; x_wconf 78' lang='lat' dir='ltr'><em>amare]</em></span> 
     </span>
     <span class='ocr_line' id='line_1_20' title="bbox 126 1508 786 1564; baseline -0.006 -15"><span class='ocrx_word' id='word_1_97' title='bbox 126 1509 223 1549; x_wconf 87' lang='lat' dir='ltr'><strong>Non</strong></span> <span class='ocrx_word' id='word_1_98' title='bbox 250 1508 378 1548; x_wconf 79' lang='lat' dir='ltr'><strong>verbis</strong></span> <span class='ocrx_word' id='word_1_99' title='bbox 405 1510 583 1549; x_wconf 80' lang='lat' dir='ltr'>indicans</span> <span class='ocrx_word' id='word_1_100' title='bbox 609 1512 628 1561; x_wconf 67' lang='grc' dir='ltr'>ζ</span> <span class='ocrx_word' id='word_1_101' title='bbox 630 1511 721 1564; x_wconf 81' lang='lat' dir='ltr'><strong>lege</strong></span> <span class='ocrx_word' id='word_1_102' title='bbox 746 1524 786 1548; x_wconf 84' lang='grc' dir='ltr'><strong>ο-</strong></span> 
     </span>
     <span class='ocr_line' id='line_1_21' title="bbox 125 1564 785 1613; baseline 0.002 -10"><span class='ocrx_word' id='word_1_103' title='bbox 125 1566 289 1605; x_wconf 84' lang='lat' dir='ltr'>mnino:</span> <span class='ocrx_word' id='word_1_104' title='bbox 327 1564 402 1613; x_wconf 84' lang='lat' dir='ltr'><strong>Re,</strong></span> <span class='ocrx_word' id='word_1_105' title='bbox 435 1579 509 1607; x_wconf 86' lang='lat' dir='ltr'><strong>non</strong></span> <span class='ocrx_word' id='word_1_106' title='bbox 534 1566 653 1605; x_wconf 82' lang='lat' dir='ltr'><strong>verbis</strong></span> <span class='ocrx_word' id='word_1_107' title='bbox 691 1567 785 1606; x_wconf 73' lang='lat' dir='ltr'><em>indi-</em></span> 
     </span>
     <span class='ocr_line' id='line_1_22' title="bbox 125 1621 782 1662; baseline 0.002 -3"><span class='ocrx_word' id='word_1_108' title='bbox 125 1634 222 1660; x_wconf 83' lang='lat' dir='ltr'><em>cans.</em></span> <span class='ocrx_word' id='word_1_109' title='bbox 279 1622 435 1661; x_wconf 87' lang='lat' dir='ltr'>Etenim</span> <span class='ocrx_word' id='word_1_110' title='bbox 474 1633 516 1660; x_wconf 81' lang='lat' dir='ltr'><strong>re</strong></span> <span class='ocrx_word' id='word_1_111' title='bbox 547 1621 692 1660; x_wconf 85' lang='lat' dir='ltr'>excidit</span> <span class='ocrx_word' id='word_1_112' title='bbox 718 1623 782 1662; x_wconf 90' lang='lat' dir='ltr'><strong>vel</strong></span> 
     </span>
     <span class='ocr_line' id='line_1_23' title="bbox 126 1674 781 1729; baseline 0.003 -15"><span class='ocrx_word' id='word_1_113' title='bbox 126 1675 178 1714; x_wconf 90' lang='lat' dir='ltr'><strong>ob</strong></span> <span class='ocrx_word' id='word_1_114' title='bbox 192 1674 372 1729; x_wconf 84' lang='lat' dir='ltr'>syllabam</span> <span class='ocrx_word' id='word_1_115' title='bbox 385 1677 698 1729; x_wconf 83' lang='lat' dir='ltr'><strong>praecedentem,</strong></span> <span class='ocrx_word' id='word_1_116' title='bbox 718 1678 781 1716; x_wconf 86' lang='lat' dir='ltr'><strong>vel</strong></span> 
     </span>
     <span class='ocr_line' id='line_1_24' title="bbox 125 1728 780 1785; baseline 0.002 -14"><span class='ocrx_word' id='word_1_117' title='bbox 125 1743 233 1772; x_wconf 77' lang='lat' dir='ltr'><strong>vetus</strong></span> <span class='ocrx_word' id='word_1_118' title='bbox 262 1728 471 1784; x_wconf 83' lang='lat' dir='ltr'>scripturae</span> <span class='ocrx_word' id='word_1_119' title='bbox 490 1732 780 1785; x_wconf 86' lang='lat' dir='ltr'><strong>compendium,</strong></span> 
     </span>
     <span class='ocr_line' id='line_1_25' title="bbox 122 1787 781 1842; baseline 0.002 -14"><span class='ocrx_word' id='word_1_120' title='bbox 122 1791 342 1836; x_wconf 78' lang='lat' dir='ltr'><strong>AMARE,</strong></span> <span class='ocrx_word' id='word_1_121' title='bbox 374 1787 410 1829; x_wconf 84' lang='lat' dir='ltr'><strong>h.</strong></span> <span class='ocrx_word' id='word_1_122' title='bbox 432 1803 464 1829; x_wconf 90' lang='lat' dir='ltr'><strong>e.</strong></span> <span class='ocrx_word' id='word_1_123' title='bbox 485 1803 607 1828; x_wconf 84' lang='lat' dir='ltr'><em>amare</em></span> <span class='ocrx_word' id='word_1_124' title='bbox 632 1791 707 1842; x_wconf 83' lang='lat' dir='ltr'><strong>re).</strong></span> <span class='ocrx_word' id='word_1_125' title='bbox 742 1799 781 1829; x_wconf 93' lang='lat' dir='ltr'><strong>vt</strong></span> 
     </span>
     <span class='ocr_line' id='line_1_26' title="bbox 122 1842 779 1891; baseline 0.003 -9"><span class='ocrx_word' id='word_1_126' title='bbox 122 1842 227 1891; x_wconf 83' lang='lat' dir='ltr'><strong>alibi,</strong></span> <span class='ocrx_word' id='word_1_127' title='bbox 246 1842 306 1881; x_wconf 83' lang='lat' dir='ltr'><strong>Ibi</strong></span> <span class='ocrx_word' id='word_1_128' title='bbox 325 1856 401 1883; x_wconf 82' lang='lat' dir='ltr'><strong>tum</strong></span> <span class='ocrx_word' id='word_1_129' title='bbox 420 1847 655 1884; x_wconf 79' lang='lat' dir='ltr'><em>exanimatus</em></span> <span class='ocrx_word' id='word_1_130' title='bbox 671 1847 779 1884; x_wconf 76' lang='lat' dir='ltr'><em>Pam-</em></span> 
     </span>
     <span class='ocr_line' id='line_1_27' title="bbox 117 1898 780 1955; baseline 0.005 -17"><span class='ocrx_word' id='word_1_131' title='bbox 117 1898 245 1953; x_wconf 82' lang='lat' dir='ltr'><em>philus</em></span> <span class='ocrx_word' id='word_1_132' title='bbox 276 1898 372 1938; x_wconf 82' lang='lat' dir='ltr'><strong>Bene</strong></span> <span class='ocrx_word' id='word_1_133' title='bbox 399 1900 654 1955; x_wconf 74' lang='lat' dir='ltr'><em>clzffimulatum</em></span> <span class='ocrx_word' id='word_1_134' title='bbox 683 1915 780 1941; x_wconf 87' lang='lat' dir='ltr'><em>amo·</em></span> 
     </span>
     <span class='ocr_line' id='line_1_28' title="bbox 121 1956 714 2004; baseline 0.003 -9"><span class='ocrx_word' id='word_1_135' title='bbox 121 1967 208 2004; x_wconf 78' lang='lat' dir='ltr'><strong>rem,</strong></span> <span class='ocrx_word' id='word_1_136' title='bbox 228 1967 264 1993; x_wconf 88' lang='lat' dir='ltr'><strong>et</strong></span> <span class='ocrx_word' id='word_1_137' title='bbox 285 1956 436 1995; x_wconf 80' lang='lat' dir='ltr'><strong>celatum</strong></span> <span class='ocrx_word' id='word_1_138' title='bbox 454 1958 608 1997; x_wconf 78' lang='lat' dir='ltr'><em>indicat.</em></span> <span class='ocrx_word' id='word_1_139' title='bbox 663 1959 714 1997; x_wconf 89' lang='lat' dir='ltr'><strong>D.</strong></span> 
     </span>
    </p>

    <p class='ocr_par' dir='ltr' id='par_1_13' title="bbox 109 2028 778 2474">
     <span class='ocr_line' id='line_1_29' title="bbox 176 2028 776 2085; baseline 0.007 -20"><span class='ocrx_word' id='word_1_140' title='bbox 176 2038 203 2080; x_wconf 91' lang='lat'><strong>9</strong></span> <span class='ocrx_word' id='word_1_141' title='bbox 232 2028 362 2068; x_wconf 65' lang='lat' dir='ltr'><em>Aftum</em></span> <span class='ocrx_word' id='word_1_142' title='bbox 380 2028 448 2081; x_wconf 85' lang='lat' dir='ltr'><strong>est:</strong></span> <span class='ocrx_word' id='word_1_143' title='bbox 489 2029 611 2069; x_wconf 85' lang='lat' dir='ltr'><strong>ilicet:</strong></span> <span class='ocrx_word' id='word_1_144' title='bbox 628 2028 776 2085; x_wconf 69' lang='lat' dir='ltr'><em>peristi]</em></span> 
     </span>
     <span class='ocr_line' id='line_1_30' title="bbox 118 2082 776 2138; baseline 0.009 -18"><span class='ocrx_word' id='word_1_145' title='bbox 118 2082 184 2125; x_wconf 86' lang='lat' dir='ltr'><strong>De</strong></span> <span class='ocrx_word' id='word_1_146' title='bbox 204 2083 289 2123; x_wconf 80' lang='lat' dir='ltr'><strong>iure</strong></span> <span class='ocrx_word' id='word_1_147' title='bbox 310 2085 542 2126; x_wconf 77' lang='lat' dir='ltr'><strong>translatum.</strong></span> <span class='ocrx_word' id='word_1_148' title='bbox 571 2086 701 2126; x_wconf 57' lang='lat' dir='ltr'><strong>Affum</strong></span> <span class='ocrx_word' id='word_1_149' title='bbox 721 2086 776 2138; x_wconf 88' lang='lat' dir='ltr'><strong>est,</strong></span> 
     </span>
     <span class='ocr_line' id='line_1_31' title="bbox 123 2138 777 2191; baseline 0.008 -14"><span class='ocrx_word' id='word_1_150' title='bbox 123 2138 173 2177; x_wconf 88' lang='lat' dir='ltr'><strong>ad</strong></span> <span class='ocrx_word' id='word_1_151' title='bbox 193 2138 299 2178; x_wconf 87' lang='lat' dir='ltr'><em>Vltro</em></span> <span class='ocrx_word' id='word_1_152' title='bbox 312 2141 360 2180; x_wconf 83' lang='lat' dir='ltr'><strong>ad</strong></span> <span class='ocrx_word' id='word_1_153' title='bbox 376 2155 452 2180; x_wconf 84' lang='lat' dir='ltr'><strong>eam</strong></span> <span class='ocrx_word' id='word_1_154' title='bbox 461 2143 593 2191; x_wconf 78' lang='lat' dir='ltr'><strong>venies,</strong></span> <span class='ocrx_word' id='word_1_155' title='bbox 614 2143 777 2182; x_wconf 79' lang='lat' dir='ltr'><strong>relatum</strong></span> 
     </span>
     <span class='ocr_line' id='line_1_32' title="bbox 122 2192 777 2244; baseline 0.009 -12"><span class='ocrx_word' id='word_1_156' title='bbox 122 2192 198 2232; x_wconf 87' lang='lat' dir='ltr'><strong>est:</strong></span> <span class='ocrx_word' id='word_1_157' title='bbox 229 2194 342 2244; x_wconf 83' lang='lat' dir='ltr'><strong>Ilicet,</strong></span> <span class='ocrx_word' id='word_1_158' title='bbox 360 2195 410 2237; x_wconf 78' lang='lat' dir='ltr'><strong>ad</strong></span> <span class='ocrx_word' id='word_1_159' title='bbox 431 2197 606 2237; x_wconf 68' lang='lat' dir='ltr'><em>Indicam</em></span> <span class='ocrx_word' id='word_1_160' title='bbox 625 2211 661 2237; x_wconf 89' lang='lat' dir='ltr'><strong>te</strong></span> <span class='ocrx_word' id='word_1_161' title='bbox 679 2213 777 2238; x_wconf 81' lang='lat' dir='ltr'><em>ama-</em></span> 
     </span>
     <span class='ocr_line' id='line_1_33' title="bbox 121 2249 778 2308; baseline 0.009 -20"><span class='ocrx_word' id='word_1_162' title='bbox 121 2262 190 2288; x_wconf 84' lang='lat' dir='ltr'><strong>re.-</strong></span> <span class='ocrx_word' id='word_1_163' title='bbox 215 2249 366 2302; x_wconf 80' lang='lat' dir='ltr'><strong>Peristi,</strong></span> <span class='ocrx_word' id='word_1_164' title='bbox 394 2253 441 2292; x_wconf 90' lang='lat' dir='ltr'><strong>ad</strong></span> <span class='ocrx_word' id='word_1_165' title='bbox 462 2252 575 2299; x_wconf 70' lang='lat' dir='ltr'><strong>Ferre</strong></span> <span class='ocrx_word' id='word_1_166' title='bbox 597 2268 674 2294; x_wconf 88' lang='lat' dir='ltr'><strong>non</strong></span> <span class='ocrx_word' id='word_1_167' title='bbox 693 2253 778 2308; x_wconf 70' lang='lat' dir='ltr'><strong>pos</strong></span> 
     </span>
     <span class='ocr_line' id='line_1_34' title="bbox 109 2303 777 2362; baseline 0.01 -19"><span class='ocrx_word' id='word_1_168' title='bbox 109 2303 169 2356; x_wconf 76' lang='lat' dir='ltr'><strong>fi.</strong></span> <span class='ocrx_word' id='word_1_169' title='bbox 231 2306 364 2362; x_wconf 82' lang='lat' dir='ltr'><strong>Ilicet]</strong></span> <span class='ocrx_word' id='word_1_170' title='bbox 417 2310 580 2361; x_wconf 89' lang='lat' dir='ltr'><strong>Semper</strong></span> <span class='ocrx_word' id='word_1_171' title='bbox 611 2312 655 2349; x_wconf 85' lang='lat' dir='ltr'><strong>in</strong></span> <span class='ocrx_word' id='word_1_172' title='bbox 697 2309 777 2350; x_wconf 78' lang='lat' dir='ltr'><strong>fine</strong></span> 
     </span>
     <span class='ocr_line' id='line_1_35' title="bbox 122 2357 775 2420; baseline 0.011 -23"><span class='ocrx_word' id='word_1_173' title='bbox 122 2357 322 2402; x_wconf 66' lang='lat' dir='ltr'>transaaae</span> <span class='ocrx_word' id='word_1_174' title='bbox 341 2363 397 2403; x_wconf 83' lang='lat' dir='ltr'><strong>rei</strong></span> <span class='ocrx_word' id='word_1_175' title='bbox 418 2367 585 2416; x_wconf 84' lang='lat' dir='ltr'>ponitur.</span> <span class='ocrx_word' id='word_1_176' title='bbox 632 2367 775 2420; x_wconf 67' lang='lat' dir='ltr'><strong>Perfii,</strong></span> 
     </span>
     <span class='ocr_line' id='line_1_36' title="bbox 122 2415 773 2474; baseline 0.015 -21"><span class='ocrx_word' id='word_1_177' title='bbox 122 2415 303 2464; x_wconf 59' lang='grc' dir='ltr'><strong>έπεςβουὶ.</strong></span> <span class='ocrx_word' id='word_1_178' title='bbox 327 2419 446 2474; x_wconf 81' lang='lat' dir='ltr'><strong>Ilicet]</strong></span> <span class='ocrx_word' id='word_1_179' title='bbox 466 2421 693 2462; x_wconf 86' lang='lat' dir='ltr'><strong>Deiudicio.</strong></span> <span class='ocrx_word' id='word_1_180' title='bbox 726 2425 773 2463; x_wconf 89' lang='lat' dir='ltr'><strong>D.</strong></span> 
     </span>
    </p>

    <p class='ocr_par' dir='ltr' id='par_1_14' title="bbox 122 2473 771 2570">
     <span class='ocr_line' id='line_1_37' title="bbox 175 2473 771 2532; baseline 0.01 -21"><span class='ocrx_word' id='word_1_181' title='bbox 175 2473 349 2525; x_wconf 64' lang='lat' dir='ltr'><em>Ac‘lumss</em></span> <span class='ocrx_word' id='word_1_182' title='bbox 366 2474 511 2532; x_wconf 67' lang='lat' dir='ltr'><strong>ilicezl]</strong></span> <span class='ocrx_word' id='word_1_183' title='bbox 541 2476 684 2520; x_wconf 80' lang='lat' dir='ltr'>Charis.</span> <span class='ocrx_word' id='word_1_184' title='bbox 705 2477 771 2519; x_wconf 62' lang='lat' dir='ltr'><strong>hb.</strong></span> 
     </span>
     <span class='ocr_line' id='line_1_38' title="bbox 122 2532 282 2570; baseline -0.013 0"><span class='ocrx_word' id='word_1_185' title='bbox 122 2537 186 2570; x_wconf 89' lang='lat'><strong>11.</strong></span> <span class='ocrx_word' id='word_1_186' title='bbox 242 2532 282 2568; x_wconf 89' lang='lat' dir='ltr'><strong>L.</strong></span> 
     </span>
    </p>
   </div>
   <div class='ocr_carea' id='block_1_8' title="bbox 99 2583 769 2641">
    <p class='ocr_par' dir='ltr' id='par_1_15' title="bbox 99 2583 769 2641">
     <span class='ocr_line' id='line_1_39' title="bbox 99 2583 769 2641; baseline 0.006 -17"><span class='ocrx_word' id='word_1_187' title='bbox 99 2603 101 2605; x_wconf 89' lang='grc'><em>·</em></span> <span class='ocrx_word' id='word_1_188' title='bbox 176 2595 228 2625; x_wconf 92' lang='lat'><strong>10</strong></span> <span class='ocrx_word' id='word_1_189' title='bbox 262 2583 417 2641; x_wconf 67' lang='lat' dir='ltr'><strong>peristi]</strong></span> <span class='ocrx_word' id='word_1_190' title='bbox 462 2588 525 2628; x_wconf 87' lang='lat' dir='ltr'><strong>De</strong></span> <span class='ocrx_word' id='word_1_191' title='bbox 570 2584 769 2640; x_wconf 83' lang='lat' dir='ltr'>supplicio.</span> 
     </span>
    </p>
   </div>
   <div class='ocr_carea' id='block_1_9' title="bbox 116 2635 770 2698">
    <p class='ocr_par' dir='ltr' id='par_1_16' title="bbox 116 2635 770 2698">
     <span class='ocr_line' id='line_1_40' title="bbox 116 2635 770 2698; baseline 0.011 -19"><span class='ocrx_word' id='word_1_192' title='bbox 116 2635 271 2695; x_wconf 77' lang='lat' dir='ltr'><strong>Eludet]</strong></span> <span class='ocrx_word' id='word_1_193' title='bbox 301 2641 461 2684; x_wconf 77' lang='lat' dir='ltr'><strong>Eludere-</strong></span> <span class='ocrx_word' id='word_1_194' title='bbox 475 2638 635 2697; x_wconf 74' lang='lat' dir='ltr'><strong>¹propi-ie</strong></span> <span class='ocrx_word' id='word_1_195' title='bbox 653 2642 770 2698; x_wconf 74' lang='lat' dir='ltr'>gladi-</span> 
     </span>
    </p>
   </div>
   <div class='ocr_carea' id='block_1_10' title="bbox 1348 871 1500 921">
    <p class='ocr_par' dir='ltr' id='par_1_17' title="bbox 1348 871 1500 921">
     <span class='ocr_line' id='line_1_41' title="bbox 1348 871 1500 921; baseline 0.02 -3"><span class='ocrx_word' id='word_1_196' title='bbox 1348 871 1500 921; x_wconf 82' lang='lat' dir='ltr'><strong>Habet</strong></span> 
     </span>
    </p>
   </div>
   <div class='ocr_carea' id='block_1_11' title="bbox 827 1006 1499 2003">
    <p class='ocr_par' dir='ltr' id='par_1_18' title="bbox 835 1006 1499 1343">
     <span class='ocr_line' id='line_1_42' title="bbox 838 1006 1499 1057; baseline 0.011 -9"><span class='ocrx_word' id='word_1_197' title='bbox 838 1017 986 1053; x_wconf 85' lang='lat' dir='ltr'>atorum</span> <span class='ocrx_word' id='word_1_198' title='bbox 1010 1006 1076 1056; x_wconf 87' lang='lat' dir='ltr'><strong>est,</strong></span> <span class='ocrx_word' id='word_1_199' title='bbox 1098 1022 1187 1051; x_wconf 86' lang='lat' dir='ltr'><strong>cum</strong></span> <span class='ocrx_word' id='word_1_200' title='bbox 1207 1013 1382 1054; x_wconf 80' lang='lat' dir='ltr'><strong>vicerint.</strong></span> <span class='ocrx_word' id='word_1_201' title='bbox 1430 1016 1499 1057; x_wconf 81' lang='lat' dir='ltr'><strong>Ci-</strong></span> 
     </span>
     <span class='ocr_line' id='line_1_43' title="bbox 837 1067 1496 1124; baseline 0.008 -20"><span class='ocrx_word' id='word_1_202' title='bbox 837 1078 927 1105; x_wconf 85' lang='lat' dir='ltr'><strong>cero</strong></span> <span class='ocrx_word' id='word_1_203' title='bbox 957 1067 1086 1119; x_wconf 82' lang='lat' dir='ltr'>(Catil.</span> <span class='ocrx_word' id='word_1_204' title='bbox 1109 1082 1148 1114; x_wconf 93' lang='lat'><strong>1,</strong></span> <span class='ocrx_word' id='word_1_205' title='bbox 1186 1070 1259 1121; x_wconf 84' lang='lat'><strong>1.),</strong></span> <span class='ocrx_word' id='word_1_206' title='bbox 1286 1070 1410 1124; x_wconf 63' lang='lat' dir='ltr'><strong><em>Quam</em></strong></span> <span class='ocrx_word' id='word_1_207' title='bbox 1430 1073 1496 1111; x_wconf 73' lang='lat' dir='ltr'><strong>diu</strong></span> 
     </span>
     <span class='ocr_line' id='line_1_44' title="bbox 836 1123 1497 1178; baseline 0.014 -18"><span class='ocrx_word' id='word_1_208' title='bbox 836 1125 946 1161; x_wconf 74' lang='lat' dir='ltr'><em>etiam</em></span> <span class='ocrx_word' id='word_1_209' title='bbox 971 1124 1098 1174; x_wconf 73' lang='lat' dir='ltr'><em>fizror</em></span> <span class='ocrx_word' id='word_1_210' title='bbox 1130 1123 1194 1178; x_wconf 80' lang='lat' dir='ltr'><strong>tste</strong></span> <span class='ocrx_word' id='word_1_211' title='bbox 1227 1138 1308 1163; x_wconf 83' lang='lat' dir='ltr'><em>tuus</em></span> <span class='ocrx_word' id='word_1_212' title='bbox 1349 1129 1497 1169; x_wconf 67' lang='lat' dir='ltr'><strong>eludet?</strong></span> 
     </span>
     <span class='ocr_line' id='line_1_45' title="bbox 837 1177 1497 1236; baseline 0.011 -20"><span class='ocrx_word' id='word_1_213' title='bbox 837 1177 992 1218; x_wconf 86' lang='lat' dir='ltr'><strong>Eludere</strong></span> <span class='ocrx_word' id='word_1_214' title='bbox 1015 1179 1127 1231; x_wconf 82' lang='lat' dir='ltr'><strong>(lege</strong></span> <span class='ocrx_word' id='word_1_215' title='bbox 1146 1181 1197 1219; x_wconf 84' lang='lat' dir='ltr'><strong>Et</strong></span> <span class='ocrx_word' id='word_1_216' title='bbox 1217 1181 1373 1222; x_wconf 82' lang='lat' dir='ltr'><strong>eludere.</strong></span> <span class='ocrx_word' id='word_1_217' title='bbox 1412 1185 1497 1236; x_wconf 81' lang='lat' dir='ltr'>Syl-</span> 
     </span>
     <span class='ocr_line' id='line_1_46' title="bbox 835 1232 1496 1292; baseline 0.012 -21"><span class='ocrx_word' id='word_1_218' title='bbox 835 1232 920 1272; x_wconf 83' lang='lat' dir='ltr'>laba</span> <span class='ocrx_word' id='word_1_219' title='bbox 949 1234 1187 1286; x_wconf 85' lang='lat' dir='ltr'><strong>praecedens</strong></span> <span class='ocrx_word' id='word_1_220' title='bbox 1220 1250 1257 1276; x_wconf 85' lang='lat' dir='ltr'><strong>et</strong></span> <span class='ocrx_word' id='word_1_221' title='bbox 1279 1236 1496 1292; x_wconf 67' lang='lat' dir='ltr'><strong>absorpiit),</strong></span> 
     </span>
     <span class='ocr_line' id='line_1_47' title="bbox 835 1287 1466 1343; baseline 0.011 -16"><span class='ocrx_word' id='word_1_222' title='bbox 835 1288 889 1328; x_wconf 89' lang='lat' dir='ltr'><strong>est</strong></span> <span class='ocrx_word' id='word_1_223' title='bbox 915 1287 1036 1329; x_wconf 83' lang='lat' dir='ltr'><strong>finem</strong></span> <span class='ocrx_word' id='word_1_224' title='bbox 1055 1289 1146 1328; x_wconf 84' lang='lat' dir='ltr'>ludo</span> <span class='ocrx_word' id='word_1_225' title='bbox 1161 1292 1381 1343; x_wconf 88' lang='lat' dir='ltr'><strong>imponere.</strong></span> <span class='ocrx_word' id='word_1_226' title='bbox 1414 1294 1466 1335; x_wconf 86' lang='lat' dir='ltr'><strong>D.</strong></span> 
     </span>
    </p>

    <p class='ocr_par' dir='ltr' id='par_1_19' title="bbox 834 1345 1496 1496">
     <span class='ocr_line' id='line_1_48' title="bbox 894 1345 1496 1399; baseline 0.018 -18"><span class='ocrx_word' id='word_1_227' title='bbox 894 1355 941 1386; x_wconf 86' lang='lat'><strong>11</strong></span> <span class='ocrx_word' id='word_1_228' title='bbox 977 1345 1098 1384; x_wconf 81' lang='lat' dir='ltr'><em>Proin</em></span> <span class='ocrx_word' id='word_1_229' title='bbox 1117 1346 1179 1399; x_wconf 84' lang='lat' dir='ltr'><strong>tu]</strong></span> <span class='ocrx_word' id='word_1_230' title='bbox 1211 1351 1265 1388; x_wconf 90' lang='lat' dir='ltr'><strong>Vt</strong></span> <span class='ocrx_word' id='word_1_231' title='bbox 1281 1352 1366 1388; x_wconf 86' lang='lat' dir='ltr'><strong>exin</strong></span> <span class='ocrx_word' id='word_1_232' title='bbox 1386 1361 1424 1390; x_wconf 81' lang='lat' dir='ltr'><strong>et</strong></span> <span class='ocrx_word' id='word_1_233' title='bbox 1434 1366 1496 1392; x_wconf 78' lang='lat' dir='ltr'><strong>ex-</strong></span> 
     </span>
     <span class='ocr_line' id='line_1_49' title="bbox 835 1398 1494 1456; baseline 0.014 -18"><span class='ocrx_word' id='word_1_234' title='bbox 835 1399 937 1448; x_wconf 80' lang='lat' dir='ltr'><strong>inde,</strong></span> <span class='ocrx_word' id='word_1_235' title='bbox 962 1398 1012 1438; x_wconf 82' lang='lat' dir='ltr'><strong>fic</strong></span> <span class='ocrx_word' id='word_1_236' title='bbox 1035 1403 1144 1452; x_wconf 83' lang='lat' dir='ltr'><em>proin</em></span> <span class='ocrx_word' id='word_1_237' title='bbox 1172 1413 1212 1441; x_wconf 87' lang='lat' dir='ltr'><strong>et</strong></span> <span class='ocrx_word' id='word_1_238' title='bbox 1223 1405 1382 1456; x_wconf 85' lang='lat' dir='ltr'><strong>proinde</strong></span> <span class='ocrx_word' id='word_1_239' title='bbox 1401 1406 1494 1446; x_wconf 77' lang='lat' dir='ltr'>dici-</span> 
     </span>
     <span class='ocr_line' id='line_1_50' title="bbox 834 1456 1013 1496; baseline 0.011 -2"><span class='ocrx_word' id='word_1_240' title='bbox 834 1465 903 1494; x_wconf 84' lang='lat' dir='ltr'>tur.</span> <span class='ocrx_word' id='word_1_241' title='bbox 963 1456 1013 1496; x_wconf 74' lang='lat' dir='ltr'><strong>D.</strong></span> 
     </span>
    </p>

    <p class='ocr_par' dir='ltr' id='par_1_20' title="bbox 833 1512 1493 1620">
     <span class='ocr_line' id='line_1_51' title="bbox 891 1512 1493 1567; baseline 0.02 -17"><span class='ocrx_word' id='word_1_242' title='bbox 891 1514 999 1564; x_wconf 87' lang='lat' dir='ltr'><strong>Lege</strong></span> <span class='ocrx_word' id='word_1_243' title='bbox 1017 1512 1128 1552; x_wconf 77' lang='lat' dir='ltr'><em>etiam</em></span> <span class='ocrx_word' id='word_1_244' title='bbox 1142 1525 1254 1567; x_wconf 80' lang='lat' dir='ltr'><em>atque</em></span> <span class='ocrx_word' id='word_1_245' title='bbox 1264 1517 1376 1557; x_wconf 66' lang='lat' dir='ltr'><strong>etiam</strong></span> <span class='ocrx_word' id='word_1_246' title='bbox 1400 1530 1493 1561; x_wconf 78' lang='lat' dir='ltr'><strong>Hoc</strong></span> 
     </span>
     <span class='ocr_line' id='line_1_52' title="bbox 833 1569 1060 1620; baseline 0.004 -15"><span class='ocrx_word' id='word_1_247' title='bbox 833 1570 963 1620; x_wconf 78' lang='lat' dir='ltr'><em>cogita.</em></span> <span class='ocrx_word' id='word_1_248' title='bbox 1020 1569 1060 1606; x_wconf 85' lang='lat' dir='ltr'><strong>B.</strong></span> 
     </span>
    </p>

    <p class='ocr_par' dir='ltr' id='par_1_21' title="bbox 827 1622 1492 2003">
     <span class='ocr_line' id='line_1_53' title="bbox 892 1622 1490 1685; baseline 0.012 -23"><span class='ocrx_word' id='word_1_249' title='bbox 892 1633 941 1662; x_wconf 83' lang='lat'><strong>12</strong></span> <span class='ocrx_word' id='word_1_250' title='bbox 972 1622 1088 1670; x_wconf 86' lang='lat' dir='ltr'><strong>Here,</strong></span> <span class='ocrx_word' id='word_1_251' title='bbox 1129 1636 1227 1676; x_wconf 82' lang='lat' dir='ltr'><strong>quae</strong></span> <span class='ocrx_word' id='word_1_252' title='bbox 1263 1640 1340 1672; x_wconf 78' lang='lat' dir='ltr'><strong>res,</strong></span> <span class='ocrx_word' id='word_1_253' title='bbox 1390 1627 1490 1685; x_wconf 57' lang='lat' dir='ltr'><strong>dere]</strong></span> 
     </span>
     <span class='ocr_line' id='line_1_54' title="bbox 831 1674 1492 1732; baseline 0.02 -19"><span class='ocrx_word' id='word_1_254' title='bbox 831 1674 1067 1721; x_wconf 81' lang='lat' dir='ltr'><strong>Concefl&#39;um</strong></span> <span class='ocrx_word' id='word_1_255' title='bbox 1086 1678 1141 1717; x_wconf 88' lang='lat' dir='ltr'><strong>est</strong></span> <span class='ocrx_word' id='word_1_256' title='bbox 1160 1681 1201 1718; x_wconf 83' lang='lat' dir='ltr'><strong>in</strong></span> <span class='ocrx_word' id='word_1_257' title='bbox 1221 1682 1378 1732; x_wconf 82' lang='lat' dir='ltr'>palliata</span> <span class='ocrx_word' id='word_1_258' title='bbox 1396 1688 1492 1725; x_wconf 89' lang='lat' dir='ltr'><strong>Poe·</strong></span> 
     </span>
     <span class='ocr_line' id='line_1_55' title="bbox 830 1732 1492 1781; baseline 0.014 -10"><span class='ocrx_word' id='word_1_259' title='bbox 830 1732 877 1771; x_wconf 85' lang='lat' dir='ltr'><strong>tis</strong></span> <span class='ocrx_word' id='word_1_260' title='bbox 904 1733 1061 1772; x_wconf 82' lang='lat' dir='ltr'>cornicis</span> <span class='ocrx_word' id='word_1_261' title='bbox 1091 1732 1217 1775; x_wconf 82' lang='lat' dir='ltr'><strong>seruos</strong></span> <span class='ocrx_word' id='word_1_262' title='bbox 1247 1736 1416 1781; x_wconf 84' lang='lat' dir='ltr'>dominis</span> <span class='ocrx_word' id='word_1_263' title='bbox 1434 1739 1492 1780; x_wconf 80' lang='lat' dir='ltr'><strong>sa-</strong></span> 
     </span>
     <span class='ocr_line' id='line_1_56' title="bbox 829 1788 1488 1844; baseline 0.017 -18"><span class='ocrx_word' id='word_1_264' title='bbox 829 1789 1043 1839; x_wconf 81' lang='lat' dir='ltr'><strong>pientiores</strong></span> <span class='ocrx_word' id='word_1_265' title='bbox 1061 1788 1232 1843; x_wconf 82' lang='lat' dir='ltr'><strong>fingere:</strong></span> <span class='ocrx_word' id='word_1_266' title='bbox 1262 1794 1367 1844; x_wconf 83' lang='lat' dir='ltr'>quod</span> <span class='ocrx_word' id='word_1_267' title='bbox 1379 1796 1488 1837; x_wconf 76' lang='lat' dir='ltr'><strong>idem</strong></span> 
     </span>
     <span class='ocr_line' id='line_1_57' title="bbox 828 1844 1488 1901; baseline 0.011 -20"><span class='ocrx_word' id='word_1_268' title='bbox 828 1844 872 1882; x_wconf 87' lang='lat' dir='ltr'><strong>in</strong></span> <span class='ocrx_word' id='word_1_269' title='bbox 917 1855 1048 1897; x_wconf 87' lang='lat' dir='ltr'>togata</span> <span class='ocrx_word' id='word_1_270' title='bbox 1096 1859 1177 1885; x_wconf 87' lang='lat' dir='ltr'><strong>non</strong></span> <span class='ocrx_word' id='word_1_271' title='bbox 1219 1846 1323 1889; x_wconf 82' lang='lat' dir='ltr'><strong>ferre</strong></span> <span class='ocrx_word' id='word_1_272' title='bbox 1371 1853 1488 1901; x_wconf 76' lang='lat' dir='ltr'>(Lin-</span> 
     </span>
     <span class='ocr_line' id='line_1_58' title="bbox 828 1899 1488 1958; baseline 0.015 -20"><span class='ocrx_word' id='word_1_273' title='bbox 828 1899 965 1939; x_wconf 83' lang='lat' dir='ltr'><strong>denbr.</strong></span> <span class='ocrx_word' id='word_1_274' title='bbox 976 1901 1089 1950; x_wconf 80' lang='lat' dir='ltr'><strong>fere:</strong></span> <span class='ocrx_word' id='word_1_275' title='bbox 1117 1904 1267 1943; x_wconf 86' lang='lat' dir='ltr'><strong>melius.</strong></span> <span class='ocrx_word' id='word_1_276' title='bbox 1299 1903 1365 1945; x_wconf 82' lang='lat' dir='ltr'><strong>sed</strong></span> <span class='ocrx_word' id='word_1_277' title='bbox 1394 1911 1488 1958; x_wconf 82' lang='lat' dir='ltr'>opti-</span> 
     </span>
     <span class='ocr_line' id='line_1_59' title="bbox 827 1953 1488 2003; baseline 0.017 -10"><span class='ocrx_word' id='word_1_278' title='bbox 827 1968 894 1995; x_wconf 86' lang='lat' dir='ltr'><strong>me</strong></span> <span class='ocrx_word' id='word_1_279' title='bbox 913 1953 984 1998; x_wconf 90' lang='lat' dir='ltr'><strong>Ms.</strong></span> <span class='ocrx_word' id='word_1_280' title='bbox 1015 1957 1164 1998; x_wconf 84' lang='lat' dir='ltr'><strong>Boend.</strong></span> <span class='ocrx_word' id='word_1_281' title='bbox 1192 1959 1280 1999; x_wconf 84' lang='lat' dir='ltr'><strong>edd.</strong></span> <span class='ocrx_word' id='word_1_282' title='bbox 1299 1963 1362 2001; x_wconf 95' lang='lat' dir='ltr'><strong>Du</strong></span> <span class='ocrx_word' id='word_1_283' title='bbox 1380 1967 1420 2003; x_wconf 88' lang='lat' dir='ltr'><strong>B.</strong></span> <span class='ocrx_word' id='word_1_284' title='bbox 1446 1974 1488 2003; x_wconf 90' lang='lat' dir='ltr'><strong>et</strong></span> 
     </span>
    </p>
   </div>
   <div class='ocr_carea' id='block_1_12' title="bbox 1399 2024 1487 2033">
    <p class='ocr_par' dir='ltr' id='par_1_22' title="bbox 1399 2024 1487 2033">
     <span class='ocr_line' id='line_1_60' title="bbox 1399 2024 1487 2033; baseline 0.023 -2"><span class='ocrx_word' id='word_1_285' title='bbox 1399 2024 1487 2033; x_wconf 67' lang='lat' dir='ltr'><strong>——u—</strong></span> 
     </span>
    </p>
   </div>
   <div class='ocr_carea' id='block_1_13' title="bbox 818 2028 1490 2757">
    <p class='ocr_par' dir='ltr' id='par_1_23' title="bbox 818 2028 1490 2757">
     <span class='ocr_line' id='line_1_61' title="bbox 827 2028 1482 2083; baseline 0.009 -16"><span class='ocrx_word' id='word_1_286' title='bbox 827 2031 983 2068; x_wconf 89' lang='lat' dir='ltr'><strong>Veneta</strong></span> <span class='ocrx_word' id='word_1_287' title='bbox 998 2028 1144 2081; x_wconf 81' lang='lat' dir='ltr'><strong>fizcere.</strong></span> <span class='ocrx_word' id='word_1_288' title='bbox 1198 2034 1299 2072; x_wconf 84' lang='lat' dir='ltr'><strong>Nam</strong></span> <span class='ocrx_word' id='word_1_289' title='bbox 1324 2047 1371 2074; x_wconf 83' lang='lat' dir='ltr'><strong>ex</strong></span> <span class='ocrx_word' id='word_1_290' title='bbox 1398 2046 1416 2074; x_wconf 43' lang='grc' dir='ltr'><strong>ι’</strong></span> <span class='ocrx_word' id='word_1_291' title='bbox 1427 2048 1482 2083; x_wconf 83' lang='lat' dir='ltr'><strong>re,</strong></span> 
     </span>
     <span class='ocr_line' id='line_1_62' title="bbox 827 2084 1490 2145; baseline 0.011 -22"><span class='ocrx_word' id='word_1_292' title='bbox 827 2085 933 2136; x_wconf 86' lang='lat' dir='ltr'>quod</span> <span class='ocrx_word' id='word_1_293' title='bbox 963 2084 1150 2138; x_wconf 78' lang='lat' dir='ltr'>fignificat</span> <span class='ocrx_word' id='word_1_294' title='bbox 1165 2087 1316 2140; x_wconf 70' lang='lat' dir='ltr'><strong>fluere,</strong></span> <span class='ocrx_word' id='word_1_295' title='bbox 1360 2101 1490 2145; x_wconf 48' lang='lat' dir='ltr'><strong>estun}</strong></span> 
     </span>
     <span class='ocr_line' id='line_1_63' title="bbox 827 2140 1486 2200; baseline 0.014 -22"><span class='ocrx_word' id='word_1_296' title='bbox 827 2140 882 2179; x_wconf 85' lang='lat' dir='ltr'><strong>est</strong></span> <span class='ocrx_word' id='word_1_297' title='bbox 909 2142 1048 2193; x_wconf 82' lang='lat' dir='ltr'>partim</span> <span class='ocrx_word' id='word_1_298' title='bbox 1063 2142 1172 2194; x_wconf 58' lang='lat' dir='ltr'><strong>fere,</strong></span> <span class='ocrx_word' id='word_1_299' title='bbox 1203 2143 1342 2195; x_wconf 80' lang='lat' dir='ltr'>partim</span> <span class='ocrx_word' id='word_1_300' title='bbox 1351 2147 1486 2200; x_wconf 81' lang='lat' dir='ltr'><strong>ferre)</strong></span> 
     </span>
     <span class='ocr_line' id='line_1_64' title="bbox 825 2196 1030 2241; baseline 0.005 -6"><span class='ocrx_word' id='word_1_301' title='bbox 825 2196 927 2241; x_wconf 73' lang='lat' dir='ltr'><strong>licet.</strong></span> <span class='ocrx_word' id='word_1_302' title='bbox 980 2199 1030 2239; x_wconf 84' lang='lat' dir='ltr'><strong>D.</strong></span> 
     </span>
     <span class='ocr_line' id='line_1_65' title="bbox 829 2248 1486 2308; baseline 0.012 -18"><span class='ocrx_word' id='word_1_303' title='bbox 829 2248 832 2255; x_wconf 77' lang='grc'>’</span> <span class='ocrx_word' id='word_1_304' title='bbox 878 2253 994 2303; x_wconf 79' lang='lat' dir='ltr'><strong>Here,</strong></span> <span class='ocrx_word' id='word_1_305' title='bbox 1027 2266 1122 2306; x_wconf 81' lang='lat' dir='ltr'><strong>quae</strong></span> <span class='ocrx_word' id='word_1_306' title='bbox 1158 2251 1236 2308; x_wconf 78' lang='lat' dir='ltr'><strong>res]</strong></span> <span class='ocrx_word' id='word_1_307' title='bbox 1279 2252 1486 2299; x_wconf 78' lang='lat' dir='ltr'><strong>Persuadet</strong></span> 
     </span>
     <span class='ocr_line' id='line_1_66' title="bbox 825 2310 1488 2357; baseline 0.008 -9"><span class='ocrx_word' id='word_1_308' title='bbox 825 2310 1027 2356; x_wconf 79' lang='lat' dir='ltr'><strong>Parmeno,</strong></span> <span class='ocrx_word' id='word_1_309' title='bbox 1048 2319 1087 2348; x_wconf 91' lang='lat' dir='ltr'><strong>vt</strong></span> <span class='ocrx_word' id='word_1_310' title='bbox 1104 2321 1316 2357; x_wconf 75' lang='lat' dir='ltr'><strong>reuertatur</strong></span> <span class='ocrx_word' id='word_1_311' title='bbox 1335 2310 1382 2352; x_wconf 88' lang='lat' dir='ltr'><strong>ad</strong></span> <span class='ocrx_word' id='word_1_312' title='bbox 1399 2325 1488 2352; x_wconf 73' lang='lat' dir='ltr'><strong>me-</strong></span> 
     </span>
     <span class='ocr_line' id='line_1_67' title="bbox 823 2363 1482 2418; baseline 0.006 -14"><span class='ocrx_word' id='word_1_313' title='bbox 823 2365 1012 2413; x_wconf 81' lang='lat' dir='ltr'><strong>retricem,</strong></span> <span class='ocrx_word' id='word_1_314' title='bbox 1033 2363 1080 2403; x_wconf 81' lang='lat' dir='ltr'><strong>ab</strong></span> <span class='ocrx_word' id='word_1_315' title='bbox 1103 2379 1151 2405; x_wconf 89' lang='lat' dir='ltr'><strong>eo</strong></span> <span class='ocrx_word' id='word_1_316' title='bbox 1172 2364 1277 2418; x_wconf 83' lang='lat' dir='ltr'>quod</span> <span class='ocrx_word' id='word_1_317' title='bbox 1296 2365 1381 2409; x_wconf 78' lang='lat' dir='ltr'><strong>fieri</strong></span> <span class='ocrx_word' id='word_1_318' title='bbox 1398 2382 1482 2412; x_wconf 81' lang='lat' dir='ltr'><strong>non</strong></span> 
     </span>
     <span class='ocr_line' id='line_1_68' title="bbox 823 2420 1483 2472; baseline 0.002 -13"><span class='ocrx_word' id='word_1_319' title='bbox 823 2420 944 2472; x_wconf 75' lang='lat' dir='ltr'><strong>poffit,</strong></span> <span class='ocrx_word' id='word_1_320' title='bbox 970 2431 1010 2460; x_wconf 90' lang='lat' dir='ltr'><strong>vt</strong></span> <span class='ocrx_word' id='word_1_321' title='bbox 1027 2433 1109 2460; x_wconf 86' lang='lat' dir='ltr'><strong>non</strong></span> <span class='ocrx_word' id='word_1_322' title='bbox 1128 2425 1353 2462; x_wconf 78' lang='lat' dir='ltr'><strong>reuertatur.</strong></span> <span class='ocrx_word' id='word_1_323' title='bbox 1409 2429 1483 2466; x_wconf 74' lang='lat' dir='ltr'><strong>Re.</strong></span> 
     </span>
     <span class='ocr_line' id='line_1_69' title="bbox 822 2473 1482 2532; baseline 0.011 -18"><span class='ocrx_word' id='word_1_324' title='bbox 822 2473 985 2526; x_wconf 85' lang='lat' dir='ltr'>spondet</span> <span class='ocrx_word' id='word_1_325' title='bbox 1003 2487 1142 2527; x_wconf 84' lang='lat' dir='ltr'><strong>autem,</strong></span> <span class='ocrx_word' id='word_1_326' title='bbox 1162 2475 1200 2517; x_wconf 89' lang='lat' dir='ltr'><strong>se</strong></span> <span class='ocrx_word' id='word_1_327' title='bbox 1210 2478 1391 2519; x_wconf 84' lang='lat' dir='ltr'>iniuriam</span> <span class='ocrx_word' id='word_1_328' title='bbox 1402 2478 1482 2532; x_wconf 80' lang='lat' dir='ltr'><strong>pas-</strong></span> 
     </span>
     <span class='ocr_line' id='line_1_70' title="bbox 821 2529 1481 2589; baseline 0.008 -18"><span class='ocrx_word' id='word_1_329' title='bbox 821 2529 914 2572; x_wconf 78' lang='lat' dir='ltr'>sum.</span> <span class='ocrx_word' id='word_1_330' title='bbox 962 2534 1107 2573; x_wconf 82' lang='lat' dir='ltr'><strong>Verum</strong></span> <span class='ocrx_word' id='word_1_331' title='bbox 1125 2533 1339 2584; x_wconf 75' lang='lat' dir='ltr'>quaestioni</span> <span class='ocrx_word' id='word_1_332' title='bbox 1359 2547 1481 2589; x_wconf 85' lang='lat' dir='ltr'>oppo-</span> 
     </span>
     <span class='ocr_line' id='line_1_71' title="bbox 820 2586 1481 2642; baseline 0.009 -16"><span class='ocrx_word' id='word_1_333' title='bbox 820 2588 879 2627; x_wconf 85' lang='lat' dir='ltr'><strong>nit</strong></span> <span class='ocrx_word' id='word_1_334' title='bbox 902 2587 1020 2637; x_wconf 86' lang='lat' dir='ltr'><strong>illud,</strong></span> <span class='ocrx_word' id='word_1_335' title='bbox 1047 2588 1151 2640; x_wconf 86' lang='lat' dir='ltr'>quod</span> <span class='ocrx_word' id='word_1_336' title='bbox 1177 2586 1330 2642; x_wconf 77' lang='lat' dir='ltr'><strong>semper</strong></span> <span class='ocrx_word' id='word_1_337' title='bbox 1347 2605 1481 2632; x_wconf 85' lang='lat' dir='ltr'>amau-</span> 
     </span>
     <span class='ocr_line' id='line_1_72' title="bbox 818 2641 1478 2691; baseline 0.008 -8"><span class='ocrx_word' id='word_1_338' title='bbox 818 2644 917 2685; x_wconf 74' lang='lat' dir='ltr'>tium</span> <span class='ocrx_word' id='word_1_339' title='bbox 945 2642 1012 2683; x_wconf 82' lang='lat' dir='ltr'><strong>ista</strong></span> <span class='ocrx_word' id='word_1_340' title='bbox 1038 2644 1081 2685; x_wconf 86' lang='lat' dir='ltr'><strong>fit</strong></span> <span class='ocrx_word' id='word_1_341' title='bbox 1105 2641 1373 2691; x_wconf 50' lang='lat' dir='ltr'><strong>consuetudo.»</strong></span> <span class='ocrx_word' id='word_1_342' title='bbox 1410 2652 1478 2690; x_wconf 60' lang='lat' dir='ltr'><strong>Es·-</strong></span> 
     </span>
     <span class='ocr_line' id='line_1_73' title="bbox 930 2700 1477 2757; baseline 0.004 -15"><span class='ocrx_word' id='word_1_343' title='bbox 930 2700 954 2741; x_wconf 81' lang='lat' dir='ltr'>S</span> <span class='ocrx_word' id='word_1_344' title='bbox 986 2712 1014 2743; x_wconf 90' lang='lat'><em>2</em></span> <span class='ocrx_word' id='word_1_345' title='bbox 1208 2736 1209 2739; x_wconf 59' lang='grc'>,</span> <span class='ocrx_word' id='word_1_346' title='bbox 1426 2717 1477 2757; x_wconf 67' lang='lat' dir='ltr'><strong>ge</strong></span> 
     </span>
    </p>
   </div>
  </div>
 </body>
</html>
