1815 3168
341 151 487 183 Lxxxu
761 135 852 179 DE
888 133 1265 180 THEATRO.

353 258 466 311 gulos
485 255 686 309 agentium
699 254 827 309 gestus
850 256 1108 308 perciperent.
1167 254 1212 294 ld
1226 251 1387 305 spatium
1407 253 1513 305 quod
1532 253 1714 306 vtrinque

352 328 374 353 a
386 314 540 364 Pulpito
553 312 599 351 ad
612 323 822 350 extremam
835 314 999 352 Scenam
1010 321 1172 349 vacuum
1184 310 1488 361 relinquebatur,
1500 311 1638 350 Graeci
1650 324 1715 348 vo-

354 367 748 419 cabantProfi-cm'um,
770 368 915 418 nequis
930 365 1120 405 existimet
1129 362 1242 406 fuiffe
1258 365 1531 405 scenaelatera.
1592 367 1718 405 Peria-

356 427 413 464 fta
435 435 620 463 vocarunt
632 423 768 463 Graeci
787 424 827 461 in
850 420 971 461 scenis
991 419 1064 460 suis
1073 425 1232 467 Turres,
1246 432 1309 461 aut
1323 420 1532 469 Machinas,
1545 422 1716 474 trigonas

355 480 558 525 habentes,
572 481 629 518 vel
643 479 909 530 triangulares,
921 479 1018 516 miro
1030 475 1189 516 artificio
1201 476 1443 526 constr·u&as‚
1459 479 1498 516 in
1512 491 1589 517 vno
1599 488 1718 529 atque

354 538 477 576 altero
499 534 634 575 scenae
652 536 772 573 latere
790 532 946 586 positas,
976 533 1088 572 variis
1108 531 1302 571 coloribus
1322 529 1534 572 secundum
1553 534 1719 586 angulos

357 592 558 638 distinetas,
580 588 786 629 versatiles:
812 586 1238 640 vtinte1·spe&andum‚
1263 588 1357 626 dum
1377 589 1493 628 animi
1511 588 1559 629 ad
1576 588 1722 628 histrio-

353 661 430 690 nes
441 648 572 699 paullo
582 647 810 685 attentiores
822 642 956 695 effent,
967 644 1151 695 paulatim
1163 643 1472 691 reuoluerentur‚
1485 656 1525 684 et
1534 645 1650 685 modo
1662 658 1722 684 ru-

356 704 462 751 brae,
475 702 591 742 modo
604 701 752 749 virides,
766 711 829 739 aut
845 701 1001 739 alterius
1014 699 1151 739 coloris
1165 709 1419 751 apparerent:
1439 713 1539 752 quae
1559 714 1619 741 res
1638 714 1721 740 non

355 773 518 813 paruam
532 758 830 797 oblectationem
848 754 1103 808 specs-:antibus
1122 754 1318 794 afferebat.
1350 757 1449 808 Hae,
1471 770 1592 808 quum
1602 757 1723 799 Fabu-

357 817 485 856 larum
503 814 738 853 mutationes
750 824 859 852 erant
869 811 1032 861 futurae,
1046 809 1112 851 seu
1124 814 1301 851 Deorum
1313 811 1505 852 aduentus
1518 825 1606 853 cum
1625 813 1724 852 toni-

356 872 479 911 tribus
491 871 715 922 repentinis,
727 866 1269 920 verlabanturmutabantque
1279 865 1447 920 speciem
1458 870 1672 908 ornationis
1682 869 1724 907 in

356 927 520 968 frontes.
559 929 614 966 Ex
633 926 677 964 iis
688 926 922 978 proiedlitios
942 926 1055 978 ignes
1066 922 1281 976 vibrabant,
1301 924 1401 964 iniis
1411 923 1616 978 fingebant
1628 925 1726 964 teni-

360 994 458 1031 trua‚
471 983 634 1034 pluuias,
647 991 687 1020 et
699 981 886 1033 quicquid
903 982 945 1019 in
955 981 1179 1034 Tragoedia
1192 979 1446 1020 admiratione
1456 981 1619 1034 dignum
1630 979 1725 1020 fuit:

357 1037 428 1079 sed
448 1039 521 1077 hoc
530 1039 699 1076 maxime
710 1039 751 1078 in
762 1036 976 1077 honorifico
987 1047 1026 1076 et
1043 1034 1230 1076 sumtuoso
1241 1037 1546 1078 comoediarum
1559 1047 1624 1077 aut
1631 1040 1727 1078 Tra·

361 1095 591 1148 goediarum
605 1106 764 1148 genere.
794 1093 1023 1134 Secundum
1033 1100 1211 1143 περίακτα,
1222 1105 1368 1145 nempe
1377 1092 1424 1132 ad
1434 1094 1584 1133 Scenae
1594 1093 1724 1139 latera,

360 1152 504 1192 itinera
524 1162 562 1191 et
578 1149 752 1204 Vetfitrae
763 1158 1035 1202 procurrentes
1055 1160 1176 1198 erant,
1200 1162 1364 1201 quarum
1376 1162 1447 1188 vna
1464 1148 1667 1195 efficiebat,
1687 1157 1727 1186 vt

361 1207 512 1246 aetores
525 1222 545 1246 a
555 1204 651 1255 foro,
665 1207 792 1254 altera,
803 1217 841 1244 vt
850 1217 1015 1259 peregre
1027 1205 1195 1257 prodire,
1206 1215 1272 1244 aut
1283 1205 1371 1242 illuc
1383 1206 1539 1258 regredi
1552 1206 1730 1244 videren-

364 1272 439 1301 tur.
482 1266 526 1302 ln
544 1261 674 1302 media
688 1265 812 1303 Scena
826 1262 966 1301 Valuae
982 1263 1101 1315 regiae
1111 1259 1372 1300 conformatae
1383 1271 1504 1307 erant,
1525 1261 1623 1299 circa
1635 1274 1728 1311 quas

362 1320 559 1369 vti-imque
577 1318 734 1357 fuerunt
753 1316 960 1368 compofita
978 1315 1191 1367 quhitalia
1212 1330 1312 1367 quae
1333 1327 1442 1355 vocat
1459 1317 1674 1363 Vitruuius,
1706 1329 1732 1355 e

364 1373 507 1425 quibus
522 1375 575 1412 a&
582 1387 666 1413 ores
677 1370 859 1424 prodiisse
870 1383 977 1424 puto,
1035 1373 1222 1412 Omnium
1232 1373 1454 1419 &enai-um,
1465 1384 1559 1422 quas
1569 1373 1738 1413 Romani(

363 1430 409 1468 in
420 1429 595 1470 Theatro
605 1442 775 1480 vnquam
787 1428 1088 1475 construxerunt,
1097 1428 1220 1480 longe
1227 1426 1456 1466 nobilissima
1463 1426 1536 1466 fuit
1546 1441 1604 1474 ea,
1616 1439 1733 1478 quam

365 1484 605 1525 M.-Scaurus
623 1486 664 1524 in
676 1484 872 1524 aedilitate
891 1482 956 1524 sua
969 1484 1192 1522 construxit.
1226 1485 1319 1523 Eam
1339 1483 1528 1533 triplicem
1540 1481 1653 1523 fuiffe
1673 1499 1734 1525 re-

363 1539 444 1580 fert
464 1542 622 1589 Plinius,
646 1540 853 1580 altitudine
873 1552 1008 1580 eccm<
1031 1540 1309 1580 columnarum.
1365 1538 1444 1578 Ima
1473 1552 1557 1590 pars
1582 1542 1734 1581 Scenae

363 1608 604 1636 marmoreos
614 1597 748 1637 habuit
758 1598 937 1648 parietes,
947 1609 1027 1635 non
1038 1594 1153 1636 facile
1162 1595 1327 1634 dixerim
1336 1591 1451 1635 &Ros
1460 1610 1511 1635 an
1522 1595 1647 1636 solidis
1657 1598 1737 1650 gle-

367 1652 429 1691 bis
451 1654 606 1704 politos.
648 1654 784 1693 Media
800 1651 874 1691 fuit
886 1652 1029 1698 evitro,
1049 1651 1226 1691 inaudito
1237 1650 1354 1689 etiam
1364 1650 1494 1701 postea
1514 1665 1665 1704 genere
1677 1654 1744 1692 lu·-

366 1709 516 1748 xuriae.
550 1710 733 1749 Summae
751 1707 888 1747 tabulis
900 1707 1084 1746 inauratis
1097 1707 1315 1755 columnae,
1325 1706 1428 1745 imae
1439 1707 1736 1759 duodequadra-

369 1777 522 1817 genum
532 1763 692 1816 pedum.
725 1764 846 1817 Signa
863 1776 974 1803 cerea
989 1764 1091 1802 inter
1109 1763 1309 1802 columnas
1327 1760 1496 1812 fuerunt,
1521 1765 1590 1804 tria
1611 1766 1734 1806 millia

370 1833 548 1859 numerO.
586 1820 664 1860 Sed
682 1830 721 1859 et
738 1821 911 1871 reliquus
921 1830 1125 1870 apparatus
1144 1828 1270 1857 tantus
1281 1819 1447 1857 Attalica
1457 1819 1570 1869 veste,
1596 1820 1734 1861 tabulis

364 1876 494 1929 pistis,
508 1887 738 1927 caeteroque
748 1875 931 1929 choragio
940 1874 1025 1921 suit,
1043 1886 1082 1914 vt
1091 1876 1135 1913 in
1145 1871 1399 1914 Tusculanam
1418 1875 1546 1915 villam
1566 1888 1737 1928 reporta-

368 1932 420 1971 tis
435 1944 536 1983 quae
547 1929 839 1984 superfluebant
849 1931 1066 1983 quotidiani
1076 1926 1155 1969 vsus
1166 1929 1325 1979 deliciis,
1335 1928 1491 1971 incensa
1503 1933 1590 1971 villa
1603 1932 1649 1972 ab
1660 1933 1735 1973 ira-

366 1988 422 2027 tis
434 1986 552 2027 seruis
562 1998 874 2028 concremaretur
884 1987 931 2026 ad
946 1984 1157 2026 sestertium
1178 1986 1332 2025 millies.
1394 1986 1590 2028 Scenarum
1603 2001 1735 2030 autem

369 2044 449 2096 (ait
459 2045 684 2096 Vitruuius)
696 2056 844 2097 genera
854 2041 938 2083 sunt
948 2043 1031 2090 tria,
1056 2056 1171 2082 vnum
1182 2043 1289 2094 quod
1299 2041 1435 2083 dicitur
1449 2044 1663 2100 Tra-gicum,
1683 2057 1737 2085 at-

368 2110 454 2151 ·que
465 2099 506 2139 id
518 2101 693 2140 omnium
706 2098 1032 2139 sumtuolissimnm
1043 2097 1138 2138 fuit:
1158 2099 1322 2139 alterum
1336 2100 1526 2140 comicum
1537 2117 1552 2139 .·
1578 2102 1735 2142 tertium

369 2157 596 2206 satyricum.
626 2157 777 2196 Horum
789 2167 918 2197 autem
932 2165 1087 2195 ornatus
1097 2152 1183 2194 sunt
1194 2156 1296 2194 inter
1313 2152 1352 2194 se
1360 2155 1575 2204 diffimiles,
1585 2156 1738 2208 dispari-

374 2224 454 2264 que
463 2213 637 2251 ratione:
664 2213 844 2267 Tragicae
853 2212 960 2251 enim
970 2210 1236 2251 deformantur
1248 2211 1450 2261 columnis,
1469 2210 1625 2265 fastigiis
1637 2225 1676 2253 et
1694 2213 1736 2254 fi-

375 2269 477 2321 gnis,
497 2264 732 2319 reliquisque
749 2267 945 2321 regalibus
963 2266 1088 2307 rebus.
1139 2267 1309 2308 Comicae
1325 2279 1455 2307 autem
1471 2266 1738 2310 aedificiorum

371 2325 618 2377 priuatorum
630 2325 950 2365 etmenianorum
961 2322 1107 2362 habent
1123 2319 1299 2374 speciem,
1313 2321 1612 2376 prospectusque
1627 2324 1739 2366 fene·

374 2378 460 2419 stris
471 2378 677 2432 dispofitos,
698 2380 746 2419 ad
757 2381 1015 2420 imitationem
1029 2379 1308 2428 Communium
1324 2378 1595 2421 aedificiorum.
1625 2382 1739 2434 Saty-

375 2437 477 2476 ricae
488 2449 579 2476 vero
603 2446 786 2476 ornantur
802 2435 1012 2486 arboribus,
1039 2432 1240 2488 speluncis,
1267 2435 1476 2483 montibus,
1502 2436 1738 2490 reliquisque

376 2491 588 2544 agrestibus
597 2491 724 2541 rebus,
735 2493 778 2532 in
788 2493 940 2544 topiarii
951 2493 1077 2544 operis
1090 2489 1258 2543 speciem
1268 2490 1502 2532 deformatis.
1555 2493 1640 2534 Post
1651 2496 1738 2535 Sce-

376 2561 471 2587 nam
484 2549 658 2589 Porticus
672 2560 782 2588 erant
793 2547 1039 2596 construfihxe,
1054 2549 1130 2599 q'no
1142 2560 1259 2598 quum
1271 2547 1411 2587 imbres
1420 2551 1614 2599 repentini
1625 2550 1737 2589 ludos

377 2604 735 2656 interpellauerant,
751 2606 894 2644 anm-es
911 2601 950 2643 se
960 2603 1199 2655 recipiebant
1210 2615 1258 2641 ex
1268 2604 1432 2655 Pulpito‚
1451 2617 1516 2643 aut
1533 2607 1575 2644 in
1593 2605 1735 2657 quibus

377 2659 538 2702 vestium
557 2662 892 2711 commutationesl
910 2670 948 2701 et
967 2658 1218 2713 personarum
1237 2658 1467 2701 indumenta
1485 2659 1738 2703 adseruaban-

1668 2730 1738 2760 tur.
