1815 3168
531 128 1063 175 HEAVTONTIM.

1374 134 1461 190 691

238 261 358 304 Tam
387 258 432 302 in
462 253 589 301 breui
622 254 755 317 spatio
790 269 970 300 omnem
999 252 1052 300 de
1083 270 1153 300 me
1181 257 1354 304 eiecerit
1377 261 1466 306 ani-

337 347 461 377 mum
480 329 645 393 patris?

241 406 479 464 Quodnam
511 404 566 450 ob
598 403 797 450 facinus?
845 403 951 467 quid
982 419 1065 464 ego
1097 414 1268 452 tantum
1300 407 1466 457 sceleris

336 478 480 526 admisi
503 478 626 524 miser
637 480 659 524 ἲ
699 502 703 507 ·

237 557 386 616 Volgo
406 555 581 602 faciunt.
622 549 675 599 M
688 565 730 599 E.
770 552 853 599 scio
876 552 957 601 tibi
976 550 1155 602 essehoc
1168 558 1343 618 grauius
1359 560 1471 607 mul-

335 643 395 682 to,
420 647 466 676 ac
491 629 641 675 durius

173 725 198 773 ς
244 709 325 755 Cui
356 704 429 752 fit:
467 721 622 752 verum
653 719 736 764 ego
762 702 873 751 'haut
896 706 1040 752 minus
1067 722 1194 767 aegre
1216 711 1385 774 patior:
1424 711 1471 759 id

335 783 411 844 qui
435 779 590 832 nescio,

235 861 336 905 Nec
358 852 581 902 ‘rationem
613 855 762 920 capiO,
801 853 880 902 nifi
910 855 1030 920 quod
1059 856 1139 904 tibi
1162 857 1276 906 bene
1306 876 1357 905 ex
1378 863 1472 908 ani-

335 947 409 976 mo
435 930 554 977 volo·

236 1003 283 1055 C
302 1019 344 1054 L.
381 1007 470 1052 Hic
490 1017 658 1070 patrem
673 1003 833 1051 adstare
854 1006 1026 1055 aieba's‘?
1061 1004 1155 1057 ΜΕ.
1179 1026 1345 1062 eccum.
1369 1009 1470 1064 CH.

335 1081 442 1146 quid
464 1097 535 1128 me
555 1081 734 1135 incusas,
761 1081 987 1148 Clitipho?

102 1284 421 1338 tranquillitatem
430 1297 558 1324 rerum
570 1286 759 1335 omnium,

101 1355 142 1383 vt
170 1341 345 1393 Clitipho
385 1340 508 1381 verbis
535 1343 649 1392 patris
679 1355 761 1394 per-

102 1400 270 1445 territus,
286 1399 326 1436 in
346 1399 445 1436 viam
465 1397 608 1442 redeat,
621 1408 660 1438 et
672 1411 761 1437 vxo-

101 1468 186 1494 rem
224 1454 347 1492 ducat.
411 1454 535 1507 Itane]
578 1454 639 1493 Sic
668 1454 762 1493 inci-

100 1511 180 1564 pit,
209 1520 248 1548 vt
279 1510 346 1561 qui
373 1506 410 1547 se
439 1523 460 1547 a
488 1519 596 1561 patre
614 1509 763 1549 abdica-

102 1577 187 1605 tum
217 1575 339 1617 putet.
394 1565 572 1619 Tandem]
604 1567 680 1605 Hie
700 1579 764 1605 ex-

103 1623 250 1675 pletiua
303 1621 539 1660 coniunffio.
622 1622 762 1663 Cicero

103 1678 236 1732 (Catil.
257 1689 290 1725 1,
312 1679 367 1728 1.)
399 1676 600 1733 Qouspue
618 1679 763 1718 tandem

102 1733 266 1780 abutere,
295 1733 471 1783 Catilina,
496 1736 680 1786 patientia
697 1748 763 1773 no-

93 1792 206 1845 stra?
236 1789 338 1829 Alias
360 1791 519 1839 ponitur
537 1803 606 1841 pro
617 1803 763 1830 tamen.-

101 1858 153 1896 vt,
177 1847 223 1885 In
242 1857 315 1897 qua
333 1847 490 1885 ciuitate
499 1847 648 1885 tandem
666 1845 763 1885 arbi-

101 1917 206 1945 trare
233 1914 267 1940 te
286 1903 441 1942 viuere?
465 1904 762 1954 Nonnunquam

103 1958 332 2013 profizlzem.
392 1960 436 2000 C.

155 2017 263 2055 Itane
286 2013 452 2066 tandem]
486 2012 548 2055 Ad
578 2010 760 2054 satisfaci-

101 2072 247 2113 endum
279 2070 379 2109 valet
405 2070 501 2109 haec
527 2071 676 2120 Scena,
719 2080 761 2110 et

99 2130 252 2169 veniam
275 2127 386 2177 petit.
439 2129 484 2166 E.

105 2239 154 2293 est
161 2185 306 2280 Οηιὲιεε
325 2181 443 2222 nostri
456 2182 582 2232 leffe,
606 2181 758 2239 Qaeso

101 2291 378 2399 εηῑάέηέῑτῑξέ,
400 2293 761 2402 ςςξζῑᾌῖξμὲῖ

100 2408 173 2449 libi
194 2439 203 2458 ,
243 2409 342 2447 Haec
373 2419 410 2446 te
435 2406 632 2447 admittere
658 2408 762 2447 Indi-

101 2478 191 2573 gna.
214 2464 332 2574 Wiigo
350 2518 393 2557 id
396 2518 568 2571 faciunt]
599 2518 659 2561 Ad
671 2531 760 2572 pur-

103 2578 303 2632 gationem
319 2576 479 2627 peccati,
498 2573 524 2613 si
545 2575 759 2625 nihilaliugi

103 2633 302 2684 habemus,
329 2642 603 2685 argumentum
629 2631 677 2671 ab
697 2644 760 2673 ex·

1338 1158 1475 1212 Quic-

810 1287 942 1338 emplo
973 1286 1137 1328 aliorum
1161 1285 1364 1338 sumimus,
1405 1291 1476 1344 qu'i

809 1343 917 1383 idern
935 1341 1218 1385 fauitauerunt.
1277 1347 1355 1395 Sed
1374 1348 1476 1387 mul·

809 1409 850 1438 to
878 1400 1000 1452 magis
1021 1401 1139 1449 valet,
1169 1401 1197 1440 fi
1222 1401 1270 1442 ab
1291 1405 1475 1456 exemplo

813 1456 989 1495 omnium
1009 1453 1176 1495 sumitur.
1239 1460 1288 1500 C.

870 1512 989 1566 Vulgo
998 1514 1170 1563 jaciunt]
1207 1515 1330 1565 Quod
1351 1528 1477 1556 mere-

811 1568 925 1607 trices
949 1581 1086 1607 omnes
1107 1581 1237 1609 amant
1253 1570 1476 1612 adolescen-

812 1633 882 1663 tes.
939 1627 988 1665 Et
1020 1636 1330 1676 argumentatur:
1370 1630 1474 1678 quia,

814 1678 920 1731 quod
954 1680 1134 1720 omnibus
1168 1681 1281 1732 iicet,
1326 1684 1394 1723 vni
1430 1684 1475 1723 li-

813 1745 885 1776 cet.
942 1739 985 1777 E.

866 1859 891 1900 5
931 1847 1002 1887 Cui
1026 1845 1095 1898 fit]
1140 1849 1339 1899 Quoniam
1367 1850 1406 1889 id
1433 1862 1474 1891 te

811 1903 971 1955 propius
989 1904 1135 1956 tangit,
1162 1904 1240 1943 fiue
1260 1916 1323 1945 tua
1346 1909 1473 1960 magis

809 1958 939 2000 refert.
994 1961 1101 1999 Haut
1118 1962 1233 2000 minus
1250 1966 1376 2016 aegre]
1397 1967 1474 2002 Ve-

809 2029 895 2054 rum
916 2015 1082 2055 amicum
1101 2017 1471 2068 agitMenedemus‚

810 2072 877 2123 qui
904 2084 1071 2122 aequum
1090 2085 1139 2111 ex
1161 2073 1415 2114 incommodo
1433 2089 1472 2116 a-

809 2129 902 2169 mici
921 2127 1099 2167 dolorem
1119 2128 1230 2179 capit.
1289 2131 1338 2171 C.

862 2182 1078 2236 Distingue,
1106 2197 1216 2238 aegre
1229 2187 1370 2237 patior.
1425 2186 1473 2226 Id

809 2243 884 2293 qui,
911 2238 1026 2289 nesbio
1051 2239 1131 2278 Nec
1150 2243 1334 2280 rationem
1353 2245 1469 2295 capio,

810 2300 911 2338 Nam
929 2297 969 2335 id
998 2297 1064 2348 qui
1081 2295 1136 2334 est
1155 2309 1220 2334 cur
1235 2295 1371 2346 faciat,
1400 2312 1472 2338 ne·

807 2350 897 2393 scio.
956 2355 996 2391 B.

866 2418 895 2460 7
930 2407 1038 2463 Qid
1060 2421 1115 2447 me
1150 2407 1310 2457 incussis]
1359 2412 1470 2450 Bene

809 2464 971 2515 incufizs:
1001 2464 1091 2515 quia
1106 2461 1186 2503 filio
1197 2465 1319 2505 maior
1338 2465 1392 2505 est
1401 2479 1469 2517 pa-

809 2531 877 2560 ter.
941 2522 986 2563 C.

864 2578 976 2634 Qid
991 2590 1046 2616 me
1064 2573 1220 2628 incufizs]
1247 2578 1354 2618 Seru.
1366 2582 1464 2619 Aen.

808 2630 875 2674 lib.
892 2647 924 2676 1.
942 2633 990 2672 ad
1009 2629 1157 2673 versum
1173 2644 1269 2687 410.
1325 2637 1365 2675 L,

915 2691 984 2731 Xx
1009 2700 1035 2731 2
