1815 3168
34 2133 45 2143 '
109 2127 363 2168 laudantibus.

512 149 514 151 ’
573 141 984 186 EVNVCHVS.

1372 156 1464 202 507

237 262 351 314 GN.
388 269 491 315 Sine
522 265 672 318 dubio,
707 268 882 330 opinor.
920 262 1028 312 CH.
1065 266 1170 329 quid
1202 282 1466 315 commemo-

335 358 429 388 rem
453 343 683 407 primum‘?
724 352 797 388 aut
819 340 990 387 laudem
1014 344 1247 386 maxume?

145 432 204 482 ις
244 417 430 465 Illumne
464 420 538 480 qui
571 417 681 463 mihi
703 417 820 463 dedit
843 414 1085 475 confilium,
1107 428 1154 462 vt
1172 417 1379 463 facerem:
1412 435 1467 464 an

341 509 426 544 me,
450 496 526 555 qui
548 492 669 538 ausus
695 490 771 537 sim

239 569 472 631 Incipere?
514 585 568 614 an
591 568 812 615 fortunam
841 566 1096 620 collaudem,
1122 583 1230 631 quae
1256 565 1468 626 guberna-

340 646 421 689 trix
451 645 534 690 fuit
546 661 558 698 ·,

242 722 367 773 Quae
389 730 453 765 tot
475 736 557 770 reg,
590 729 741 772 tantas,
778 729 865 765 tam
886 729 1105 783 oportune
1130 720 1177 764 in
1204 734 1341 766 vnum
1368 733 1469 763 con-

336 792 455 840 clusit
480 795 626 839 diem?

240 873 313 915 An
345 872 430 914 mei
456 872 590 933 patris
620 867 894 917 festiuitatem
927 880 971 917 et
993 870 1271 917 facilitatem?
1316 884 1344 916 o
1369 870 1472 933 Iup·

334 946 464 1009 piter,

169 1135 222 1177 14
252 1124 335 1164 Sine
354 1122 626 1179 dubioopinor]
658 1126 765 1176 Quia

107 1194 191 1222 non
219 1182 303 1231 quis
323 1181 462 1219 dicitur
491 1193 680 1232 perpetuo
702 1194 766 1233 pe-

106 1235 222 1276 riisse.
279 1236 386 1286 Quid
420 1237 526 1276 enim
557 1249 653 1288 opus
695 1238 766 1275 hac

108 1292 347 1343 exceptione
367 1291 431 1340 est,
462 1293 622 1343 quando
648 1307 767 1332 nemo

108 1349 160 1387 ita
188 1350 309 1399 perit,
338 1358 377 1386 vt
404 1349 667 1398 temporaliter
697 1361 766 1399 pe-

110 1415 212 1449 reat,
242 1415 280 1442 et
300 1402 429 1454 postea
446 1402 510 1441 fiat
542 1416 623 1441 non
641 1403 766 1455 perdi-

109 1463 195 1498 tus?
233 1459 414 1499 Correxit
450 1458 627 1511 parafirus
667 1459 766 1497 stulti

109 1516 261 1553 dierum-
275 1515 425 1553 militis:
457 1528 540 1553 non
562 1515 669 1553 illum
685 1527 765 1566 per·

107 1583 239 1623 petuo,
276 1567 340 1608 sed
359 1570 441 1621 fine
469 1568 579 1608 dubio
611 1567 766 1622 periifl'e

109 1627 242 1676 (adde,
255 1625 319 1677 fi)
343 1630 488 1678 opznnrz'
508 1623 761 1676 respondens.

108 1685 199 1722 Non
222 1681 275 1720 est
294 1683 399 1720 enim
425 1683 658 1720 contrarium
680 1682 766 1733 Opi-

106 1752 180 1778 ·nor
212 1752 246 1776 te
269 1737 413 1790 periisse
431 1738 511 1789 sine
532 1738 664 1786 dubzo,
696 1751 765 1787 pro

110 1804 217 1832 certo
267 1791 427 1843 periiffe.
509 1793 767 1835 Confirmatur

108 1847 265 1902 periiffe
283 1850 406 1896 miles,
429 1859 466 1886 vt
476 1849 560 1900 post
573 1861 678 1888 tanta
687 1863 767 1888 mu·

107 1919 203 1945 nera
223 1919 271 1944 ex
288 1901 487 1955 desperato
509 1902 684 1956 supplex,
716 1919 765 1944 ex

106 1959 279 2012 supplice
299 1971 451 2012 patiens
472 1962 601 1999 riualis
621 1961 763 2000 existat.

107 2018 220 2074 Qid
245 2030 516 2056 commemorem
540 2016 763 2070 primum?]

108 2073 308 2119 Διαπᾰςησις
355 2073 519 2111 oratoria
570 2072 764 2112 familiaris

420 2130 581 2177 Cicero,
618 2131 718 2168 Vnde
737 2131 765 2168 i-

108 2187 214 2241 gitur
229 2188 355 2235 potius
373 2185 567 2237 incipiam?
596 2187 681 2224 Hoc
702 2198 766 2222 au·

111 2251 190 2279 tem
219 2239 282 2288 fit,
319 2240 383 2292 vbi
410 2242 542 2279 omnia
569 2248 605 2280 et
622 2253 765 2293 magna

111 2295 292 2336 videntur
310 2306 348 2334 et
367 2297 482 2348 paria.
540 2298 588 2336 D.

170 2362 218 2401 15
249 2353 420 2401 Illumne,
458 2354 522 2404 qui
545 2349 639 2391 mihi
665 2352 766 2391 dedit

113 2405 312 2461 confilium]
343 2407 614 2448 Atrribuuntur
641 2406 765 2460 perso-

112 2463 174 2501 nis
194 2463 366 2511 coniitia,
390 2461 498 2510 faeta,
528 2461 642 2511 casus,
673 2475 710 2503 et
730 2477 768 2502 o·

111 2518 293 2557 rationes,
345 2521 448 2571 Ergo
487 2518 550 2557 hic
590 2519 764 2558 laudatur

111 2573 310 2612 confilium
329 2576 593 2622 Parmenonis,
622 2574 762 2615 saelum

110 2629 334 2674 Chaereae,
363 2627 463 2669 casus
488 2631 687 2682 fortunae,
720 2631 760 2670 id

1337 1022 1365 1065 S
1370 1035 1473 1064 erua

814 1125 881 1170 est,
904 1136 1086 1173 euentus,
1119 1124 1239 1164 oratio
1257 1118 1367 1162 senis.
1423 1120 1474 1160 1!-

814 1184 911 1231 lum,
940 1185 1000 1233 qui
1028 1181 1114 1218 mihi
1139 1181 1242 1219 dedit
1262 1177 1472 1232 confilium]

814 1240 910 1278 Tria
939 1235 1023 1275 sunt
1065 1237 1105 1274 in
1141 1237 1213 1274 vita
1252 1233 1471 1282 hominum,

817 1292 984 1341 consilia,
1005 1291 1112 1340 faeta,
1134 1288 1325 1330 succefl‘us.
1366 1292 1475 1332 Con·

814 1349 948 1397 filium,
968 1348 1088 1386 animi
1110 1347 1182 1386 est:
1213 1346 1474 1394 Factum,oe1·-

816 1405 938 1456 poris:
969 1400 1173 1448 Succeffus‚
1192 1401 1383 1441 fortunae.
1426 1402 1475 1440 1!-

816 1460 906 1512 lum]
939 1460 1219 1498 Parmenonem
1241 1455 1391 1496 seilicet.
1421 1459 1471 1497 D.

869 1519 931 1556 Ne
950 1512 1074 1553 versus
1096 1512 1189 1561 hiet,
1210 1525 1370 1565 repone,
1404 1514 1474 1565 qui

815 1572 856 1610 id
902 1569 1011 1620 nufias
1049 1570 1147 1619 fiam.
1178 1589 1181 1593 ,
1213 1569 1334 1609 Certe
1368 1568 1473 1619 ficm,

816 1627 920 1679 quod
950 1625 1067 1664 habet
1094 1638 1187 1663 vnus
1207 1623 1289 1663 cod*
1311 1625 1475 1675 requiri-

816 1693 877 1722 tur
892 1682 938 1722 ab
950 1682 1174 1722 Indicatiuis
1184 1681 1294 1728 dedit,
1296 1681 1398 1731 ficit.
1427 1682 1470 1719 B.

877 1751 925 1792 17
953 1740 1060 1791 Qcae
1078 1751 1136 1776 tot
1155 1737 1227 1789 re5]
1260 1738 1378 1784 Bene,
1400 1736 1475 1776 Tot

816 1808 898 1834 res:
929 1794 1031 1846 quati
1063 1792 1192 1840 dicat,
1239 1791 1474 1832 Eunuchum

816 1864 886 1903 pro
905 1863 984 1901 quo
1009 1849 1230 1894 duceretur,
1278 1860 1476 1887 commen-

816 1906 1014 1945 dationem
1039 1904 1223 1956 virginis,
1261 1901 1473 1942 absentiam

813 1963 1039 2009 meretricis,
1059 1960 1294 1998 occationem
1320 1960 1475 1998 vitiiin-

812 2017 996 2066 serendi„
1011 2017 1127 2068 patris
1148 2017 1412 2054 interuentum
1429 2015 1475 2055 in

814 2076 978 2126 nuptias.
1041 2075 1089 2112 D.

872 2137 920 2177 13
962 2131 1024 2168 An
1052 2129 1122 2166 mei
1144 2128 1266 2178 patris
1281 2124 1472 2178 ftstiuita-

815 2185 940 2238 mm]
970 2185 1093 2224 Etiam
1116 2183 1213 2234 patri
1235 2183 1315 2220 laus
1334 2184 1474 2234 impar·

813 2241 949 2279 tienda
968 2239 1042 2280 cst:
1072 2252 1159 2276 nam
1172 2251 1252 2276 non
1265 2235 1473 2277 erattrans-

815 2296 987 2335 eundum
1005 2295 1261 2345 Festitaeitatcm,
1283 2307 1356 2345 qua
1369 2305 1408 2333 et
1417 2293 1471 2333 fe-

814 2353 933 2392 stinus
985 2351 1144 2390 amatori
1185 2363 1265 2388 non
1316 2349 1469 2398 obstitit,

815 2409 919 2460 quod
948 2408 1102 2461 ignouit
1130 2415 1167 2443 vt
1193 2403 1336 2444 facilis:
1366 2406 1470 2444 vnde

803 2464 996 2517 fistzuitas
1012 2464 1053 2502 in
1076 2462 1195 2505 diuis,
1212 2460 1388 2513 facilitas
1408 2474 1468 2499 ve-

814 2534 857 2560 ro
877 2522 918 2559 in
946 2521 1077 2558 animo
1111 2528 1149 2556 et
1179 2515 1298 2556 saetis.
1359 2516 1467 2567 Festi.

812 2576 984 2629 uitatem]
1015 2575 1236 2614 Laetitiam:
1272 2582 1328 2621 vt,
1358 2572 1465 2623 Festi·

809 2646 875 2674 uus
894 2633 970 2673 dies
991 2629 1050 2684 cst.
1110 2629 1163 2671 D.
