1815 3168
617 105 931 152 ANDRIAs

1341 122 1433 169 223

203 232 282 284 PA
299 250 353 282 M.
403 237 482 281 Me
516 233 742 281 miserum!
794 231 866 278 81.
900 226 1031 282 hem!
1067 232 1259 279 modone
1290 235 1334 280 id
1368 236 1438 282 de·

298 327 421 366 mum
443 308 579 362 sensti,
601 308 860 372 Pamphile?

199 386 323 432 Olim
345 384 463 438 istuc,
488 384 606 436 olim,
631 401 732 430 cum
758 385 815 430 ita
837 385 1033 428 animum
1047 383 1221 429 induxti
1252 393 1394 436 tuum,

203 461 339 519 Quod
362 477 557 525 cuperes,
580 461 725 522 aliquo
749 456 879 522 pasto
902 455 1185 504 efficiundum
1209 458 1311 516 tibi3

201 537 371 583 Eodem
393 536 462 582 die
483 534 588 581 istuc
610 533 795 590 verbum
815 550 916 580 vere
936 535 980 579 in
1006 544 1049 579 te
1072 533 1237 585 accidit,

111 628 167 675 15
205 612 289 659 Sed
315 612 420 676 quid
441 611 553 672 ego?
595 627 671 656 cur
693 625 764 654 me
788 609 1020 655 excrucio?
1059 625 1137 654 cur
1149 625 1219 654 me
1231 607 1438 655 macero?

204 691 294 734 Cur
313 704 456 742 meam
480 682 745 732 sene9cutem
767 684 898 729 huius
921 684 1101 730 sollicito
1121 685 1338 730 amentia?

201 767 274 810 An
299 774 344 810 vt
363 780 447 828 pro
469 762 599 807 huius
619 763 802 825 peccatis
816 775 900 820 ego
921 759 1182 823 supplicium
1204 756 1439 805 sufferam?

200 842 300 886 Imo
314 838 489 907 *habea-t,
510 837 660 889 valeat,
679 837 797 883 viuat
817 851 918 881 cum
939 835 1023 881 illa.
1045 832 1081 882 P
1092 848 1126 879 A
1139 848 1196 884 Μ.
1215 836 1278 880 mi
1290 843 1436 900 pater.

84 1128 88 1131 -
126 1105 174 1138 11
223 1088 294 1134 Me
327 1086 519 1148 miserum]
565 1094 727 1133 Initium

70 1149 308 1191 defenfionis
337 1161 379 1190 et
397 1150 613 1202 deploratio
633 1151 727 1188 cala-

69 1207 212 1248 mitatis
232 1217 271 1245 et
290 1203 484 1246 miseriae:
515 1207 604 1257 quia
624 1207 667 1244 in
679 1211 729 1247 A·

69 1274 221 1303 morem
253 1263 404 1313 culpam
433 1271 610 1301 remouet
628 1276 649 1300 a
668 1274 731 1300 vo·

69 1319 220 1358 luntate
238 1314 312 1367 sua,
332 1330 451 1381 quum
472 1328 599 1367 pater,
625 1316 731 1368 quod

71 1384 174 1414 amat
190 1371 299 1421 filius,
321 1374 387 1411 viti
391 1387 457 1411 um
477 1374 618 1412 mentis
635 1372 735 1410 dicat

75 1426 174 1475 effe,
203 1442 286 1467 non
306 1426 513 1481 impulsum
528 1430 616 1468 Dei.
638 1426 730 1480 (Ms.

75 1458 198 1527 Hulst.
231 1486 334 1524 Vitio
364 1486 496 1525 mentis
522 1484 622 1523 dicat
635 1480 741 1537 quast

37 1541 139 1604 effi
158 1541 362 1593 impuffiem.
421 1544 591 1588 Vetffem,
622 1551 660 1579 vt
684 1554 733 1579 ex

72 1608 209 1636 mente
226 1597 382 1645 Donati,
402 1596 461 1635 cui
480 1599 604 1635 Amor
623 1600 732 1636 Deus

69 1652 135 1692 est.
168 1652 255 1692 Vid.
274 1651 377 1691 infra
406 1648 498 1691 vers.
522 1653 611 1706 ες.)
641 1651 730 1690 Mo·-

71 1709 162 1753 done
188 1709 228 1748 id
246 1710 388 1748 demum
399 1706 530 1759 ftnsti,
560 1706 727 1759 Pamphi-

72 1764 159 1820 Ie?]
197 1763 531 1816 comprobatione
563 1763 732 1803 ostendit

72 1834 164 1861 eum
206 1818 285 1861 ess'e
323 1818 513 1860 miser-,um
570 1820 731 1859 Demum

74 1889 225 1925 autem,
263 1876 414 1930 {ignum
446 1875 500 1915 est
533 1876 732 1916 tarditatis.

71 1930 123 1976 'Et
141 1933 282 1984 fintire
303 1932 462 1982 dicitur
485 1934 557 1984 qui
578 1934 641 1971 vix
660 1934 734 1972 col·

73 1990 159 2043 ligit
185 1988 240 2038 se,
267 1989 411 2041 vixque
437 1987 730 2028 animaduertit:

75 2056 118 2085 vt
138 2045 240 2095 alibi,
275 2046 352 2085 Vix
378 2045 525 2085 tandem
545 2041 651 2097 stnst
632 2045 731 2098 tsto-

75 2100 182 2142 lidus
238 2103 291 2144 D

136 2169 184 2199 12
215 2157 314 2197 Olim
340 2156 430 2208 istuc
458 2157 564 2212 olim]
596 2155 735 2196 Obiur-

75 2214 183 2266 gatio
207 2213 271 2262 est,
295 2213 398 2265 quod
417 2213 560 2253 dictum
572 2212 625 2252 est
636 2214 733 2255 olim.

65 2267 428 2311 'Confirmationem
446 2281 574 2310 autem
592 2283 662 2320 pei·
679 2283 734 2308 re-

79 2325 310 2379 petitionem
329 2325 506 2366 ostendit.
527 2330 581 2367 Vt
591 2326 734 2378 Virgil.

79 2383 204 2432 (Aen.
225 2394 281 2429 ιι,
307 2385 424 2434 602.)
452 2405 509 2413 —
537 2383 662 2421 diuum
682 2383 736 2421 in-

81 2436 287 2486 clementia,
315 2439 460 2488 diuum,
490 2439 573 2479 Has
602 2440 738 2478 euertit

80 2505 175 2545 opes.
230 2495 279 2533 D.

140 2561 187 2600 13
230 2547 362 2602 Aliquo
389 2551 513 2606 pac'lo]
561 2552 733 2602 Quoquo

81 2603 214 2645 modo.
269 2607 316 2644 D.

141 2671 192 2715 14
220 2658 386 2714 Accidit]
418 2663 559 2713 euenit,
571 2660 652 2702 fuit.
684 2663 733 2702 D

1356 949 1438 996 81.

834 1101 884 1144 ις
914 1088 986 1130 Sed
1014 1088 1107 1142 quid
1132 1088 1254 1144 ego?]
1284 1089 1439 1142 Pro'pri-

776 1160 844 1186 um
872 1145 927 1185 est
956 1144 1180 1196 parentibus
1198 1144 1439 1199 indignatio·

778 1216 832 1243 ne
870 1203 976 1242 velut
994 1199 1163 1240 abiicere
1194 1215 1322 1240 curam
1341 1199 1439 1241 filio-

780 1267 884 1307 rum2
916 1271 1034 1309 quum
1056 1256 1329 1297 destomachati
1353 1256 1440 1297 fue-

779 1316 866 1353 rint.
921 1314 992 1352 Sed
1016 1315 1106 1366 quid
1132 1314 1250 1367 eg0?]
1290 1311 1438 1359 ἔλλειψις

781 1383 851 1422 per
876 1367 1105 1411 ἀποσιώπησιν.
1161 1370 1209 1408 D.

833 1424 930 1466 Cod.
949 1424 1224 1473 Academicus:
1253 1424 1326 1465 Sed
1345 1425 1444 1478 quid

781 1496 844 1537 ego
871 1495 928 1521 me
952 1481 1098 1520 autem?
1139 1494 1203 1519 cur
1235 1482 1438 1521 excrucio?

782 1549 853 1576 ete.
880 1537 1013 1584 Recte,
1043 1535 1252 1577 dummodo
1283 1536 1440 1576 deleue-

780 1594 831 1632 ris
856 1606 931 1631 cur.
990 1596 1030 1632 B.

837 1650 883 1690 16
913 1646 1096 1701 Sollicito]
1127 1647 1336 1688 Sollicitam
1356 1645 1442 1687 red·

780 1703 851 1754 do,
881 1703 920 1743 id
938 1703 1000 1753 est,
1030 1703 1211 1743 contristo
1231 1714 1272 1743 et
1291 1715 1438 1756 peitur-

779 1760 843 1800 bo.
910 1758 989 1800 Cu'r
1033 1773 1149 1799 meam
1186 1758 1437 1814 finec'Jutem]

779 1821 871 1858 Non
897 1830 971 1865 me,
1015 1814 1082 1856 sed
1109 1828 1240 1855 meam
1269 1814 1439 1856 seiiefitu-

781 1884 880 1912 tem:
907 1872 1012 1925 quod
1034 1873 1119 1926 plus
1140 1871 1205 1921 est,
1224 1883 1264 1911 et
1286 1869 1439 1912 misera-

781 1929 894 1968 bilius
919 1929 1024 1968 dicit.
1082 1931 1130 1969 D.

838 1992 887 2033 18
919 1986 995 2025 Imo
1009 1983 1157 2031 habeat,
1176 1982 1317 2038 valeat]
1347 1987 1438 2025 Non

780 2039 946 2081 irascitur
965 2053 1003 2080 vt
1024 2052 1149 2093 pater,
1180 2038 1244 2080 sed
1273 2040 1440 2080 diffimu.

779 2099 832 2138 lat
855 2109 893 2138 vt
913 2098 1083 2136 alienus:
1114 2097 1204 2147 quia
1226 2096 1439 2135 vehemen-

784 2165 843 2197 ter
861 2154 980 2193 dolet.
1037 2157 1086 2193 Et
1103 2150 1246 2200 habeat,
1265 2150 1441 2192 subaudi-

784 2221 844 2249 tur
860 2209 969 2249 illam.
1027 2211 1090 2249 Mi
1102 2209 1229 2262 pater]
1257 2208 1336 2258 Mi,
1361 2221 1441 2247 me-

784 2280 838 2306 us.
894 2269 941 2305 Et
981 2265 1215 2316 principium
1250 2263 1391 2304 factum
1418 2277 1442 2303 a

787 2322 1060 2362 conciliatione
1082 2317 1280 2372 personae.
1343 2321 1392 2359 D.

838 2379 905 2418 Mi
925 2377 1052 2430 pater]
1097 2379 1155 2416 Ex
1184 2376 1348 2415 nomine
1375 2375 1442 2414 be·

786 2434 1051 2473 neuolentiam
1075 2443 1280 2483 comparat.
1320 2433 1444 2472 Dein-

787 2490 837 2529 de
882 2490 1026 2542 petitur
1071 2488 1284 2528 audientia.
1354 2486 1444 2528 Post

785 2544 1029 2598 subiungitur
1047 2545 1221 2593 narratio,
1242 2545 1283 2582 in
1303 2542 1442 2596 quaest

784 2604 945 2642 venialis
973 2600 1108 2639 status.-
1134 2600 1215 2653 Ego
1236 2614 1288 2640 me
1318 2613 1443 2640 amare

783 2658 881 2702 hanc
901 2655 1090 2709 confiteor.
1146 2661 1190 2699 E.
