1815 3168
569 78 978 134 EVNVCHVS.

1340 102 1438 151 427

215 206 434 266 Primi—lin}
471 209 605 268 istam,
627 229 760 278 quam
778 211 928 266 habes,
948 207 1074 275 [vnde
1092 209 1225 260 habes
1247 213 1442 267 vestem?

313 303 429 338 taces
443 291 466 334 ⁰?

213 364 465 416 Monstrum
496 365 714 413 hominis!
754 379 847 413 non
882 356 1122 411 diauru's?
1167 360 1278 411 Do.
1321 368 1442 415 venit

311 441 517 489 Chaerea.

95 485 184 581 *30
213 515 312 567 PH.
359 513 600 565 Fraterne?
646 513 758 563 Do.

803 515 876 561 ita.
923 508 1027 564 ΡΗ.
1073 508 1282 577 quando?
1329 511 1443 564 Do.

313 590 460 639 hodie.
494 588 593 638 ΡΗ.
624 607 755 654 quam
779 588 977 636 dudum?
1015 584 1127 634 Do.
1165 588 1316 635 modo.

216 667 319 718 PH.
361 664 585 720 Quicum?
616 663 725 713 Do.
770 681 872 712 cum
902 667 1190 712 Parmenone.
1229 663 1330 712 Pu.
1364 664 1446 727 ηοξ

313 741 433 788 rasne
455 757 557 788 eum
576 740 735 805 prius?

217 814 322 866 D0.
341 820 392 864 N
395 833 467 866 on.
486 832 583 870 nec,
604 816 702 879 quis
727 811 842 870 ess'et,
862 818 1055 880 vnquarn
1065 814 1286 863 audieram
1298 814 1450 866 dicier.¹

83 1015 222 1058 iisdem
270 1016 391 1070 longa
431 1014 475 1056 fit
515 1013 741 1069 disputatio:

82 1072 152 1114 sed
176 1073 274 1112 mire
294 1087 315 1112 a
335 1073 524 1112 Terentio
542 1071 743 1124 proferun-

1346 895 1449 939 Pu.

849 1028 903 1069 29
936 1013 1144 1066 Monstrum
1155 1014 1313 1055 hominis
1322 1014 1358 1068 Ι]
1378 1017 1450 1055 Be-

794 1084 848 1111 ne
875 1071 1062 1111 Eunucho
1089 1072 1233 1111 dic‘tum
1259 1070 1314 1109 est
1332 1071 1449 1110 Mon-

81 1141 146 1169 tur
166 1129 214 1168 ad
233 1129 315 1168 eius
326 1128 568 1180 exemplum3
590 1138 628 1168 et
639 1126 745 1180 quod
785 1128 903 1180 strum
940 1127 1120 1166 hominis.-
1164 1126 1239 1165 hoc
1265 1125 1337 1175 est,
1374 1139 1450 1166 nec

83 1185 140 1226 est
159 1186 253 1236 plus>
276 1196 407 1223 carent
418 1184 599 1224 Plautinis
609 1185 737 1237 nugis.

85 1240 276 1294 Agedum]
322 1239 448 1286 Dum,
490 1246 652 1285 παρέλκον
679 1239 745 1288 est,

88 1308 132 1335 et
157 1295 311 1334 adiuuat
345 1308 394 1334 ex
430 1295 560 1334 animo
583 1296 749 1347 {oquen-

89 1360 184 1391 tem.
238 1353 286 1391 D.

146 1403 407 1459 Cognoscitur
453 1403 598 1444 deinde
643 1403 749 1456 quod

88 1462 155 1503 hic
183 1461 396 1502 Eunuchus
422 1474 504 1500 non
525 1461 676 1500 venerit
701 1458 748 1498 ad

86 1518 307 1559 meretricis
328 1516 499 1565 domurn,
524 1517 616 1556 ideo
635 1515 752 1554 effici·

91 1585 156 1615 tur
174 1573 425 1624 interrogatio
447 1586 470 1611 a
489 1571 663 1619 domino,
695 1571 750 1609 A·

89 1630 226 1686 gedum
262 1628 330 1668 hoc
365 1641 460 1667 nunc
490 1626 582 1667 mibi
607 1626 748 1678 expedi,

90 1689 254 1739 primum
275 1682 388 1735 istam,
414 1696 523 1736 quam
540 1680 660 1730 hahes,
673 1694 747 1720 vn-

89 1743 139 1780 de
160 1740 266 1780 habes
283 1739 429 1793 vestem]
461 1738 748 1789 Quamremin-

90 1806 310 1849 terrogatus
357 1806 484 1834 narrat
523 1792 746 1841 Eunuchus,

90 1850 242 1892 venifl'e
259 1849 490 1899 Chaeream,
513 1847 618 1889 suam
641 1860 748 1887 acce-

91 1904 192 1962 pifl'e
218 1905 381 1953 vestem,
417 1904 520 1945 hanc
545 1917 660 1957 quarn
685 1903 750 1944 ha-

85 1964 161 2004 bet
189 1962 257 2002 fibi
287 1958 434 2001 dedisse
443 1975 456 2009 3
487 1959 635 2002 deinde
663 1972 751 1999 cum

91 2022 341 2062 Parmenone
357 2019 544 2057 continuo
561 2014 752 2071 egressum

40 2066 50 2080 '
94 2075 208 2116 foras.
264 2075 396 2125 Quare
434 2072 655 2113 confirmata
696 2084 754 2111 ac-

95 2129 262 2171 cusantis
280 2129 472 2170 conclufio
483 2128 658 2176 efficitur,
674 2129 755 2168 Iam

82 2186 188 2239 >fitis
214 2187 329 2226 credis
338 2185 507 2236 sobriam
532 2184 595 2237 effe
614 2197 690 2233 me,
720 2196 755 2223 et

96 2243 196 2283 nihil
229 2246 418 2282 mentitam
454 2241 580 2294 tibi?]
629 2239 756 2279 Sobri-

99 2312 185 2347 aem,
211 2299 300 2349 quia
326 2297 434 2350 supra
461 2299 515 2337 illi
532 2294 755 2340 adolescens

100 2353 260 2402 dixerat,
277 2354 481 2394 Temulenta
502 2367 550 2393 es.
605 2353 757 2392 Adiun-

102 2410 164 2462 git
192 2409 298 2448 enim
340 2407 622 2455 terminationis
659 2405 756 2446 sum-

101 2475 217 2513 mam,
242 2466 318 2507 Iam
327 2465 425 2516 fiatis
447 2478 586 2505 certum
597 2463 659 2515 ιβ,
676 2465 756 2503 vir·

102 2523 227 2576 ginem
244 2523 415 2560 vitiatam
434 2521 505 2574 ff·
560 2523 602 2562 E.

158 2583 210 2625 28
249 2577 409 2630 Taces?]
437 2579 486 2618 Et
514 2577 617 2616 recie
635 2585 758 2618 tacet}

101 2633 192 2683 quia
210 2633 347 2673 metuit
365 2633 593 2676 Chaeream.
650 2636 700 2678 D.

794 1196 888 1230 mam,
907 1195 982 1222 nec
999 1181 1144 1222 femina
1163 1181 1345 1221 existenst
1384 1182 1450 1221 Sic

796 1250 836 1278 et
869 1236 1001 1291 supra,
1023 1237 1147 1289 finem
1181 1237 1366 1278 mulierem
1395 1237 1453 1276 di-

795 1295 861 1334 xit.
916 1298 969 1335 D.

851 1360 905 1401 30
935 1348 1071 1403 Modo]
1101 1351 1202 1389 Nota
1219 1349 1322 1388 modo
1337 1362 1455 1400 aper..

799 1414 839 1443 te
865 1415 937 1455 pro
965 1405 1172 1453 praeterito
1198 1415 1376 1455 tempore
1399 1404 1457 1443 di·

800 1460 900 1498 &tum
912 1471 915 1483 ²
927 1457 1022 1508 effe,
1051 1459 1096 1498 id*
1112 1459 1183 1507 est,
1215 1458 1453 1500 iamdudum.

800 1518 899 1556 Nam
937 1515 1002 1566 qui
1031 1516 1224 1554 vitiauerat
1251 1515 1456 1568 virginem,

800 1584 883 1610 non
910 1571 1039 1618 modo,
1074 1568 1140 1609 sed
1162 1569 1267 1623 loz-ge
1286 1584 1371 1610 ante
1391 1583 1459 1609 ve-

799 1626 896 1664 stem
942 1627 1104 1664 mutauit
1137 1637 1229 1664 cum
1265 1625 1458 1666 Eunucho

797 1680 998 1722 Phaedria.
1053 1684 1104 1722 D.

853 1737 1033 1777 Fraterne
1063 1739 1135 1789 ita]
1172 1733 1350 1777 Priscian.
1388 1736 1458 1778 lib.

795 1805 864 1837 xv.
917 1795 958 1835 L.

852 1849 982 1901 Lege'‚
999 1848 1130 1892 VMeus
1149 1847 1359 1900 fraterne?
1394 1861 1461 1898 ne,

799 1905 866 1952 ita,
885 1905 926 1943 in
941 1903 1058 1944 Thefi
1074 1905 1201 1954 lateat,
1221 1915 1273 1955 et,
1294 1905 1460 1957 quando,

799 1958 845 2000 fit
862 1959 943 2006 fine
959 1957 1209 2013 synaloepha.
1262 1963 1304 2000 B.

858 2028 909 2070 31
942 2016 1172 2072 Qticum'3]
1211 2014 1463 2066 Praepofitio,

804 2084 904 2121 cum,
931 2071 990 2111 his
1020 2070 1252 2111 dictionibus
1275 2067 1463 2123 supponi·

804 2138 888 2178 tur,
919 2131 1076 2181 quic-um,
1113 2125 1309 2177 ttobifium,
1341 2126 1463 2178 vobis:

805 2196 898 2223 cum.
961 2184 1135 2225 Caeteris
1155 2195 1265 2230 vero,
1291 2183 1345 2222 ita
1373 2193 1411 2226 vt
1433 2184 1464 2221 i-

805 2236 916 2291 psum
933 2252 1078 2280 nomen
1098 2236 1329 2291 praescribit,
1349 2247 1462 2289 prae,-

806 2295 988 2347 ponitur:
1016 2305 1066 2342 vt,
1097 2296 1188 2335 Cum
1209 2297 1352 2344 amicis,
1383 2308 1465 2335 cum

814 2353 990 2400 exercitu,
1012 2364 1096 2391 cum
1111 2351 1313 2390 aduocatis.
1355 2352 1407 2390 D.

859 2419 913 2460 32
942 2411 1015 2448 Pro
1044 2407 1145 2446 binis
1173 2419 1292 2445 vnum
1313 2402 1462 2446 versum

806 2458 953 2503 habent
970 2460 1103 2503 Bemb.
1123 2462 1264 2503 Bafilic.
1284 2461 1463 2502 etnoster

805 2520 1095 2561 Academicus:
1139 2520 1188 2559 D.
1230 2518 1330 2559 Non.
1378 2522 1460 2558 ΡΗ.

803 2577 900 2621 vnde
925 2577 1048 2635 igitur
1065 2575 1238 2631 fratrem
1257 2587 1373 2614 meum
1401 2572 1463 2623 effe

1384 2629 1463 2682 fii}
