<?xml version="1.0" encoding="UTF-8"?>
<!DOCTYPE html PUBLIC "-//W3C//DTD XHTML 1.0 Transitional//EN"
    "http://www.w3.org/TR/xhtml1/DTD/xhtml1-transitional.dtd">
<html xmlns="http://www.w3.org/1999/xhtml" xml:lang="en" lang="en">
 <head>
  <title>
</title>
<meta http-equiv="Content-Type" content="text/html;charset=utf-8" />
  <meta name='ocr-system' content='tesseract 3.04.00' />
  <meta name='ocr-capabilities' content='ocr_page ocr_carea ocr_par ocr_line ocrx_word'/>
</head>
<body>
  <div class='ocr_page' id='page_1' title='image "./comoediaesexexre01tereuoft_0712.png"; bbox 0 0 1815 3168; ppageno 0'>
   <div class='ocr_carea' id='block_1_1' title="bbox 320 124 420 181">
    <p class='ocr_par' dir='ltr' id='par_1_1' title="bbox 320 124 420 181">
     <span class='ocr_line' id='line_1_1' title="bbox 320 124 420 181; baseline -0.03 -11"><span class='ocrx_word' id='word_1_1' title='bbox 320 124 420 181; x_wconf 87' lang='lat'>614</span> 
     </span>
    </p>
   </div>
   <div class='ocr_carea' id='block_1_2' title="bbox 717 118 1281 167">
    <p class='ocr_par' dir='ltr' id='par_1_2' title="bbox 717 118 1281 167">
     <span class='ocr_line' id='line_1_2' title="bbox 717 118 1281 167; baseline -0.004 -1"><span class='ocrx_word' id='word_1_2' title='bbox 717 119 980 167; x_wconf 84' lang='lat' dir='ltr'>ACT.111.</span> <span class='ocrx_word' id='word_1_3' title='bbox 1018 119 1216 167; x_wconf 80' lang='lat' dir='ltr'><strong>SCEN.</strong></span> <span class='ocrx_word' id='word_1_4' title='bbox 1246 118 1281 164; x_wconf 87' lang='lat'>1.</span> 
     </span>
    </p>
   </div>
   <div class='ocr_carea' id='block_1_3' title="bbox 458 237 1495 370">
    <p class='ocr_par' dir='ltr' id='par_1_3' title="bbox 458 237 1495 370">
     <span class='ocr_line' id='line_1_3' title="bbox 459 237 1495 310; baseline -0.003 -15"><span class='ocrx_word' id='word_1_5' title='bbox 459 251 527 295; x_wconf 87' lang='lat' dir='ltr'>Sic</span> <span class='ocrx_word' id='word_1_6' title='bbox 549 248 702 300; x_wconf 84' lang='lat' dir='ltr'>facere,</span> <span class='ocrx_word' id='word_1_7' title='bbox 729 246 836 293; x_wconf 86' lang='lat' dir='ltr'>illud</span> <span class='ocrx_word' id='word_1_8' title='bbox 855 248 1087 310; x_wconf 83' lang='lat' dir='ltr'>permagni</span> <span class='ocrx_word' id='word_1_9' title='bbox 1109 245 1272 291; x_wconf 83' lang='lat' dir='ltr'>referre</span> <span class='ocrx_word' id='word_1_10' title='bbox 1294 237 1495 299; x_wconf 39' lang='lat' dir='ltr'>arbitron*</span> 
     </span>
     <span class='ocr_line' id='line_1_4' title="bbox 458 318 1355 370; baseline -0.001 -1"><span class='ocrx_word' id='word_1_11' title='bbox 458 329 519 370; x_wconf 85' lang='lat' dir='ltr'>Vt</span> <span class='ocrx_word' id='word_1_12' title='bbox 542 324 801 370; x_wconf 74' lang='lat' dir='ltr'>nescientem</span> <span class='ocrx_word' id='word_1_13' title='bbox 825 323 974 368; x_wconf 79' lang='lat' dir='ltr'>sentiat</span> <span class='ocrx_word' id='word_1_14' title='bbox 999 332 1040 367; x_wconf 89' lang='lat' dir='ltr'>te</span> <span class='ocrx_word' id='word_1_15' title='bbox 1065 320 1110 366; x_wconf 79' lang='lat' dir='ltr'>id</span> <span class='ocrx_word' id='word_1_16' title='bbox 1131 319 1207 366; x_wconf 78' lang='lat' dir='ltr'>fibi</span> <span class='ocrx_word' id='word_1_17' title='bbox 1239 318 1355 368; x_wconf 81' lang='lat' dir='ltr'>dare.</span> 
     </span>
    </p>
   </div>
   <div class='ocr_carea' id='block_1_4' title="bbox 363 396 625 449">
    <p class='ocr_par' dir='ltr' id='par_1_4' title="bbox 363 396 625 449">
     <span class='ocr_line' id='line_1_5' title="bbox 363 396 625 449; baseline -0.027 0"><span class='ocrx_word' id='word_1_18' title='bbox 363 397 430 449; x_wconf 89' lang='lat'>60</span> <span class='ocrx_word' id='word_1_19' title='bbox 464 396 625 444; x_wconf 61' lang='lat' dir='ltr'>Men.</span> 
     </span>
    </p>
   </div>
   <div class='ocr_carea' id='block_1_5' title="bbox 561 473 891 536">
    <p class='ocr_par' dir='ltr' id='par_1_5' title="bbox 561 473 891 536">
     <span class='ocr_line' id='line_1_6' title="bbox 561 473 891 536; baseline 0.006 -18"><span class='ocrx_word' id='word_1_20' title='bbox 561 473 679 536; x_wconf 85' lang='lat' dir='ltr'>quod</span> <span class='ocrx_word' id='word_1_21' title='bbox 705 475 864 531; x_wconf 75' lang='lat' dir='ltr'>cogitas</span> <span class='ocrx_word' id='word_1_22' title='bbox 879 485 891 520; x_wconf 71' lang='grc' dir='ltr'><strong>ἱ</strong></span> 
     </span>
    </p>
   </div>
   <div class='ocr_carea' id='block_1_6' title="bbox 459 542 1142 610">
    <p class='ocr_par' dir='ltr' id='par_1_6' title="bbox 459 542 1142 610">
     <span class='ocr_line' id='line_1_7' title="bbox 459 542 1142 610; baseline -0.009 -14"><span class='ocrx_word' id='word_1_23' title='bbox 459 554 542 596; x_wconf 83' lang='lat' dir='ltr'>Per</span> <span class='ocrx_word' id='word_1_24' title='bbox 579 550 710 594; x_wconf 77' lang='lat' dir='ltr'>alium</span> <span class='ocrx_word' id='word_1_25' title='bbox 733 542 936 610; x_wconf 75' lang='lat' dir='ltr'>quemuis</span> <span class='ocrx_word' id='word_1_26' title='bbox 968 555 1016 593; x_wconf 82' lang='lat' dir='ltr'>vt</span> <span class='ocrx_word' id='word_1_27' title='bbox 1044 544 1142 591; x_wconf 84' lang='lat' dir='ltr'>des:</span> 
     </span>
    </p>
   </div>
   <div class='ocr_carea' id='block_1_7' title="bbox 673 392 1697 460">
    <p class='ocr_par' dir='ltr' id='par_1_7' title="bbox 673 392 1697 460">
     <span class='ocr_line' id='line_1_8' title="bbox 673 392 1697 460; baseline -0.002 -18"><span class='ocrx_word' id='word_1_28' title='bbox 673 399 793 451; x_wconf 84' lang='lat' dir='ltr'>Quid</span> <span class='ocrx_word' id='word_1_29' title='bbox 813 393 996 444; x_wconf 78' lang='lat' dir='ltr'>faciam?</span> <span class='ocrx_word' id='word_1_30' title='bbox 1037 392 1146 443; x_wconf 81' lang='lat' dir='ltr'>CH.</span> <span class='ocrx_word' id='word_1_31' title='bbox 1185 394 1359 458; x_wconf 90' lang='lat' dir='ltr'>quiduis</span> <span class='ocrx_word' id='word_1_32' title='bbox 1379 395 1544 460; x_wconf 82' lang='lat' dir='ltr'>potius,</span> <span class='ocrx_word' id='word_1_33' title='bbox 1566 408 1697 457; x_wconf 85' lang='lat' dir='ltr'>quam</span> 
     </span>
    </p>
   </div>
   <div class='ocr_carea' id='block_1_8' title="bbox 1185 542 1464 591">
    <p class='ocr_par' dir='ltr' id='par_1_8' title="bbox 1185 542 1464 591">
     <span class='ocr_line' id='line_1_9' title="bbox 1185 542 1464 591; baseline 0.004 -1"><span class='ocrx_word' id='word_1_34' title='bbox 1185 543 1272 590; x_wconf 84' lang='lat' dir='ltr'>falli</span> <span class='ocrx_word' id='word_1_35' title='bbox 1290 554 1333 591; x_wconf 86' lang='lat' dir='ltr'>te</span> <span class='ocrx_word' id='word_1_36' title='bbox 1354 542 1464 591; x_wconf 79' lang='lat' dir='ltr'>{inas</span> 
     </span>
    </p>
   </div>
   <div class='ocr_carea' id='block_1_9' title="bbox 361 618 1656 915">
    <p class='ocr_par' dir='ltr' id='par_1_9' title="bbox 460 618 1656 686">
     <span class='ocr_line' id='line_1_10' title="bbox 460 618 1656 686; baseline -0.003 -15"><span class='ocrx_word' id='word_1_37' title='bbox 460 625 659 671; x_wconf 75' lang='lat' dir='ltr'>Technis</span> <span class='ocrx_word' id='word_1_38' title='bbox 686 640 765 686; x_wconf 85' lang='lat' dir='ltr'>per</span> <span class='ocrx_word' id='word_1_39' title='bbox 786 621 1027 667; x_wconf 81' lang='lat' dir='ltr'>seruolum:</span> <span class='ocrx_word' id='word_1_40' title='bbox 1065 618 1137 666; x_wconf 82' lang='lat' dir='ltr'>etfi</span> <span class='ocrx_word' id='word_1_41' title='bbox 1164 618 1343 666; x_wconf 77' lang='lat' dir='ltr'>subsensi</span> <span class='ocrx_word' id='word_1_42' title='bbox 1369 620 1414 665; x_wconf 85' lang='lat' dir='ltr'>id</span> <span class='ocrx_word' id='word_1_43' title='bbox 1436 634 1628 683; x_wconf 83' lang='lat' dir='ltr'>quoque,</span> <span class='ocrx_word' id='word_1_44' title='bbox 1646 654 1656 667; x_wconf 76' lang='grc'><em>.</em></span> 
     </span>
    </p>

    <p class='ocr_par' dir='ltr' id='par_1_10' title="bbox 457 693 1544 757">
     <span class='ocr_line' id='line_1_11' title="bbox 457 693 1544 757; baseline -0.005 -12"><span class='ocrx_word' id='word_1_45' title='bbox 457 700 564 745; x_wconf 74' lang='lat' dir='ltr'>Illos</span> <span class='ocrx_word' id='word_1_46' title='bbox 595 700 650 744; x_wconf 84' lang='lat' dir='ltr'>ibi</span> <span class='ocrx_word' id='word_1_47' title='bbox 679 695 775 748; x_wconf 79' lang='lat' dir='ltr'>effe,</span> <span class='ocrx_word' id='word_1_48' title='bbox 798 708 841 743; x_wconf 84' lang='lat' dir='ltr'>et</span> <span class='ocrx_word' id='word_1_49' title='bbox 865 696 910 742; x_wconf 89' lang='lat' dir='ltr'>id</span> <span class='ocrx_word' id='word_1_50' title='bbox 932 712 1059 757; x_wconf 83' lang='lat' dir='ltr'>agere</span> <span class='ocrx_word' id='word_1_51' title='bbox 1084 697 1198 741; x_wconf 84' lang='lat' dir='ltr'>inter</span> <span class='ocrx_word' id='word_1_52' title='bbox 1218 693 1259 740; x_wconf 85' lang='lat' dir='ltr'>se</span> <span class='ocrx_word' id='word_1_53' title='bbox 1282 694 1544 741; x_wconf 87' lang='lat' dir='ltr'>clanculum.</span> 
     </span>
    </p>

    <p class='ocr_par' dir='ltr' id='par_1_11' title="bbox 361 765 1567 915">
     <span class='ocr_line' id='line_1_12' title="bbox 463 765 1567 836; baseline -0.004 -15"><span class='ocrx_word' id='word_1_54' title='bbox 463 765 600 836; x_wconf 83' lang='lat' dir='ltr'>Syrus</span> <span class='ocrx_word' id='word_1_55' title='bbox 622 791 722 819; x_wconf 86' lang='lat' dir='ltr'>cum</span> <span class='ocrx_word' id='word_1_56' title='bbox 747 772 823 819; x_wconf 83' lang='lat' dir='ltr'>illo</span> <span class='ocrx_word' id='word_1_57' title='bbox 844 770 983 818; x_wconf 85' lang='lat' dir='ltr'>vestro</span> <span class='ocrx_word' id='word_1_58' title='bbox 1006 770 1297 817; x_wconf 84' lang='lat' dir='ltr'>consusurrat:</span> <span class='ocrx_word' id='word_1_59' title='bbox 1332 771 1567 818; x_wconf 84' lang='lat' dir='ltr'>conferunt</span> 
     </span>
     <span class='ocr_line' id='line_1_13' title="bbox 361 844 1376 915; baseline -0.006 -17"><span class='ocrx_word' id='word_1_60' title='bbox 361 851 432 915; x_wconf 75' lang='lat'>65</span> <span class='ocrx_word' id='word_1_61' title='bbox 466 847 652 897; x_wconf 82' lang='lat' dir='ltr'>Confilia</span> <span class='ocrx_word' id='word_1_62' title='bbox 673 847 984 894; x_wconf 81' lang='lat' dir='ltr'>adolescentes:</span> <span class='ocrx_word' id='word_1_63' title='bbox 1024 857 1068 893; x_wconf 87' lang='lat' dir='ltr'>et</span> <span class='ocrx_word' id='word_1_64' title='bbox 1088 845 1168 893; x_wconf 86' lang='lat' dir='ltr'>tibi</span> <span class='ocrx_word' id='word_1_65' title='bbox 1190 844 1376 911; x_wconf 83' lang='lat' dir='ltr'>perdere</span> 
     </span>
    </p>
   </div>
   <div class='ocr_carea' id='block_1_10' title="bbox 325 1044 991 1150">
    <p class='ocr_par' dir='ltr' id='par_1_12' title="bbox 325 1044 991 1150">
     <span class='ocr_line' id='line_1_14' title="bbox 325 1044 991 1101; baseline -0.005 -13.981"><span class='ocrx_word' id='word_1_66' title='bbox 325 1047 374 1087; x_wconf 71' lang='lat' dir='ltr'>de</span> <span class='ocrx_word' id='word_1_67' title='bbox 388 1048 543 1100; x_wconf 80' lang='lat' dir='ltr'>pecunia</span> <span class='ocrx_word' id='word_1_68' title='bbox 562 1045 714 1101; x_wconf 83' lang='lat' dir='ltr'>agitur]</span> <span class='ocrx_word' id='word_1_69' title='bbox 733 1044 913 1086; x_wconf 88' lang='lat' dir='ltr'>Ostendit</span> <span class='ocrx_word' id='word_1_70' title='bbox 924 1044 991 1084; x_wconf 89' lang='lat' dir='ltr'>ho-</span> 
     </span>
     <span class='ocr_line' id='line_1_15' title="bbox 327 1101 991 1150; baseline -0.006 -7"><span class='ocrx_word' id='word_1_71' title='bbox 327 1103 481 1144; x_wconf 83' lang='lat' dir='ltr'>nestum</span> <span class='ocrx_word' id='word_1_72' title='bbox 500 1132 509 1150; x_wconf 77' lang='grc'><em>,</em></span> <span class='ocrx_word' id='word_1_73' title='bbox 563 1115 602 1141; x_wconf 90' lang='lat' dir='ltr'>et</span> <span class='ocrx_word' id='word_1_74' title='bbox 637 1103 729 1140; x_wconf 86' lang='lat' dir='ltr'>vtile</span> <span class='ocrx_word' id='word_1_75' title='bbox 768 1101 991 1141; x_wconf 81' lang='lat' dir='ltr'>declarauit.</span> 
     </span>
    </p>
   </div>
   <div class='ocr_carea' id='block_1_11' title="bbox 325 1155 1133 1210">
    <p class='ocr_par' dir='ltr' id='par_1_13' title="bbox 325 1155 1133 1210">
     <span class='ocr_line' id='line_1_16' title="bbox 325 1155 1133 1210; baseline -0.01 -10"><span class='ocrx_word' id='word_1_76' title='bbox 325 1160 520 1210; x_wconf 88' lang='lat' dir='ltr'>Denique</span> <span class='ocrx_word' id='word_1_77' title='bbox 537 1155 757 1210; x_wconf 71' lang='lat' dir='ltr'>perseueiat</span> <span class='ocrx_word' id='word_1_78' title='bbox 778 1158 875 1196; x_wconf 81' lang='lat' dir='ltr'>circa</span> <span class='ocrx_word' id='word_1_79' title='bbox 895 1157 933 1196; x_wconf 85' lang='lat' dir='ltr'>id</span> <span class='ocrx_word' id='word_1_80' title='bbox 963 1157 989 1195; x_wconf 92' lang='lat' dir='ltr'>i-</span> <span class='ocrx_word' id='word_1_81' title='bbox 1029 1156 1133 1207; x_wconf 71' lang='lat' dir='ltr'>fid),</span> 
     </span>
    </p>
   </div>
   <div class='ocr_carea' id='block_1_12' title="bbox 318 1213 996 2721">
    <p class='ocr_par' dir='ltr' id='par_1_14' title="bbox 318 1213 996 2049">
     <span class='ocr_line' id='line_1_17' title="bbox 327 1213 991 1267; baseline -0.005 -14"><span class='ocrx_word' id='word_1_82' title='bbox 327 1213 450 1267; x_wconf 83' lang='lat' dir='ltr'>psum,</span> <span class='ocrx_word' id='word_1_83' title='bbox 473 1225 511 1254; x_wconf 87' lang='lat' dir='ltr'>vt</span> <span class='ocrx_word' id='word_1_84' title='bbox 529 1216 652 1254; x_wconf 83' lang='lat' dir='ltr'>dicat:</span> <span class='ocrx_word' id='word_1_85' title='bbox 685 1215 789 1254; x_wconf 81' lang='lat' dir='ltr'>Cum</span> <span class='ocrx_word' id='word_1_86' title='bbox 808 1215 916 1253; x_wconf 84' lang='lat' dir='ltr'>enirn</span> <span class='ocrx_word' id='word_1_87' title='bbox 936 1213 991 1251; x_wconf 86' lang='lat' dir='ltr'>in-</span> 
     </span>
     <span class='ocr_line' id='line_1_18' title="bbox 327 1269 987 1320; baseline -0.006 -10"><span class='ocrx_word' id='word_1_88' title='bbox 327 1272 520 1311; x_wconf 75' lang='lat' dir='ltr'>tellexerit</span> <span class='ocrx_word' id='word_1_89' title='bbox 538 1272 709 1309; x_wconf 82' lang='lat' dir='ltr'>animum</span> <span class='ocrx_word' id='word_1_90' title='bbox 731 1282 849 1317; x_wconf 79' lang='lat' dir='ltr'>tuum,</span> <span class='ocrx_word' id='word_1_91' title='bbox 869 1280 908 1309; x_wconf 87' lang='lat' dir='ltr'>te</span> <span class='ocrx_word' id='word_1_92' title='bbox 920 1269 987 1320; x_wconf 85' lang='lat' dir='ltr'>pri·</span> 
     </span>
     <span class='ocr_line' id='line_1_19' title="bbox 325 1325 993 1377; baseline -0.004 -12"><span class='ocrx_word' id='word_1_93' title='bbox 325 1340 372 1366; x_wconf 81' lang='lat' dir='ltr'>us</span> <span class='ocrx_word' id='word_1_94' title='bbox 392 1328 508 1365; x_wconf 83' lang='lat' dir='ltr'>vitam</span> <span class='ocrx_word' id='word_1_95' title='bbox 528 1338 632 1365; x_wconf 87' lang='lat' dir='ltr'>tuam</span> <span class='ocrx_word' id='word_1_96' title='bbox 653 1325 918 1377; x_wconf 78' lang='lat' dir='ltr'>proditurum,</span> <span class='ocrx_word' id='word_1_97' title='bbox 953 1333 993 1363; x_wconf 88' lang='lat' dir='ltr'>et</span> 
     </span>
     <span class='ocr_line' id='line_1_20' title="bbox 326 1380 992 1435; baseline -0.005 -13"><span class='ocrx_word' id='word_1_98' title='bbox 326 1396 491 1422; x_wconf 85' lang='lat' dir='ltr'>omnem</span> <span class='ocrx_word' id='word_1_99' title='bbox 521 1383 750 1435; x_wconf 83' lang='lat' dir='ltr'>pecuniam,</span> <span class='ocrx_word' id='word_1_100' title='bbox 780 1394 897 1432; x_wconf 88' lang='lat' dir='ltr'>quam</span> <span class='ocrx_word' id='word_1_101' title='bbox 927 1380 992 1419; x_wconf 86' lang='lat' dir='ltr'>abs</span> 
     </span>
     <span class='ocr_line' id='line_1_21' title="bbox 326 1437 994 1489; baseline -0.004 -12"><span class='ocrx_word' id='word_1_102' title='bbox 326 1450 370 1477; x_wconf 77' lang='lat' dir='ltr'>te</span> <span class='ocrx_word' id='word_1_103' title='bbox 392 1437 511 1478; x_wconf 83' lang='lat' dir='ltr'>filium</span> <span class='ocrx_word' id='word_1_104' title='bbox 543 1439 731 1478; x_wconf 85' lang='lat' dir='ltr'>dimittas:</span> <span class='ocrx_word' id='word_1_105' title='bbox 762 1438 852 1476; x_wconf 85' lang='lat' dir='ltr'>vide</span> <span class='ocrx_word' id='word_1_106' title='bbox 886 1449 994 1489; x_wconf 83' lang='lat' dir='ltr'>quam</span> 
     </span>
     <span class='ocr_line' id='line_1_22' title="bbox 318 1492 995 1557; baseline 0 -26"><span class='ocrx_word' id='word_1_107' title='bbox 318 1495 392 1548; x_wconf 78' lang='lat' dir='ltr'>fen</span> <span class='ocrx_word' id='word_1_108' title='bbox 397 1494 524 1543; x_wconf 53' lang='lat' dir='ltr'>esban}</span> <span class='ocrx_word' id='word_1_109' title='bbox 542 1495 589 1533; x_wconf 86' lang='lat' dir='ltr'>ad</span> <span class='ocrx_word' id='word_1_110' title='bbox 613 1493 916 1557; x_wconf 85' lang='lat' dir='ltr'>turpitudinem,</span> <span class='ocrx_word' id='word_1_111' title='bbox 946 1492 995 1531; x_wconf 87' lang='lat' dir='ltr'>ad</span> 
     </span>
     <span class='ocr_line' id='line_1_23' title="bbox 327 1548 995 1601; baseline -0.003 -12"><span class='ocrx_word' id='word_1_112' title='bbox 327 1551 527 1594; x_wconf 78' lang='lat' dir='ltr'>luxuriam,</span> <span class='ocrx_word' id='word_1_113' title='bbox 548 1550 842 1601; x_wconf 83' lang='lat' dir='ltr'>nequitiamque</span> <span class='ocrx_word' id='word_1_114' title='bbox 851 1548 995 1601; x_wconf 76' lang='lat' dir='ltr'>parese-</span> 
     </span>
     <span class='ocr_line' id='line_1_24' title="bbox 327 1605 994 1657; baseline -0.001 -13"><span class='ocrx_word' id='word_1_115' title='bbox 327 1607 439 1651; x_wconf 81' lang='lat' dir='ltr'>ceris,</span> <span class='ocrx_word' id='word_1_116' title='bbox 468 1605 542 1645; x_wconf 89' lang='lat' dir='ltr'>hoc</span> <span class='ocrx_word' id='word_1_117' title='bbox 555 1605 620 1654; x_wconf 84' lang='lat' dir='ltr'>est,</span> <span class='ocrx_word' id='word_1_118' title='bbox 643 1616 827 1657; x_wconf 84' lang='lat' dir='ltr'>quantam</span> <span class='ocrx_word' id='word_1_119' title='bbox 839 1606 994 1646; x_wconf 79' lang='lat' dir='ltr'>ianuam</span> 
     </span>
     <span class='ocr_line' id='line_1_25' title="bbox 330 1662 995 1714; baseline -0.002 -14"><span class='ocrx_word' id='word_1_120' title='bbox 330 1662 486 1701; x_wconf 82' lang='lat' dir='ltr'>dederis</span> <span class='ocrx_word' id='word_1_121' title='bbox 507 1690 516 1709; x_wconf 87' lang='lat'>‚</span> <span class='ocrx_word' id='word_1_122' title='bbox 571 1673 817 1714; x_wconf 81' lang='lat' dir='ltr'>peccatorem</span> <span class='ocrx_word' id='word_1_123' title='bbox 866 1662 995 1711; x_wconf 79' lang='lat' dir='ltr'>perire</span> 
     </span>
     <span class='ocr_line' id='line_1_26' title="bbox 327 1717 996 1771; baseline 0 -15"><span class='ocrx_word' id='word_1_124' title='bbox 327 1721 532 1771; x_wconf 80' lang='lat' dir='ltr'>(quantam</span> <span class='ocrx_word' id='word_1_125' title='bbox 571 1722 718 1758; x_wconf 70' lang='lat' dir='ltr'>ianuam</span> <span class='ocrx_word' id='word_1_126' title='bbox 748 1717 891 1757; x_wconf 78' lang='lat' dir='ltr'>dederis</span> <span class='ocrx_word' id='word_1_127' title='bbox 910 1728 996 1769; x_wconf 88' lang='lat' dir='ltr'>pec-</span> 
     </span>
     <span class='ocr_line' id='line_1_27' title="bbox 330 1775 993 1826; baseline 0 -12"><span class='ocrx_word' id='word_1_128' title='bbox 330 1787 522 1823; x_wconf 80' lang='lat' dir='ltr'>catorum,</span> <span class='ocrx_word' id='word_1_129' title='bbox 569 1787 612 1814; x_wconf 82' lang='lat' dir='ltr'>zu</span> <span class='ocrx_word' id='word_1_130' title='bbox 642 1787 717 1813; x_wconf 80' lang='lat' dir='ltr'>rem</span> <span class='ocrx_word' id='word_1_131' title='bbox 735 1776 884 1826; x_wconf 84' lang='lat' dir='ltr'>perire,</span> <span class='ocrx_word' id='word_1_132' title='bbox 914 1775 993 1823; x_wconf 75' lang='lat' dir='ltr'>et).</span> 
     </span>
     <span class='ocr_line' id='line_1_28' title="bbox 329 1827 994 1882; baseline -0.003 -13"><span class='ocrx_word' id='word_1_133' title='bbox 329 1830 460 1881; x_wconf 79' lang='lat' dir='ltr'>Ipsum</span> <span class='ocrx_word' id='word_1_134' title='bbox 479 1843 553 1868; x_wconf 83' lang='lat' dir='ltr'>non</span> <span class='ocrx_word' id='word_1_135' title='bbox 565 1833 710 1882; x_wconf 80' lang='lat' dir='ltr'>poteris</span> <span class='ocrx_word' id='word_1_136' title='bbox 724 1827 826 1880; x_wconf 88' lang='lat' dir='ltr'><em>pati]</em></span> <span class='ocrx_word' id='word_1_137' title='bbox 856 1829 994 1870; x_wconf 73' lang='lat' dir='ltr'>Statim</span> 
     </span>
     <span class='ocr_line' id='line_1_29' title="bbox 329 1883 996 1932; baseline -0.006 -6"><span class='ocrx_word' id='word_1_138' title='bbox 329 1898 372 1926; x_wconf 74' lang='lat' dir='ltr'>tu</span> <span class='ocrx_word' id='word_1_139' title='bbox 401 1886 561 1924; x_wconf 84' lang='lat' dir='ltr'>interire</span> <span class='ocrx_word' id='word_1_140' title='bbox 581 1885 705 1932; x_wconf 88' lang='lat' dir='ltr'>bona,</span> <span class='ocrx_word' id='word_1_141' title='bbox 732 1894 774 1924; x_wconf 88' lang='lat' dir='ltr'>et</span> <span class='ocrx_word' id='word_1_142' title='bbox 799 1883 922 1932; x_wconf 84' lang='lat' dir='ltr'>filium</span> <span class='ocrx_word' id='word_1_143' title='bbox 944 1885 996 1922; x_wconf 86' lang='lat' dir='ltr'>vi·</span> 
     </span>
     <span class='ocr_line' id='line_1_30' title="bbox 327 1939 995 1991; baseline -0.004 -11"><span class='ocrx_word' id='word_1_144' title='bbox 327 1954 426 1981; x_wconf 84' lang='lat' dir='ltr'>uere</span> <span class='ocrx_word' id='word_1_145' title='bbox 459 1939 653 1980; x_wconf 79' lang='lat' dir='ltr'>luxuriose</span> <span class='ocrx_word' id='word_1_146' title='bbox 681 1951 721 1980; x_wconf 92' lang='lat' dir='ltr'>et</span> <span class='ocrx_word' id='word_1_147' title='bbox 739 1939 850 1979; x_wconf 81' lang='lat' dir='ltr'>malis</span> <span class='ocrx_word' id='word_1_148' title='bbox 872 1939 995 1991; x_wconf 85' lang='lat' dir='ltr'>operi-</span> 
     </span>
     <span class='ocr_line' id='line_1_31' title="bbox 328 1997 787 2049; baseline -0.004 -12"><span class='ocrx_word' id='word_1_149' title='bbox 328 1997 404 2038; x_wconf 92' lang='lat' dir='ltr'>bus</span> <span class='ocrx_word' id='word_1_150' title='bbox 421 2010 506 2036; x_wconf 90' lang='lat' dir='ltr'>non</span> <span class='ocrx_word' id='word_1_151' title='bbox 524 1997 691 2049; x_wconf 85' lang='lat' dir='ltr'>patieris.</span> <span class='ocrx_word' id='word_1_152' title='bbox 745 1999 787 2036; x_wconf 90' lang='grc' dir='ltr'>Ε</span> 
     </span>
    </p>

    <p class='ocr_par' dir='ltr' id='par_1_15' title="bbox 327 2046 993 2205">
     <span class='ocr_line' id='line_1_32' title="bbox 389 2046 993 2106; baseline -0.002 -14"><span class='ocrx_word' id='word_1_153' title='bbox 389 2061 440 2106; x_wconf 79' lang='lat'>58</span> <span class='ocrx_word' id='word_1_154' title='bbox 469 2056 543 2092; x_wconf 83' lang='lat' dir='ltr'>Pro</span> <span class='ocrx_word' id='word_1_155' title='bbox 572 2053 614 2092; x_wconf 84' lang='lat' dir='ltr'>id</span> <span class='ocrx_word' id='word_1_156' title='bbox 645 2048 771 2092; x_wconf 81' lang='lat' dir='ltr'>versus</span> <span class='ocrx_word' id='word_1_157' title='bbox 800 2046 920 2103; x_wconf 86' lang='lat' dir='ltr'>poscit</span> <span class='ocrx_word' id='word_1_158' title='bbox 945 2050 993 2091; x_wconf 90' lang='lat' dir='ltr'>il·</span> 
     </span>
     <span class='ocr_line' id='line_1_33' title="bbox 327 2107 995 2160; baseline -0.003 -12"><span class='ocrx_word' id='word_1_159' title='bbox 327 2108 407 2148; x_wconf 82' lang='lat' dir='ltr'>lud</span> <span class='ocrx_word' id='word_1_160' title='bbox 430 2108 566 2160; x_wconf 84' lang='lat' dir='ltr'>quod</span> <span class='ocrx_word' id='word_1_161' title='bbox 554 2122 597 2148; x_wconf 88' lang='lat' dir='ltr'>m</span> <span class='ocrx_word' id='word_1_162' title='bbox 619 2107 788 2160; x_wconf 83' lang='lat' dir='ltr'>probatis</span> <span class='ocrx_word' id='word_1_163' title='bbox 803 2106 995 2159; x_wconf 33' lang='lat' dir='ltr'>lwepelitur</span> 
     </span>
     <span class='ocr_line' id='line_1_34' title="bbox 327 2164 544 2205; baseline -0.005 0"><span class='ocrx_word' id='word_1_164' title='bbox 327 2164 451 2205; x_wconf 73' lang='lat' dir='ltr'>codd.</span> <span class='ocrx_word' id='word_1_165' title='bbox 503 2167 544 2204; x_wconf 83' lang='lat' dir='ltr'>B.</span> 
     </span>
    </p>

    <p class='ocr_par' dir='ltr' id='par_1_16' title="bbox 330 2217 992 2384">
     <span class='ocr_line' id='line_1_35' title="bbox 386 2217 992 2273; baseline -0.005 -14"><span class='ocrx_word' id='word_1_166' title='bbox 386 2233 440 2272; x_wconf 84' lang='lat'>59</span> <span class='ocrx_word' id='word_1_167' title='bbox 470 2219 550 2259; x_wconf 88' lang='lat' dir='ltr'>Vel</span> <span class='ocrx_word' id='word_1_168' title='bbox 579 2219 655 2273; x_wconf 82' lang='lat' dir='ltr'>leg.</span> <span class='ocrx_word' id='word_1_169' title='bbox 685 2232 770 2259; x_wconf 88' lang='lat' dir='ltr'>cum</span> <span class='ocrx_word' id='word_1_170' title='bbox 797 2217 992 2258; x_wconf 81' lang='lat' dir='ltr'>Palmerio</span> 
     </span>
     <span class='ocr_line' id='line_1_36' title="bbox 330 2273 994 2328; baseline 0 -14"><span class='ocrx_word' id='word_1_171' title='bbox 330 2287 375 2316; x_wconf 66' lang='lat' dir='ltr'>et</span> <span class='ocrx_word' id='word_1_172' title='bbox 385 2280 539 2328; x_wconf 87' lang='lat' dir='ltr'>Guyeto</span> <span class='ocrx_word' id='word_1_173' title='bbox 551 2289 593 2314; x_wconf 84' lang='lat' dir='ltr'>vt</span> <span class='ocrx_word' id='word_1_174' title='bbox 604 2275 823 2326; x_wconf 80' lang='lat' dir='ltr'>nescientem</span> <span class='ocrx_word' id='word_1_175' title='bbox 823 2273 994 2325; x_wconf 55' lang='lat' dir='ltr'>sentiat</span> 
     </span>
     <span class='ocr_line' id='line_1_37' title="bbox 332 2331 964 2384; baseline -0.005 -13"><span class='ocrx_word' id='word_1_176' title='bbox 332 2334 409 2372; x_wconf 75' lang='lat' dir='ltr'>vel:</span> <span class='ocrx_word' id='word_1_177' title='bbox 435 2334 483 2372; x_wconf 86' lang='lat' dir='ltr'>Vt</span> <span class='ocrx_word' id='word_1_178' title='bbox 502 2332 717 2382; x_wconf 58' lang='lat' dir='ltr'>nglizientem</span> <span class='ocrx_word' id='word_1_179' title='bbox 738 2331 891 2384; x_wconf 72' lang='lat' dir='ltr'>cenfi’at.</span> <span class='ocrx_word' id='word_1_180' title='bbox 923 2333 964 2370; x_wconf 91' lang='lat' dir='ltr'>B.</span> 
     </span>
    </p>

    <p class='ocr_par' dir='ltr' id='par_1_17' title="bbox 325 2384 992 2721">
     <span class='ocr_line' id='line_1_38' title="bbox 389 2384 992 2440; baseline -0.003 -10"><span class='ocrx_word' id='word_1_181' title='bbox 389 2393 438 2430; x_wconf 80' lang='lat'>61</span> <span class='ocrx_word' id='word_1_182' title='bbox 465 2389 537 2427; x_wconf 82' lang='lat' dir='ltr'>Per</span> <span class='ocrx_word' id='word_1_183' title='bbox 554 2387 666 2427; x_wconf 77' lang='lat' dir='ltr'>alium</span> <span class='ocrx_word' id='word_1_184' title='bbox 684 2388 845 2440; x_wconf 79' lang='lat' dir='ltr'>quemuis</span> <span class='ocrx_word' id='word_1_185' title='bbox 856 2397 899 2425; x_wconf 82' lang='lat' dir='ltr'>vt</span> <span class='ocrx_word' id='word_1_186' title='bbox 911 2384 992 2439; x_wconf 89' lang='lat' dir='ltr'>des]</span> 
     </span>
     <span class='ocr_line' id='line_1_39' title="bbox 333 2443 993 2494; baseline -0.003 -12"><span class='ocrx_word' id='word_1_187' title='bbox 333 2444 455 2494; x_wconf 85' lang='lat' dir='ltr'>Quod</span> <span class='ocrx_word' id='word_1_188' title='bbox 476 2443 655 2482; x_wconf 81' lang='lat' dir='ltr'>salubrius</span> <span class='ocrx_word' id='word_1_189' title='bbox 668 2453 914 2494; x_wconf 82' lang='lat' dir='ltr'>praeceptum</span> <span class='ocrx_word' id='word_1_190' title='bbox 927 2455 993 2494; x_wconf 87' lang='lat' dir='ltr'>pa-</span> 
     </span>
     <span class='ocr_line' id='line_1_40' title="bbox 334 2497 994 2550; baseline -0.003 -12"><span class='ocrx_word' id='word_1_191' title='bbox 334 2500 510 2539; x_wconf 73' lang='lat' dir='ltr'>rentibus</span> <span class='ocrx_word' id='word_1_192' title='bbox 537 2499 618 2538; x_wconf 83' lang='lat' dir='ltr'>dari</span> <span class='ocrx_word' id='word_1_193' title='bbox 640 2498 787 2550; x_wconf 76' lang='lat' dir='ltr'>potest?</span> <span class='ocrx_word' id='word_1_194' title='bbox 814 2497 928 2539; x_wconf 88' lang='lat' dir='ltr'>Nulla</span> <span class='ocrx_word' id='word_1_195' title='bbox 955 2510 994 2536; x_wconf 88' lang='lat' dir='ltr'>e-</span> 
     </span>
     <span class='ocr_line' id='line_1_41' title="bbox 333 2551 991 2607; baseline 0.002 -17"><span class='ocrx_word' id='word_1_196' title='bbox 333 2558 415 2594; x_wconf 61' lang='lat' dir='ltr'>nim</span> <span class='ocrx_word' id='word_1_197' title='bbox 435 2569 475 2593; x_wconf 69' lang='lat' dir='ltr'>re</span> <span class='ocrx_word' id='word_1_198' title='bbox 495 2551 757 2594; x_wconf 65' lang='lat' dir='ltr'><strong>adolescentes</strong></span> <span class='ocrx_word' id='word_1_199' title='bbox 776 2554 898 2607; x_wconf 86' lang='lat' dir='ltr'>magis</span> <span class='ocrx_word' id='word_1_200' title='bbox 911 2565 991 2591; x_wconf 83' lang='lat' dir='ltr'>cor-</span> 
     </span>
     <span class='ocr_line' id='line_1_42' title="bbox 330 2610 989 2666; baseline 0.003 -17"><span class='ocrx_word' id='word_1_201' title='bbox 330 2622 569 2662; x_wconf 55' lang='lat' dir='ltr'>mmmmm,</span> <span class='ocrx_word' id='word_1_202' title='bbox 593 2624 706 2661; x_wconf 85' lang='lat' dir='ltr'>quam</span> <span class='ocrx_word' id='word_1_203' title='bbox 718 2610 837 2651; x_wconf 79' lang='lat' dir='ltr'>nimia</span> <span class='ocrx_word' id='word_1_204' title='bbox 852 2620 989 2666; x_wconf 45' lang='lat' dir='ltr'>parenss</span> 
     </span>
     <span class='ocr_line' id='line_1_43' title="bbox 325 2667 790 2721; baseline 0.004 -16"><span class='ocrx_word' id='word_1_205' title='bbox 325 2680 408 2708; x_wconf 64' lang='lat' dir='ltr'>mm</span> <span class='ocrx_word' id='word_1_206' title='bbox 429 2667 684 2721; x_wconf 51' lang='lat' dir='ltr'>induigentiza.</span> <span class='ocrx_word' id='word_1_207' title='bbox 744 2667 790 2711; x_wconf 88' lang='lat' dir='ltr'>C.</span> 
     </span>
    </p>
   </div>
   <div class='ocr_carea' id='block_1_13' title="bbox 1538 918 1701 967">
    <p class='ocr_par' dir='ltr' id='par_1_18' title="bbox 1538 918 1701 967">
     <span class='ocr_line' id='line_1_44' title="bbox 1538 918 1701 967; baseline -0.006 0"><span class='ocrx_word' id='word_1_208' title='bbox 1538 918 1701 967; x_wconf 85' lang='lat' dir='ltr'>Talen-</span> 
     </span>
    </p>
   </div>
   <div class='ocr_carea' id='block_1_14' title="bbox 1041 1042 1705 1264">
    <p class='ocr_par' dir='ltr' id='par_1_19' title="bbox 1041 1042 1705 1264">
     <span class='ocr_line' id='line_1_45' title="bbox 1096 1042 1701 1098; baseline -0.003 -15"><span class='ocrx_word' id='word_1_209' title='bbox 1096 1046 1150 1087; x_wconf 85' lang='lat'>62</span> <span class='ocrx_word' id='word_1_210' title='bbox 1188 1043 1363 1098; x_wconf 82' lang='lat' dir='ltr'><em>Technis]</em></span> <span class='ocrx_word' id='word_1_211' title='bbox 1392 1043 1438 1084; x_wconf 92' lang='lat' dir='ltr'>Id</span> <span class='ocrx_word' id='word_1_212' title='bbox 1457 1043 1511 1083; x_wconf 90' lang='lat' dir='ltr'>est</span> <span class='ocrx_word' id='word_1_213' title='bbox 1528 1042 1701 1084; x_wconf 77' lang='lat' dir='ltr'>fallaciis.</span> 
     </span>
     <span class='ocr_line' id='line_1_46' title="bbox 1041 1097 1702 1154; baseline -0.002 -15"><span class='ocrx_word' id='word_1_214' title='bbox 1041 1097 1235 1154; x_wconf 73' lang='lat' dir='ltr'>Subfinst]</span> <span class='ocrx_word' id='word_1_215' title='bbox 1270 1103 1378 1140; x_wconf 87' lang='lat' dir='ltr'>Bene</span> <span class='ocrx_word' id='word_1_216' title='bbox 1397 1099 1468 1140; x_wconf 84' lang='lat' dir='ltr'>Sul</span> <span class='ocrx_word' id='word_1_217' title='bbox 1459 1099 1570 1152; x_wconf 80' lang='lat' dir='ltr'>fins</span> <span class='ocrx_word' id='word_1_218' title='bbox 1596 1103 1702 1139; x_wconf 80' lang='lat' dir='ltr'>Nam</span> 
     </span>
     <span class='ocr_line' id='line_1_47' title="bbox 1164 1154 1703 1218; baseline -0.002 -24"><span class='ocrx_word' id='word_1_219' title='bbox 1164 1155 1217 1194; x_wconf 84' lang='lat' dir='ltr'>est</span> <span class='ocrx_word' id='word_1_220' title='bbox 1251 1154 1598 1218; x_wconf 74' lang='lat' dir='ltr'>temperamentum</span> <span class='ocrx_word' id='word_1_221' title='bbox 1621 1156 1703 1207; x_wconf 84' lang='lat' dir='ltr'>ple-</span> 
     </span>
     <span class='ocr_line' id='line_1_48' title="bbox 1041 1211 1705 1264; baseline -0.005 -12"><span class='ocrx_word' id='word_1_222' title='bbox 1041 1225 1118 1252; x_wconf 84' lang='lat' dir='ltr'>nae</span> <span class='ocrx_word' id='word_1_223' title='bbox 1137 1212 1482 1263; x_wconf 73' lang='lat' dir='ltr'>pronunciationis,</span> <span class='ocrx_word' id='word_1_224' title='bbox 1503 1221 1549 1255; x_wconf 88' lang='lat' dir='ltr'>v‚t</span> <span class='ocrx_word' id='word_1_225' title='bbox 1562 1211 1705 1264; x_wconf 71' lang='lat' dir='ltr'>fiahtri-</span> 
     </span>
    </p>
   </div>
   <div class='ocr_carea' id='block_1_15' title="bbox 1032 1266 1703 1323">
    <p class='ocr_par' dir='ltr' id='par_1_20' title="bbox 1032 1266 1703 1323">
     <span class='ocr_line' id='line_1_49' title="bbox 1032 1266 1703 1323; baseline -0.003 -15"><span class='ocrx_word' id='word_1_226' title='bbox 1032 1268 1119 1323; x_wconf 83' lang='lat' dir='ltr'>stis,</span> <span class='ocrx_word' id='word_1_227' title='bbox 1138 1266 1343 1319; x_wconf 78' lang='lat' dir='ltr'><em>subridet:</em></span> <span class='ocrx_word' id='word_1_228' title='bbox 1373 1281 1457 1306; x_wconf 86' lang='lat' dir='ltr'>non</span> <span class='ocrx_word' id='word_1_229' title='bbox 1477 1267 1524 1306; x_wconf 81' lang='lat' dir='ltr'>ad</span> <span class='ocrx_word' id='word_1_230' title='bbox 1541 1268 1703 1319; x_wconf 84' lang='lat' dir='ltr'>plenum</span> 
     </span>
    </p>
   </div>
   <div class='ocr_carea' id='block_1_16' title="bbox 1043 1322 1704 1601">
    <p class='ocr_par' dir='ltr' id='par_1_21' title="bbox 1043 1322 1704 1601">
     <span class='ocr_line' id='line_1_50' title="bbox 1043 1322 1703 1374; baseline -0.002 -11"><span class='ocrx_word' id='word_1_231' title='bbox 1043 1323 1178 1371; x_wconf 85' lang='lat' dir='ltr'>tristis,</span> <span class='ocrx_word' id='word_1_232' title='bbox 1215 1334 1282 1362; x_wconf 86' lang='lat' dir='ltr'>aut</span> <span class='ocrx_word' id='word_1_233' title='bbox 1317 1322 1428 1362; x_wconf 79' lang='lat' dir='ltr'>ridet.</span> <span class='ocrx_word' id='word_1_234' title='bbox 1496 1326 1543 1362; x_wconf 90' lang='lat' dir='ltr'>Et</span> <span class='ocrx_word' id='word_1_235' title='bbox 1580 1336 1703 1374; x_wconf 85' lang='lat' dir='ltr'>quum</span> 
     </span>
     <span class='ocr_line' id='line_1_51' title="bbox 1044 1376 1703 1432; baseline 0 -15"><span class='ocrx_word' id='word_1_236' title='bbox 1044 1381 1222 1432; x_wconf 85' lang='lat' dir='ltr'>quinque</span> <span class='ocrx_word' id='word_1_237' title='bbox 1238 1379 1311 1417; x_wconf 86' lang='lat' dir='ltr'>fint</span> <span class='ocrx_word' id='word_1_238' title='bbox 1331 1377 1477 1418; x_wconf 87' lang='lat' dir='ltr'>sensus:</span> <span class='ocrx_word' id='word_1_239' title='bbox 1513 1378 1589 1417; x_wconf 87' lang='lat' dir='ltr'>duo</span> <span class='ocrx_word' id='word_1_240' title='bbox 1604 1376 1703 1426; x_wconf 83' lang='lat' dir='ltr'>sunt,</span> 
     </span>
     <span class='ocr_line' id='line_1_52' title="bbox 1044 1434 1704 1485; baseline -0.002 -11"><span class='ocrx_word' id='word_1_241' title='bbox 1044 1434 1142 1474; x_wconf 77' lang='lat' dir='ltr'>visus</span> <span class='ocrx_word' id='word_1_242' title='bbox 1162 1447 1199 1474; x_wconf 83' lang='lat' dir='ltr'>et</span> <span class='ocrx_word' id='word_1_243' title='bbox 1218 1435 1381 1483; x_wconf 80' lang='lat' dir='ltr'>auditus,</span> <span class='ocrx_word' id='word_1_244' title='bbox 1409 1434 1514 1485; x_wconf 88' lang='lat' dir='ltr'>quod</span> <span class='ocrx_word' id='word_1_245' title='bbox 1534 1448 1605 1473; x_wconf 87' lang='lat' dir='ltr'>nos</span> <span class='ocrx_word' id='word_1_246' title='bbox 1625 1449 1704 1473; x_wconf 81' lang='lat' dir='ltr'>ma-</span> 
     </span>
     <span class='ocr_line' id='line_1_53' title="bbox 1046 1488 1703 1545; baseline 0 -15"><span class='ocrx_word' id='word_1_247' title='bbox 1046 1493 1105 1545; x_wconf 83' lang='lat' dir='ltr'>gis</span> <span class='ocrx_word' id='word_1_248' title='bbox 1127 1488 1322 1530; x_wconf 75' lang='lat' dir='ltr'>sensibiles</span> <span class='ocrx_word' id='word_1_249' title='bbox 1348 1489 1554 1540; x_wconf 81' lang='lat' dir='ltr'>habemus,</span> <span class='ocrx_word' id='word_1_250' title='bbox 1586 1505 1703 1542; x_wconf 87' lang='lat' dir='ltr'>quam</span> 
     </span>
     <span class='ocr_line' id='line_1_54' title="bbox 1045 1547 1704 1601; baseline -0.002 -14"><span class='ocrx_word' id='word_1_251' title='bbox 1045 1561 1198 1601; x_wconf 84' lang='lat' dir='ltr'>pecora.</span> <span class='ocrx_word' id='word_1_252' title='bbox 1263 1547 1424 1595; x_wconf 84' lang='lat' dir='ltr'>Cicero,</span> <span class='ocrx_word' id='word_1_253' title='bbox 1463 1547 1554 1587; x_wconf 89' lang='lat' dir='ltr'>Non</span> <span class='ocrx_word' id='word_1_254' title='bbox 1575 1547 1704 1596; x_wconf 89' lang='lat' dir='ltr'>solum</span> 
     </span>
    </p>
   </div>
   <div class='ocr_carea' id='block_1_17' title="bbox 1043 1603 1706 1654">
    <p class='ocr_par' dir='ltr' id='par_1_22' title="bbox 1043 1603 1706 1654">
     <span class='ocr_line' id='line_1_55' title="bbox 1043 1603 1706 1654; baseline 0 -12"><span class='ocrx_word' id='word_1_255' title='bbox 1043 1605 1200 1650; x_wconf 81' lang='lat' dir='ltr'>videam,</span> <span class='ocrx_word' id='word_1_256' title='bbox 1210 1603 1283 1654; x_wconf 84' lang='lat' dir='ltr'>fi’d</span> <span class='ocrx_word' id='word_1_257' title='bbox 1301 1605 1409 1642; x_wconf 81' lang='lat' dir='ltr'>etiam</span> <span class='ocrx_word' id='word_1_258' title='bbox 1429 1605 1592 1642; x_wconf 81' lang='lat' dir='ltr'>audiam.</span> <span class='ocrx_word' id='word_1_259' title='bbox 1622 1606 1706 1643; x_wconf 88' lang='lat' dir='ltr'>Du-</span> 
     </span>
    </p>
   </div>
   <div class='ocr_carea' id='block_1_18' title="bbox 1039 1656 1705 2606">
    <p class='ocr_par' dir='ltr' id='par_1_23' title="bbox 1043 1656 1705 1981">
     <span class='ocr_line' id='line_1_56' title="bbox 1044 1656 1705 1712; baseline -0.002 -13"><span class='ocrx_word' id='word_1_260' title='bbox 1044 1659 1138 1699; x_wconf 86' lang='lat' dir='ltr'>abus</span> <span class='ocrx_word' id='word_1_261' title='bbox 1159 1672 1253 1712; x_wconf 80' lang='lat' dir='ltr'>ergo</span> <span class='ocrx_word' id='word_1_262' title='bbox 1272 1658 1384 1698; x_wconf 80' lang='lat' dir='ltr'>rebus</span> <span class='ocrx_word' id='word_1_263' title='bbox 1403 1656 1550 1707; x_wconf 82' lang='lat' dir='ltr'>scimus,</span> <span class='ocrx_word' id='word_1_264' title='bbox 1570 1670 1633 1698; x_wconf 84' lang='lat' dir='ltr'>aut</span> <span class='ocrx_word' id='word_1_265' title='bbox 1649 1673 1705 1698; x_wconf 83' lang='lat' dir='ltr'>ra-</span> 
     </span>
     <span class='ocr_line' id='line_1_57' title="bbox 1044 1712 1703 1766; baseline -0.003 -10"><span class='ocrx_word' id='word_1_266' title='bbox 1044 1717 1164 1761; x_wconf 85' lang='lat' dir='ltr'>tione,</span> <span class='ocrx_word' id='word_1_267' title='bbox 1187 1726 1250 1754; x_wconf 89' lang='lat' dir='ltr'>aut</span> <span class='ocrx_word' id='word_1_268' title='bbox 1269 1712 1402 1754; x_wconf 86' lang='lat' dir='ltr'>sensu:</span> <span class='ocrx_word' id='word_1_269' title='bbox 1434 1714 1572 1766; x_wconf 83' lang='lat' dir='ltr'>quibus</span> <span class='ocrx_word' id='word_1_270' title='bbox 1584 1715 1703 1754; x_wconf 81' lang='lat' dir='ltr'>maxi-</span> 
     </span>
     <span class='ocr_line' id='line_1_58' title="bbox 1043 1770 1704 1822; baseline -0.005 -10"><span class='ocrx_word' id='word_1_271' title='bbox 1043 1785 1109 1812; x_wconf 88' lang='lat' dir='ltr'>me</span> <span class='ocrx_word' id='word_1_272' title='bbox 1129 1770 1357 1822; x_wconf 82' lang='lat' dir='ltr'>praestamus</span> <span class='ocrx_word' id='word_1_273' title='bbox 1376 1772 1535 1810; x_wconf 89' lang='lat' dir='ltr'>caeteris</span> <span class='ocrx_word' id='word_1_274' title='bbox 1558 1773 1704 1809; x_wconf 85' lang='lat' dir='ltr'>anima·</span> 
     </span>
     <span class='ocr_line' id='line_1_59' title="bbox 1043 1824 1702 1880; baseline -0.003 -13"><span class='ocrx_word' id='word_1_275' title='bbox 1043 1827 1156 1867; x_wconf 89' lang='lat' dir='ltr'>libus.</span> <span class='ocrx_word' id='word_1_276' title='bbox 1193 1830 1296 1880; x_wconf 85' lang='lat' dir='ltr'><strong>Ergo</strong></span> <span class='ocrx_word' id='word_1_277' title='bbox 1316 1825 1433 1867; x_wconf 88' lang='lat' dir='ltr'>senex</span> <span class='ocrx_word' id='word_1_278' title='bbox 1454 1826 1547 1865; x_wconf 86' lang='lat' dir='ltr'>dicit</span> <span class='ocrx_word' id='word_1_279' title='bbox 1564 1825 1601 1865; x_wconf 92' lang='lat' dir='ltr'>se</span> <span class='ocrx_word' id='word_1_280' title='bbox 1620 1824 1702 1865; x_wconf 85' lang='lat' dir='ltr'>sen-</span> 
     </span>
     <span class='ocr_line' id='line_1_60' title="bbox 1043 1879 1702 1935; baseline 0.002 -14"><span class='ocrx_word' id='word_1_281' title='bbox 1043 1881 1083 1922; x_wconf 90' lang='lat' dir='ltr'>su</span> <span class='ocrx_word' id='word_1_282' title='bbox 1103 1880 1252 1922; x_wconf 81' lang='lat' dir='ltr'>senfiffe</span> <span class='ocrx_word' id='word_1_283' title='bbox 1270 1881 1439 1922; x_wconf 85' lang='lat' dir='ltr'>seruulos</span> <span class='ocrx_word' id='word_1_284' title='bbox 1448 1879 1625 1922; x_wconf 75' lang='lat' dir='ltr'>fraudem</span> <span class='ocrx_word' id='word_1_285' title='bbox 1634 1897 1702 1935; x_wconf 88' lang='lat' dir='ltr'>pa-</span> 
     </span>
     <span class='ocr_line' id='line_1_61' title="bbox 1043 1941 1510 1981; baseline -0.006 -3"><span class='ocrx_word' id='word_1_286' title='bbox 1043 1951 1139 1978; x_wconf 72' lang='lat' dir='ltr'>rare.</span> <span class='ocrx_word' id='word_1_287' title='bbox 1197 1941 1241 1981; x_wconf 94' lang='lat' dir='ltr'>C.</span> <span class='ocrx_word' id='word_1_288' title='bbox 1509 1941 1510 1944; x_wconf 74' lang='grc'>’</span> 
     </span>
    </p>

    <p class='ocr_par' dir='ltr' id='par_1_24' title="bbox 1041 1994 1702 2157">
     <span class='ocr_line' id='line_1_62' title="bbox 1097 1994 1700 2046; baseline -0.002 -10"><span class='ocrx_word' id='word_1_289' title='bbox 1097 1998 1149 2046; x_wconf 88' lang='lat'>63</span> <span class='ocrx_word' id='word_1_290' title='bbox 1181 1994 1512 2036; x_wconf 69' lang='lat' dir='ltr'>Coniunfflonem</span> <span class='ocrx_word' id='word_1_291' title='bbox 1531 2006 1567 2033; x_wconf 83' lang='lat' dir='ltr'>et</span> <span class='ocrx_word' id='word_1_292' title='bbox 1585 1994 1700 2035; x_wconf 85' lang='lat' dir='ltr'>codd.</span> 
     </span>
     <span class='ocr_line' id='line_1_63' title="bbox 1042 2047 1702 2102; baseline 0.003 -14"><span class='ocrx_word' id='word_1_293' title='bbox 1042 2050 1181 2102; x_wconf 88' lang='lat' dir='ltr'>optimi</span> <span class='ocrx_word' id='word_1_294' title='bbox 1216 2061 1256 2089; x_wconf 84' lang='lat' dir='ltr'>et</span> <span class='ocrx_word' id='word_1_295' title='bbox 1281 2047 1408 2089; x_wconf 86' lang='lat' dir='ltr'>versus</span> <span class='ocrx_word' id='word_1_296' title='bbox 1437 2061 1476 2090; x_wconf 86' lang='lat' dir='ltr'>et</span> <span class='ocrx_word' id='word_1_297' title='bbox 1511 2048 1702 2091; x_wconf 84' lang='lat' dir='ltr'>sententia</span> 
     </span>
     <span class='ocr_line' id='line_1_64' title="bbox 1041 2105 1360 2157; baseline 0 -11"><span class='ocrx_word' id='word_1_298' title='bbox 1041 2105 1262 2157; x_wconf 79' lang='lat' dir='ltr'>repudiant.</span> <span class='ocrx_word' id='word_1_299' title='bbox 1319 2109 1360 2146; x_wconf 89' lang='grc' dir='ltr'>Β.</span> 
     </span>
    </p>

    <p class='ocr_par' dir='ltr' id='par_1_25' title="bbox 1041 2161 1702 2379">
     <span class='ocr_line' id='line_1_65' title="bbox 1097 2161 1702 2217; baseline -0.003 -16"><span class='ocrx_word' id='word_1_300' title='bbox 1097 2165 1152 2217; x_wconf 93' lang='lat'>64</span> <span class='ocrx_word' id='word_1_301' title='bbox 1186 2161 1399 2213; x_wconf 67' lang='lat' dir='ltr'>conferunt</span> <span class='ocrx_word' id='word_1_302' title='bbox 1428 2162 1588 2215; x_wconf 81' lang='lat' dir='ltr'>consilia]</span> <span class='ocrx_word' id='word_1_303' title='bbox 1618 2174 1702 2210; x_wconf 72' lang='lat'>207-</span> 
     </span>
     <span class='ocr_line' id='line_1_66' title="bbox 1041 2216 1701 2266; baseline 0.005 -10"><span class='ocrx_word' id='word_1_304' title='bbox 1041 2223 1161 2266; x_wconf 64' lang='grc' dir='ltr'><em>κςίνεσι</em></span> <span class='ocrx_word' id='word_1_305' title='bbox 1187 2217 1241 2256; x_wconf 61' lang='grc' dir='ltr'>ταὶ</span> <span class='ocrx_word' id='word_1_306' title='bbox 1259 2216 1456 2265; x_wconf 51' lang='lat' dir='ltr'>&amp;unezlau-tx</span> <span class='ocrx_word' id='word_1_307' title='bbox 1493 2219 1609 2258; x_wconf 84' lang='lat' dir='ltr'>Plaut.</span> <span class='ocrx_word' id='word_1_308' title='bbox 1630 2221 1701 2259; x_wconf 90' lang='lat' dir='ltr'>Ru</span> 
     </span>
     <span class='ocr_line' id='line_1_67' title="bbox 1043 2274 1701 2327; baseline 0.003 -15"><span class='ocrx_word' id='word_1_309' title='bbox 1043 2274 1148 2313; x_wconf 90' lang='lat' dir='ltr'>dent.</span> <span class='ocrx_word' id='word_1_310' title='bbox 1171 2287 1221 2323; x_wconf 82' lang='lat'>11,</span> <span class='ocrx_word' id='word_1_311' title='bbox 1235 2287 1281 2326; x_wconf 82' lang='lat'>3,</span> <span class='ocrx_word' id='word_1_312' title='bbox 1303 2280 1339 2321; x_wconf 86' lang='lat'>8.</span> <span class='ocrx_word' id='word_1_313' title='bbox 1371 2275 1502 2314; x_wconf 83' lang='lat' dir='ltr'>Omnes</span> <span class='ocrx_word' id='word_1_314' title='bbox 1510 2275 1701 2327; x_wconf 78' lang='lat' dir='ltr'>fipzentes</span> 
     </span>
     <span class='ocr_line' id='line_1_68' title="bbox 1043 2329 1439 2379; baseline 0 -10"><span class='ocrx_word' id='word_1_315' title='bbox 1043 2329 1210 2379; x_wconf 73' lang='lat' dir='ltr'>confrre</span> <span class='ocrx_word' id='word_1_316' title='bbox 1232 2331 1343 2368; x_wconf 83' lang='lat' dir='ltr'>decet.</span> <span class='ocrx_word' id='word_1_317' title='bbox 1399 2334 1439 2371; x_wconf 86' lang='lat' dir='ltr'>L.</span> 
     </span>
    </p>

    <p class='ocr_par' dir='ltr' id='par_1_26' title="bbox 1039 2385 1701 2539">
     <span class='ocr_line' id='line_1_69' title="bbox 1097 2385 1701 2438; baseline 0.002 -14"><span class='ocrx_word' id='word_1_318' title='bbox 1097 2388 1246 2425; x_wconf 86' lang='lat' dir='ltr'>Omnes</span> <span class='ocrx_word' id='word_1_319' title='bbox 1284 2385 1370 2424; x_wconf 81' lang='lat' dir='ltr'>libri</span> <span class='ocrx_word' id='word_1_320' title='bbox 1409 2387 1557 2438; x_wconf 83' lang='lat' dir='ltr'>antiqui</span> <span class='ocrx_word' id='word_1_321' title='bbox 1595 2386 1701 2427; x_wconf 67' lang='lat' dir='ltr'>reSte</span> 
     </span>
     <span class='ocr_line' id='line_1_70' title="bbox 1041 2437 1700 2495; baseline 0.005 -15"><span class='ocrx_word' id='word_1_322' title='bbox 1041 2439 1189 2481; x_wconf 85' lang='lat' dir='ltr'>habent</span> <span class='ocrx_word' id='word_1_323' title='bbox 1208 2441 1497 2492; x_wconf 66' lang='lat' dir='ltr'>Conficliaerrant,</span> <span class='ocrx_word' id='word_1_324' title='bbox 1526 2443 1552 2482; x_wconf 88' lang='lat' dir='ltr'>i.</span> <span class='ocrx_word' id='word_1_325' title='bbox 1572 2455 1607 2482; x_wconf 85' lang='lat' dir='ltr'>e</span> <span class='ocrx_word' id='word_1_326' title='bbox 1630 2437 1700 2495; x_wconf 88' lang='lat' dir='ltr'>Sy·</span> 
     </span>
     <span class='ocr_line' id='line_1_71' title="bbox 1039 2497 1501 2539; baseline 0.002 -2"><span class='ocrx_word' id='word_1_327' title='bbox 1039 2509 1103 2537; x_wconf 86' lang='lat' dir='ltr'>rus</span> <span class='ocrx_word' id='word_1_328' title='bbox 1123 2507 1162 2536; x_wconf 84' lang='lat' dir='ltr'>et</span> <span class='ocrx_word' id='word_1_329' title='bbox 1182 2497 1252 2535; x_wconf 84' lang='lat' dir='ltr'>ille</span> <span class='ocrx_word' id='word_1_330' title='bbox 1271 2498 1404 2537; x_wconf 62' lang='lat' dir='ltr'>sester.</span> <span class='ocrx_word' id='word_1_331' title='bbox 1461 2501 1501 2539; x_wconf 91' lang='lat' dir='ltr'>B.</span> 
     </span>
    </p>

    <p class='ocr_par' dir='ltr' id='par_1_27' title="bbox 1093 2545 1700 2606">
     <span class='ocr_line' id='line_1_72' title="bbox 1093 2545 1700 2606; baseline -0.003 -11"><span class='ocrx_word' id='word_1_332' title='bbox 1093 2556 1147 2606; x_wconf 80' lang='lat'>65</span> <span class='ocrx_word' id='word_1_333' title='bbox 1186 2551 1325 2594; x_wconf 78' lang='lat' dir='ltr'>Versus</span> <span class='ocrx_word' id='word_1_334' title='bbox 1359 2564 1400 2592; x_wconf 85' lang='lat' dir='ltr'>et</span> <span class='ocrx_word' id='word_1_335' title='bbox 1433 2545 1559 2594; x_wconf 73' lang='lat' dir='ltr'>sensus</span> <span class='ocrx_word' id='word_1_336' title='bbox 1599 2567 1700 2593; x_wconf 86' lang='lat' dir='ltr'>com-</span> 
     </span>
    </p>
   </div>
   <div class='ocr_carea' id='block_1_19' title="bbox 1038 2608 1699 2707">
    <p class='ocr_par' dir='ltr' id='par_1_28' title="bbox 1038 2608 1699 2707">
     <span class='ocr_line' id='line_1_73' title="bbox 1038 2608 1696 2707; baseline -0.003 -56"><span class='ocrx_word' id='word_1_337' title='bbox 1038 2608 1229 2651; x_wconf 78' lang='lat' dir='ltr'>mendant</span> <span class='ocrx_word' id='word_1_338' title='bbox 1245 2610 1454 2652; x_wconf 73' lang='lat' dir='ltr'>lefflonem</span> <span class='ocrx_word' id='word_1_339' title='bbox 1467 2610 1550 2651; x_wconf 86' lang='lat' dir='ltr'>cod.</span> <span class='ocrx_word' id='word_1_340' title='bbox 1561 2609 1696 2707; x_wconf 67' lang='lat' dir='ltr'>Becmb.</span> 
     </span>
     <span class='ocr_line' id='line_1_74' title="bbox 1637 2679 1699 2705; baseline 0 0"><span class='ocrx_word' id='word_1_341' title='bbox 1637 2679 1699 2705; x_wconf 81' lang='lat' dir='ltr'>on-</span> 
     </span>
    </p>
   </div>
   <div class='ocr_carea' id='block_1_20' title="bbox 1800 0 1808 530">
    <p class='ocr_par' dir='ltr' id='par_1_29' title="bbox 1800 0 1808 530">
     <span class='ocr_line' id='line_1_75' title="bbox 1800 0 1808 530; baseline 0 0"><span class='ocrx_word' id='word_1_342' title='bbox 1800 0 1808 530; x_wconf 95' lang='lat' dir='ltr'> </span> 
     </span>
    </p>
   </div>
   <div class='ocr_carea' id='block_1_21' title="bbox 1805 674 1815 2264">
    <p class='ocr_par' dir='ltr' id='par_1_30' title="bbox 1805 674 1815 2264">
     <span class='ocr_line' id='line_1_76' title="bbox 1805 674 1815 2264; baseline 0 0"><span class='ocrx_word' id='word_1_343' title='bbox 1805 674 1815 2264; x_wconf 95' lang='lat' dir='ltr'> </span> 
     </span>
    </p>
   </div>
   <div class='ocr_carea' id='block_1_22' title="bbox 1811 993 1815 2264">
    <p class='ocr_par' dir='ltr' id='par_1_31' title="bbox 1811 993 1815 2264">
     <span class='ocr_line' id='line_1_77' title="bbox 1811 993 1815 2264; baseline 0 0"><span class='ocrx_word' id='word_1_344' title='bbox 1811 993 1815 2264; x_wconf 95' lang='lat' dir='ltr'> </span> 
     </span>
    </p>
   </div>
  </div>
 </body>
</html>
