<?xml version="1.0" encoding="UTF-8"?>
<!DOCTYPE html PUBLIC "-//W3C//DTD XHTML 1.0 Transitional//EN"
    "http://www.w3.org/TR/xhtml1/DTD/xhtml1-transitional.dtd">
<html xmlns="http://www.w3.org/1999/xhtml" xml:lang="en" lang="en">
 <head>
  <title>
</title>
<meta http-equiv="Content-Type" content="text/html;charset=utf-8" />
  <meta name='ocr-system' content='tesseract 3.04.00' />
  <meta name='ocr-capabilities' content='ocr_page ocr_carea ocr_par ocr_line ocrx_word'/>
</head>
<body>
  <div class='ocr_page' id='page_1' title='image "./comoediaesexexre01tereuoft_0331.png"; bbox 0 0 1815 3168; ppageno 0'>
   <div class='ocr_carea' id='block_1_1' title="bbox 712 99 1005 165">
    <p class='ocr_par' dir='ltr' id='par_1_1' title="bbox 712 99 1005 165">
     <span class='ocr_line' id='line_1_1' title="bbox 712 99 1005 165; baseline 0 0"><span class='ocrx_word' id='word_1_1' title='bbox 712 99 1005 165; x_wconf 83' lang='lat' dir='ltr'>ANDRIA.</span> 
     </span>
    </p>
   </div>
   <div class='ocr_carea' id='block_1_2' title="bbox 1439 134 1537 182">
    <p class='ocr_par' dir='ltr' id='par_1_2' title="bbox 1439 134 1537 182">
     <span class='ocr_line' id='line_1_2' title="bbox 1439 134 1537 182; baseline 0 0"><span class='ocrx_word' id='word_1_2' title='bbox 1439 134 1537 182; x_wconf 84' lang='lat'><strong>235</strong></span> 
     </span>
    </p>
   </div>
   <div class='ocr_carea' id='block_1_3' title="bbox 300 241 1538 310">
    <p class='ocr_par' dir='ltr' id='par_1_3' title="bbox 300 241 1538 310">
     <span class='ocr_line' id='line_1_3' title="bbox 300 241 1538 310; baseline 0.001 -17"><span class='ocrx_word' id='word_1_3' title='bbox 300 241 409 293; x_wconf 81' lang='lat' dir='ltr'><strong>CH.</strong></span> <span class='ocrx_word' id='word_1_4' title='bbox 446 250 507 293; x_wconf 81' lang='lat' dir='ltr'><strong>At</strong></span> <span class='ocrx_word' id='word_1_5' title='bbox 527 244 636 292; x_wconf 85' lang='lat' dir='ltr'><strong>mihi</strong></span> <span class='ocrx_word' id='word_1_6' title='bbox 659 263 770 292; x_wconf 86' lang='lat' dir='ltr'><strong>vnus</strong></span> <span class='ocrx_word' id='word_1_7' title='bbox 793 245 1019 310; x_wconf 87' lang='lat' dir='ltr'><strong>scrupulus</strong></span> <span class='ocrx_word' id='word_1_8' title='bbox 1044 245 1172 291; x_wconf 83' lang='lat' dir='ltr'><strong>etiam</strong></span> <span class='ocrx_word' id='word_1_9' title='bbox 1193 242 1331 298; x_wconf 76' lang='lat' dir='ltr'><strong>restat,</strong></span> <span class='ocrx_word' id='word_1_10' title='bbox 1370 249 1445 308; x_wconf 84' lang='lat' dir='ltr'><strong>qui</strong></span> <span class='ocrx_word' id='word_1_11' title='bbox 1465 263 1538 294; x_wconf 82' lang='lat' dir='ltr'><strong>me</strong></span> 
     </span>
    </p>
   </div>
   <div class='ocr_carea' id='block_1_4' title="bbox 401 318 854 368">
    <p class='ocr_par' dir='ltr' id='par_1_4' title="bbox 401 318 854 368">
     <span class='ocr_line' id='line_1_4' title="bbox 401 318 854 368; baseline -0.004 -1"><span class='ocrx_word' id='word_1_12' title='bbox 401 321 512 368; x_wconf 86' lang='lat' dir='ltr'><strong>male</strong></span> <span class='ocrx_word' id='word_1_13' title='bbox 531 321 673 367; x_wconf 84' lang='lat' dir='ltr'><strong>habet.</strong></span> <span class='ocrx_word' id='word_1_14' title='bbox 708 318 785 367; x_wconf 57' lang='lat' dir='ltr'><strong>PA‘</strong></span> <span class='ocrx_word' id='word_1_15' title='bbox 798 334 854 367; x_wconf 88' lang='lat' dir='ltr'><strong>M.</strong></span> 
     </span>
    </p>
   </div>
   <div class='ocr_carea' id='block_1_5' title="bbox 894 321 1135 381">
    <p class='ocr_par' dir='ltr' id='par_1_5' title="bbox 894 321 1135 381">
     <span class='ocr_line' id='line_1_5' title="bbox 894 321 1135 381; baseline -0.004 -15"><span class='ocrx_word' id='word_1_16' title='bbox 894 321 1051 381; x_wconf 88' lang='lat' dir='ltr'><strong>dignus</strong></span> <span class='ocrx_word' id='word_1_17' title='bbox 1075 336 1135 372; x_wconf 78' lang='lat' dir='ltr'><strong>es,</strong></span> 
     </span>
    </p>
   </div>
   <div class='ocr_carea' id='block_1_6' title="bbox 304 387 1538 460">
    <p class='ocr_par' dir='ltr' id='par_1_6' title="bbox 304 387 1538 460">
     <span class='ocr_line' id='line_1_6' title="bbox 304 387 1538 460; baseline 0.002 -18"><span class='ocrx_word' id='word_1_18' title='bbox 304 398 419 443; x_wconf 88' lang='lat' dir='ltr'><strong>Cum</strong></span> <span class='ocrx_word' id='word_1_19' title='bbox 442 407 515 442; x_wconf 87' lang='lat' dir='ltr'><strong>tua</strong></span> <span class='ocrx_word' id='word_1_20' title='bbox 534 387 760 457; x_wconf 54' lang='lat' dir='ltr'><strong>religione:</strong></span> <span class='ocrx_word' id='word_1_21' title='bbox 784 395 950 442; x_wconf 86' lang='lat' dir='ltr'><strong>odium.</strong></span> <span class='ocrx_word' id='word_1_22' title='bbox 987 393 1173 443; x_wconf 88' lang='lat' dir='ltr'><strong>Nodum</strong></span> <span class='ocrx_word' id='word_1_23' title='bbox 1189 395 1235 441; x_wconf 89' lang='lat' dir='ltr'><strong>in</strong></span> <span class='ocrx_word' id='word_1_24' title='bbox 1257 392 1395 460; x_wconf 88' lang='lat' dir='ltr'><strong>scirpo</strong></span> <span class='ocrx_word' id='word_1_25' title='bbox 1412 412 1538 459; x_wconf 80' lang='lat' dir='ltr'><strong>quae-</strong></span> 
     </span>
    </p>
   </div>
   <div class='ocr_carea' id='block_1_7' title="bbox 400 467 969 536">
    <p class='ocr_par' dir='ltr' id='par_1_7' title="bbox 400 467 969 536">
     <span class='ocr_line' id='line_1_7' title="bbox 400 467 969 536; baseline -0.005 -18"><span class='ocrx_word' id='word_1_26' title='bbox 400 472 474 518; x_wconf 84' lang='lat' dir='ltr'><strong>ris.</strong></span> <span class='ocrx_word' id='word_1_27' title='bbox 513 467 616 517; x_wconf 81' lang='lat' dir='ltr'><strong>CR.</strong></span> <span class='ocrx_word' id='word_1_28' title='bbox 655 470 762 536; x_wconf 82' lang='lat' dir='ltr'><strong>quid</strong></span> <span class='ocrx_word' id='word_1_29' title='bbox 783 469 969 518; x_wconf 80' lang='lat' dir='ltr'><strong>istuc&#39;st‘?</strong></span> 
     </span>
    </p>
   </div>
   <div class='ocr_carea' id='block_1_8' title="bbox 169 647 838 1147">
    <p class='ocr_par' dir='ltr' id='par_1_8' title="bbox 169 647 835 871">
     <span class='ocr_line' id='line_1_8' title="bbox 171 647 832 704; baseline 0.003 -16"><span class='ocrx_word' id='word_1_30' title='bbox 171 649 302 704; x_wconf 79' lang='lat' dir='ltr'><strong>philus</strong></span> <span class='ocrx_word' id='word_1_31' title='bbox 322 647 558 702; x_wconf 79' lang='lat' dir='ltr'>respondeat.</span> <span class='ocrx_word' id='word_1_32' title='bbox 580 649 706 703; x_wconf 83' lang='lat' dir='ltr'><strong>potest</strong></span> <span class='ocrx_word' id='word_1_33' title='bbox 724 650 832 690; x_wconf 83' lang='lat' dir='ltr'><strong>enim</strong></span> 
     </span>
     <span class='ocr_line' id='line_1_9' title="bbox 172 706 834 758; baseline -0.005 -11"><span class='ocrx_word' id='word_1_34' title='bbox 172 706 367 747; x_wconf 84' lang='lat' dir='ltr'><strong>Chremes</strong></span> <span class='ocrx_word' id='word_1_35' title='bbox 389 718 427 746; x_wconf 90' lang='lat' dir='ltr'><strong>et</strong></span> <span class='ocrx_word' id='word_1_36' title='bbox 445 717 555 758; x_wconf 87' lang='lat' dir='ltr'><strong>pater</strong></span> <span class='ocrx_word' id='word_1_37' title='bbox 574 706 707 745; x_wconf 84' lang='lat' dir='ltr'><strong>videri.</strong></span> <span class='ocrx_word' id='word_1_38' title='bbox 748 707 834 746; x_wconf 79' lang='lat' dir='ltr'><strong>Cre-</strong></span> 
     </span>
     <span class='ocr_line' id='line_1_10' title="bbox 169 760 835 813; baseline 0 -12"><span class='ocrx_word' id='word_1_39' title='bbox 169 762 221 801; x_wconf 74' lang='lat' dir='ltr'><strong>do</strong></span> <span class='ocrx_word' id='word_1_40' title='bbox 239 761 361 813; x_wconf 74' lang='lat' dir='ltr'><strong>pater]</strong></span> <span class='ocrx_word' id='word_1_41' title='bbox 399 763 460 802; x_wconf 87' lang='lat' dir='ltr'><strong>Sic</strong></span> <span class='ocrx_word' id='word_1_42' title='bbox 488 760 712 812; x_wconf 82' lang='lat' dir='ltr'><strong>responderi</strong></span> <span class='ocrx_word' id='word_1_43' title='bbox 738 761 835 801; x_wconf 83' lang='lat' dir='ltr'><strong>solet</strong></span> 
     </span>
     <span class='ocr_line' id='line_1_11' title="bbox 174 818 615 871; baseline 0.007 -16"><span class='ocrx_word' id='word_1_44' title='bbox 174 818 337 865; x_wconf 81' lang='lat' dir='ltr'><strong>dicenti,</strong></span> <span class='ocrx_word' id='word_1_45' title='bbox 355 819 507 871; x_wconf 78' lang='lat' dir='ltr'><strong><em>gaudeo.</em></strong></span> <span class='ocrx_word' id='word_1_46' title='bbox 563 821 615 858; x_wconf 90' lang='lat' dir='ltr'><strong>D.</strong></span> 
     </span>
    </p>

    <p class='ocr_par' dir='ltr' id='par_1_9' title="bbox 175 873 836 1095">
     <span class='ocr_line' id='line_1_12' title="bbox 231 873 835 928; baseline 0.002 -17"><span class='ocrx_word' id='word_1_47' title='bbox 231 873 316 911; x_wconf 81' lang='lat' dir='ltr'><strong>Nae</strong></span> <span class='ocrx_word' id='word_1_48' title='bbox 342 873 445 924; x_wconf 84' lang='lat' dir='ltr'><strong>istam</strong></span> <span class='ocrx_word' id='word_1_49' title='bbox 468 873 709 928; x_wconf 82' lang='lat' dir='ltr'><em>multimodis]</em></span> <span class='ocrx_word' id='word_1_50' title='bbox 737 874 835 919; x_wconf 79' lang='lat' dir='ltr'><strong><em>Nae,</em></strong></span> 
     </span>
     <span class='ocr_line' id='line_1_13' title="bbox 177 927 836 978; baseline 0.003 -12"><span class='ocrx_word' id='word_1_51' title='bbox 177 927 216 966; x_wconf 88' lang='lat' dir='ltr'><strong>id</strong></span> <span class='ocrx_word' id='word_1_52' title='bbox 237 927 300 977; x_wconf 84' lang='lat' dir='ltr'><strong>est,</strong></span> <span class='ocrx_word' id='word_1_53' title='bbox 321 929 444 969; x_wconf 69' lang='lat' dir='ltr'><strong>valde.</strong></span> <span class='ocrx_word' id='word_1_54' title='bbox 475 940 526 976; x_wconf 87' lang='lat' dir='ltr'><strong>vt,</strong></span> <span class='ocrx_word' id='word_1_55' title='bbox 563 931 738 978; x_wconf 82' lang='lat' dir='ltr'><strong>Faciunt,</strong></span> <span class='ocrx_word' id='word_1_56' title='bbox 770 944 836 969; x_wconf 83' lang='lat' dir='ltr'><strong>nae</strong></span> 
     </span>
     <span class='ocr_line' id='line_1_14' title="bbox 175 983 836 1040; baseline 0.002 -16"><span class='ocrx_word' id='word_1_57' title='bbox 175 983 408 1040; x_wconf 75' lang='lat' dir='ltr'><strong>intelligendo</strong></span> <span class='ocrx_word' id='word_1_58' title='bbox 426 1016 437 1035; x_wconf 83' lang='lat'>‚</span> <span class='ocrx_word' id='word_1_59' title='bbox 487 998 532 1038; x_wconf 73' lang='lat' dir='ltr'><strong>vt</strong></span> <span class='ocrx_word' id='word_1_60' title='bbox 574 986 673 1026; x_wconf 84' lang='lat' dir='ltr'><strong>nihil</strong></span> <span class='ocrx_word' id='word_1_61' title='bbox 704 985 836 1026; x_wconf 85' lang='lat' dir='ltr'><strong>intelli-</strong></span> 
     </span>
     <span class='ocr_line' id='line_1_15' title="bbox 176 1045 388 1095; baseline 0.009 -18"><span class='ocrx_word' id='word_1_62' title='bbox 176 1054 275 1095; x_wconf 82' lang='lat' dir='ltr'><em>gant</em></span> <span class='ocrx_word' id='word_1_63' title='bbox 343 1045 388 1081; x_wconf 89' lang='lat' dir='ltr'><strong>E.</strong></span> 
     </span>
    </p>

    <p class='ocr_par' dir='ltr' id='par_1_10' title="bbox 235 1096 838 1147">
     <span class='ocr_line' id='line_1_16' title="bbox 235 1096 838 1147; baseline 0.007 -11"><span class='ocrx_word' id='word_1_64' title='bbox 235 1097 317 1136; x_wconf 77' lang='lat' dir='ltr'><strong>Nae</strong></span> <span class='ocrx_word' id='word_1_65' title='bbox 355 1096 459 1147; x_wconf 81' lang='lat' dir='ltr'><strong>zstam</strong></span> <span class='ocrx_word' id='word_1_66' title='bbox 501 1098 743 1144; x_wconf 80' lang='lat' dir='ltr'><em>multimodis]</em></span> <span class='ocrx_word' id='word_1_67' title='bbox 789 1101 838 1141; x_wconf 74' lang='lat' dir='ltr'><strong>V.</strong></span> 
     </span>
    </p>
   </div>
   <div class='ocr_carea' id='block_1_9' title="bbox 1442 549 1539 593">
    <p class='ocr_par' dir='ltr' id='par_1_11' title="bbox 1442 549 1539 593">
     <span class='ocr_line' id='line_1_17' title="bbox 1442 549 1539 593; baseline 0.01 -1"><span class='ocrx_word' id='word_1_68' title='bbox 1442 549 1539 593; x_wconf 62' lang='lat' dir='ltr'><strong>Cn.</strong></span> 
     </span>
    </p>
   </div>
   <div class='ocr_carea' id='block_1_10' title="bbox 880 648 1546 1093">
    <p class='ocr_par' dir='ltr' id='par_1_12' title="bbox 880 648 1542 809">
     <span class='ocr_line' id='line_1_18' title="bbox 880 648 1540 698; baseline 0 -9"><span class='ocrx_word' id='word_1_69' title='bbox 880 649 992 689; x_wconf 84' lang='lat' dir='ltr'><strong>dium.</strong></span> <span class='ocrx_word' id='word_1_70' title='bbox 1023 648 1142 688; x_wconf 87' lang='lat' dir='ltr'><strong>Plaut.</strong></span> <span class='ocrx_word' id='word_1_71' title='bbox 1160 648 1320 688; x_wconf 89' lang='lat' dir='ltr'><strong>Trucul.</strong></span> <span class='ocrx_word' id='word_1_72' title='bbox 1346 661 1407 698; x_wconf 84' lang='lat'><strong>11,</strong></span> <span class='ocrx_word' id='word_1_73' title='bbox 1437 660 1471 698; x_wconf 87' lang='grc' dir='ltr'><strong>Ι,</strong></span> <span class='ocrx_word' id='word_1_74' title='bbox 1504 662 1540 691; x_wconf 88' lang='grc' dir='ltr'><strong>Ι.</strong></span> 
     </span>
     <span class='ocr_line' id='line_1_19' title="bbox 881 704 1542 759; baseline 0.003 -16"><span class='ocrx_word' id='word_1_75' title='bbox 881 704 1013 751; x_wconf 77' lang='lat' dir='ltr'><em>Halm,</em></span> <span class='ocrx_word' id='word_1_76' title='bbox 1046 705 1162 743; x_wconf 81' lang='lat' dir='ltr'><strong>hercle</strong></span> <span class='ocrx_word' id='word_1_77' title='bbox 1181 707 1337 758; x_wconf 80' lang='lat' dir='ltr'><strong>quieuit,</strong></span> <span class='ocrx_word' id='word_1_78' title='bbox 1371 707 1459 759; x_wconf 79' lang='lat' dir='ltr'><strong>quia</strong></span> <span class='ocrx_word' id='word_1_79' title='bbox 1486 707 1542 745; x_wconf 84' lang='lat' dir='ltr'><strong>iu-</strong></span> 
     </span>
     <span class='ocr_line' id='line_1_20' title="bbox 883 761 1289 809; baseline 0.002 -9"><span class='ocrx_word' id='word_1_80' title='bbox 883 762 1036 809; x_wconf 82' lang='lat' dir='ltr'><strong>troiuit,</strong></span> <span class='ocrx_word' id='word_1_81' title='bbox 1062 761 1196 799; x_wconf 81' lang='lat' dir='ltr'><strong>odium.</strong></span> <span class='ocrx_word' id='word_1_82' title='bbox 1249 764 1289 801; x_wconf 90' lang='lat' dir='ltr'><strong>L.</strong></span> 
     </span>
    </p>

    <p class='ocr_par' dir='ltr' id='par_1_13' title="bbox 882 816 1546 1093">
     <span class='ocr_line' id='line_1_21' title="bbox 942 816 1545 870; baseline -0.003 -13"><span class='ocrx_word' id='word_1_83' title='bbox 942 823 992 869; x_wconf 84' lang='lat'><strong>38</strong></span> <span class='ocrx_word' id='word_1_84' title='bbox 1022 819 1180 870; x_wconf 49' lang='lat' dir='ltr'><strong>Dignust</strong></span> <span class='ocrx_word' id='word_1_85' title='bbox 1197 830 1231 856; x_wconf 81' lang='lat' dir='ltr'><strong>es</strong></span> <span class='ocrx_word' id='word_1_86' title='bbox 1260 829 1342 856; x_wconf 86' lang='lat' dir='ltr'><strong>cum</strong></span> <span class='ocrx_word' id='word_1_87' title='bbox 1371 829 1439 855; x_wconf 87' lang='lat' dir='ltr'><strong>tua</strong></span> <span class='ocrx_word' id='word_1_88' title='bbox 1458 816 1545 857; x_wconf 68' lang='lat' dir='ltr'><strong>reli«</strong></span> 
     </span>
     <span class='ocr_line' id='line_1_22' title="bbox 882 869 1543 927; baseline 0.002 -17"><span class='ocrx_word' id='word_1_89' title='bbox 882 874 994 927; x_wconf 85' lang='lat' dir='ltr'><strong>gione</strong></span> <span class='ocrx_word' id='word_1_90' title='bbox 1026 871 1169 926; x_wconf 82' lang='lat' dir='ltr'><strong>odium]</strong></span> <span class='ocrx_word' id='word_1_91' title='bbox 1205 877 1286 913; x_wconf 87' lang='lat' dir='ltr'><strong>Aut</strong></span> <span class='ocrx_word' id='word_1_92' title='bbox 1310 869 1543 912; x_wconf 84' lang='lat' dir='ltr'><strong>accusatiuus</strong></span> 
     </span>
     <span class='ocr_line' id='line_1_23' title="bbox 886 926 1543 979; baseline 0.002 -13"><span class='ocrx_word' id='word_1_93' title='bbox 886 941 956 978; x_wconf 85' lang='lat' dir='ltr'><strong>pro</strong></span> <span class='ocrx_word' id='word_1_94' title='bbox 992 927 1162 979; x_wconf 80' lang='lat' dir='ltr'><strong>ablatiuo</strong></span> <span class='ocrx_word' id='word_1_95' title='bbox 1195 926 1278 967; x_wconf 75' lang='lat' dir='ltr'><strong>casu</strong></span> <span class='ocrx_word' id='word_1_96' title='bbox 1308 928 1361 967; x_wconf 87' lang='lat' dir='ltr'><strong>est</strong></span> <span class='ocrx_word' id='word_1_97' title='bbox 1388 928 1543 979; x_wconf 80' lang='lat' dir='ltr'><strong>poiitus,</strong></span> 
     </span>
     <span class='ocr_line' id='line_1_24' title="bbox 885 982 1546 1035; baseline 0.005 -13"><span class='ocrx_word' id='word_1_98' title='bbox 885 997 956 1035; x_wconf 85' lang='lat' dir='ltr'><strong>pro</strong></span> <span class='ocrx_word' id='word_1_99' title='bbox 975 984 1076 1024; x_wconf 88' lang='lat' dir='ltr'><strong>odio.</strong></span> <span class='ocrx_word' id='word_1_100' title='bbox 1105 994 1171 1023; x_wconf 89' lang='lat' dir='ltr'><strong>aut</strong></span> <span class='ocrx_word' id='word_1_101' title='bbox 1196 982 1394 1034; x_wconf 85' lang='lat' dir='ltr'><strong>separatim</strong></span> <span class='ocrx_word' id='word_1_102' title='bbox 1421 984 1546 1025; x_wconf 82' lang='lat' dir='ltr'><em>odium</em></span> 
     </span>
     <span class='ocr_line' id='line_1_25' title="bbox 888 1039 1546 1093; baseline 0 -15"><span class='ocrx_word' id='word_1_103' title='bbox 888 1041 1105 1093; x_wconf 87' lang='lat' dir='ltr'><strong>legendum</strong></span> <span class='ocrx_word' id='word_1_104' title='bbox 1136 1039 1208 1087; x_wconf 86' lang='lat' dir='ltr'><strong>est,</strong></span> <span class='ocrx_word' id='word_1_105' title='bbox 1245 1051 1283 1079; x_wconf 88' lang='lat' dir='ltr'><strong>vt</strong></span> <span class='ocrx_word' id='word_1_106' title='bbox 1312 1040 1373 1087; x_wconf 82' lang='lat' dir='ltr'><strong>fit,</strong></span> <span class='ocrx_word' id='word_1_107' title='bbox 1403 1040 1546 1093; x_wconf 70' lang='lat' dir='ltr'><strong>dignus</strong></span> 
     </span>
    </p>
   </div>
   <div class='ocr_carea' id='block_1_11' title="bbox 889 1096 1546 1147">
    <p class='ocr_par' dir='ltr' id='par_1_14' title="bbox 889 1096 1546 1147">
     <span class='ocr_line' id='line_1_26' title="bbox 889 1096 1546 1147; baseline -0.002 -12"><span class='ocrx_word' id='word_1_108' title='bbox 889 1097 955 1147; x_wconf 88' lang='lat' dir='ltr'><strong>qui</strong></span> <span class='ocrx_word' id='word_1_109' title='bbox 973 1096 1074 1136; x_wconf 77' lang='lat' dir='ltr'><strong>male</strong></span> <span class='ocrx_word' id='word_1_110' title='bbox 1094 1096 1283 1136; x_wconf 83' lang='lat' dir='ltr'><strong>habearis.</strong></span> <span class='ocrx_word' id='word_1_111' title='bbox 1340 1097 1495 1136; x_wconf 85' lang='lat' dir='ltr'><em>Nodum</em></span> <span class='ocrx_word' id='word_1_112' title='bbox 1504 1098 1546 1135; x_wconf 82' lang='lat' dir='ltr'><strong>in</strong></span> 
     </span>
    </p>
   </div>
   <div class='ocr_carea' id='block_1_12' title="bbox 178 1148 1547 1205">
    <p class='ocr_par' dir='ltr' id='par_1_15' title="bbox 178 1148 1547 1205">
     <span class='ocr_line' id='line_1_27' title="bbox 178 1148 1547 1205; baseline 0 -16"><span class='ocrx_word' id='word_1_113' title='bbox 178 1151 224 1193; x_wconf 90' lang='lat' dir='ltr'><strong>C.</strong></span> <span class='ocrx_word' id='word_1_114' title='bbox 244 1151 457 1204; x_wconf 52' lang='lat' dir='ltr'><strong>szejstam</strong></span> <span class='ocrx_word' id='word_1_115' title='bbox 477 1148 600 1194; x_wconf 71' lang='lat' dir='ltr'><strong>multis</strong></span> <span class='ocrx_word' id='word_1_116' title='bbox 611 1154 741 1194; x_wconf 83' lang='lat' dir='ltr'><strong>modis.</strong></span> <span class='ocrx_word' id='word_1_117' title='bbox 771 1155 811 1193; x_wconf 88' lang='lat' dir='ltr'><strong>L.</strong></span> <span class='ocrx_word' id='word_1_118' title='bbox 875 1153 1005 1205; x_wconf 78' lang='lat' dir='ltr'><strong>selrpo</strong></span> <span class='ocrx_word' id='word_1_119' title='bbox 1032 1150 1195 1204; x_wconf 71' lang='lat' dir='ltr'><strong>quaeris]</strong></span> <span class='ocrx_word' id='word_1_120' title='bbox 1237 1153 1409 1204; x_wconf 63' lang='lat' dir='ltr'><strong>Scirpus2</strong></span> <span class='ocrx_word' id='word_1_121' title='bbox 1441 1153 1547 1204; x_wconf 90' lang='lat' dir='ltr'><strong>palu-</strong></span> 
     </span>
    </p>
   </div>
   <div class='ocr_carea' id='block_1_13' title="bbox 149 1209 849 2657">
    <p class='ocr_par' dir='ltr' id='par_1_16' title="bbox 179 1209 841 1427">
     <span class='ocr_line' id='line_1_28' title="bbox 236 1209 839 1257; baseline 0.005 -12"><span class='ocrx_word' id='word_1_122' title='bbox 236 1209 308 1246; x_wconf 78' lang='lat' dir='ltr'><strong>Pro</strong></span> <span class='ocrx_word' id='word_1_123' title='bbox 330 1221 429 1247; x_wconf 82' lang='lat' dir='ltr'><em>tuam</em></span> <span class='ocrx_word' id='word_1_124' title='bbox 446 1211 615 1257; x_wconf 81' lang='lat' dir='ltr'><strong>inueniri,</strong></span> <span class='ocrx_word' id='word_1_125' title='bbox 646 1224 732 1249; x_wconf 87' lang='lat' dir='ltr'><strong>eum</strong></span> <span class='ocrx_word' id='word_1_126' title='bbox 758 1223 839 1248; x_wconf 85' lang='lat' dir='ltr'><strong>non</strong></span> 
     </span>
     <span class='ocr_line' id='line_1_29' title="bbox 179 1262 838 1316; baseline 0.006 -16"><span class='ocrx_word' id='word_1_127' title='bbox 179 1263 398 1312; x_wconf 83' lang='lat' dir='ltr'><strong>Chremeti,</strong></span> <span class='ocrx_word' id='word_1_128' title='bbox 422 1262 489 1303; x_wconf 90' lang='lat' dir='ltr'><strong>sed</strong></span> <span class='ocrx_word' id='word_1_129' title='bbox 499 1265 699 1316; x_wconf 86' lang='lat' dir='ltr'><strong>Pamphilo</strong></span> <span class='ocrx_word' id='word_1_130' title='bbox 711 1266 838 1304; x_wconf 83' lang='lat' dir='ltr'><strong>dican-</strong></span> 
     </span>
     <span class='ocr_line' id='line_1_30' title="bbox 181 1322 841 1370; baseline 0.003 -14"><span class='ocrx_word' id='word_1_131' title='bbox 181 1328 254 1362; x_wconf 78' lang='lat' dir='ltr'><strong>tur,</strong></span> <span class='ocrx_word' id='word_1_132' title='bbox 271 1332 418 1370; x_wconf 79' lang='lat' dir='ltr'><strong>repone</strong></span> <span class='ocrx_word' id='word_1_133' title='bbox 439 1325 550 1358; x_wconf 74' lang='lat' dir='ltr'><strong>ciuem</strong></span> <span class='ocrx_word' id='word_1_134' title='bbox 568 1322 768 1362; x_wconf 79' lang='lat' dir='ltr'><strong>inuentam.</strong></span> <span class='ocrx_word' id='word_1_135' title='bbox 801 1330 841 1358; x_wconf 75' lang='lat' dir='ltr'><strong>vt</strong></span> 
     </span>
     <span class='ocr_line' id='line_1_31' title="bbox 182 1377 759 1427; baseline -0.002 -12"><span class='ocrx_word' id='word_1_136' title='bbox 182 1377 338 1426; x_wconf 82' lang='lat' dir='ltr'><strong>Eun.v‚</strong></span> <span class='ocrx_word' id='word_1_137' title='bbox 359 1388 392 1426; x_wconf 85' lang='lat'><strong>5,</strong></span> <span class='ocrx_word' id='word_1_138' title='bbox 419 1387 479 1416; x_wconf 87' lang='lat'><strong>10.</strong></span> <span class='ocrx_word' id='word_1_139' title='bbox 508 1388 545 1423; x_wconf 87' lang='lat' dir='ltr'><strong>v,</strong></span> <span class='ocrx_word' id='word_1_140' title='bbox 565 1388 602 1427; x_wconf 83' lang='lat'><strong>9,</strong></span> <span class='ocrx_word' id='word_1_141' title='bbox 624 1380 661 1417; x_wconf 91' lang='lat'><strong>6.</strong></span> <span class='ocrx_word' id='word_1_142' title='bbox 718 1379 759 1415; x_wconf 86' lang='grc' dir='ltr'><strong>Β.</strong></span> 
     </span>
    </p>

    <p class='ocr_par' dir='ltr' id='par_1_17' title="bbox 149 1431 849 2657">
     <span class='ocr_line' id='line_1_32' title="bbox 184 1431 843 1484; baseline 0.002 -16"><span class='ocrx_word' id='word_1_143' title='bbox 184 1434 187 1437; x_wconf 72' lang='grc'><strong><em>’</em></strong></span> <span class='ocrx_word' id='word_1_144' title='bbox 242 1440 295 1480; x_wconf 85' lang='lat'><strong>37</strong></span> <span class='ocrx_word' id='word_1_145' title='bbox 327 1433 382 1469; x_wconf 86' lang='lat' dir='ltr'><strong>At</strong></span> <span class='ocrx_word' id='word_1_146' title='bbox 409 1431 499 1469; x_wconf 77' lang='lat' dir='ltr'><strong>mihi</strong></span> <span class='ocrx_word' id='word_1_147' title='bbox 525 1444 620 1470; x_wconf 87' lang='lat' dir='ltr'><em>vnus</em></span> <span class='ocrx_word' id='word_1_148' title='bbox 642 1431 843 1484; x_wconf 85' lang='lat' dir='ltr'><em>scrupulus</em></span> 
     </span>
     <span class='ocr_line' id='line_1_33' title="bbox 185 1485 844 1536; baseline 0.002 -12"><span class='ocrx_word' id='word_1_149' title='bbox 185 1488 297 1526; x_wconf 81' lang='lat' dir='ltr'><strong>etiam</strong></span> <span class='ocrx_word' id='word_1_150' title='bbox 323 1485 449 1536; x_wconf 80' lang='lat' dir='ltr'><strong>restat]</strong></span> <span class='ocrx_word' id='word_1_151' title='bbox 497 1489 570 1533; x_wconf 86' lang='lat' dir='ltr'><strong>At,</strong></span> <span class='ocrx_word' id='word_1_152' title='bbox 601 1485 844 1526; x_wconf 77' lang='lat' dir='ltr'><strong>discretiuum</strong></span> 
     </span>
     <span class='ocr_line' id='line_1_34' title="bbox 158 1539 844 1593; baseline 0.001 -13"><span class='ocrx_word' id='word_1_153' title='bbox 158 1560 161 1563; x_wconf 48' lang='grc'><strong>“</strong></span> <span class='ocrx_word' id='word_1_154' title='bbox 183 1541 243 1580; x_wconf 86' lang='lat' dir='ltr'><strong>est</strong></span> <span class='ocrx_word' id='word_1_155' title='bbox 260 1539 496 1593; x_wconf 83' lang='lat' dir='ltr'><strong>superiorum</strong></span> <span class='ocrx_word' id='word_1_156' title='bbox 507 1541 704 1581; x_wconf 56' lang='lat' dir='ltr'><strong>diffiorum.</strong></span> <span class='ocrx_word' id='word_1_157' title='bbox 735 1542 844 1581; x_wconf 88' lang='lat' dir='ltr'><em>Scru-</em></span> 
     </span>
     <span class='ocr_line' id='line_1_35' title="bbox 184 1595 845 1653; baseline 0.005 -19"><span class='ocrx_word' id='word_1_158' title='bbox 184 1597 291 1653; x_wconf 78' lang='lat' dir='ltr'><em>pulus</em></span> <span class='ocrx_word' id='word_1_159' title='bbox 331 1612 354 1636; x_wconf 81' lang='lat' dir='ltr'>a</span> <span class='ocrx_word' id='word_1_160' title='bbox 393 1595 686 1649; x_wconf 83' lang='lat' dir='ltr'><strong>scrupolapide</strong></span> <span class='ocrx_word' id='word_1_161' title='bbox 712 1597 845 1646; x_wconf 65' lang='lat' dir='ltr'><strong>diuus,</strong></span> 
     </span>
     <span class='ocr_line' id='line_1_36' title="bbox 186 1652 845 1704; baseline 0 -12"><span class='ocrx_word' id='word_1_162' title='bbox 186 1652 340 1704; x_wconf 78' lang='lat' dir='ltr'><strong>lapillus</strong></span> <span class='ocrx_word' id='word_1_163' title='bbox 357 1654 551 1692; x_wconf 77' lang='lat' dir='ltr'><strong>minimus.</strong></span> <span class='ocrx_word' id='word_1_164' title='bbox 605 1657 704 1693; x_wconf 85' lang='lat' dir='ltr'><strong>Nam</strong></span> <span class='ocrx_word' id='word_1_165' title='bbox 731 1653 845 1692; x_wconf 87' lang='lat' dir='ltr'><strong>nimis</strong></span> 
     </span>
     <span class='ocr_line' id='line_1_37' title="bbox 185 1706 845 1760; baseline -0.002 -13"><span class='ocrx_word' id='word_1_166' title='bbox 185 1709 371 1747; x_wconf 83' lang='lat' dir='ltr'><strong>molestae</strong></span> <span class='ocrx_word' id='word_1_167' title='bbox 397 1706 482 1748; x_wconf 83' lang='lat' dir='ltr'><strong>sunt</strong></span> <span class='ocrx_word' id='word_1_168' title='bbox 506 1708 669 1760; x_wconf 83' lang='lat' dir='ltr'><strong>pedibus</strong></span> <span class='ocrx_word' id='word_1_169' title='bbox 695 1706 845 1760; x_wconf 82' lang='lat' dir='ltr'><strong>scrupu-</strong></span> 
     </span>
     <span class='ocr_line' id='line_1_38' title="bbox 186 1761 845 1816; baseline 0.005 -14"><span class='ocrx_word' id='word_1_170' title='bbox 186 1761 291 1803; x_wconf 81' lang='lat' dir='ltr'><strong>losae</strong></span> <span class='ocrx_word' id='word_1_171' title='bbox 310 1765 406 1803; x_wconf 82' lang='lat' dir='ltr'><strong>viae.</strong></span> <span class='ocrx_word' id='word_1_172' title='bbox 440 1775 479 1805; x_wconf 90' lang='lat' dir='ltr'><strong>vt</strong></span> <span class='ocrx_word' id='word_1_173' title='bbox 507 1765 614 1816; x_wconf 85' lang='lat' dir='ltr'><strong>Virg.</strong></span> <span class='ocrx_word' id='word_1_174' title='bbox 634 1766 755 1814; x_wconf 79' lang='lat' dir='ltr'><strong>(Aen.</strong></span> <span class='ocrx_word' id='word_1_175' title='bbox 783 1778 845 1814; x_wconf 74' lang='lat' dir='ltr'><strong>vl,</strong></span> 
     </span>
     <span class='ocr_line' id='line_1_39' title="bbox 185 1819 844 1875; baseline 0 -15"><span class='ocrx_word' id='word_1_176' title='bbox 185 1822 304 1872; x_wconf 78' lang='lat'>238.)</span> <span class='ocrx_word' id='word_1_177' title='bbox 335 1819 492 1873; x_wconf 85' lang='lat' dir='ltr'><strong>Scrupea</strong></span> <span class='ocrx_word' id='word_1_178' title='bbox 512 1832 595 1860; x_wconf 84' lang='lat' dir='ltr'><em>tuta</em></span> <span class='ocrx_word' id='word_1_179' title='bbox 622 1822 703 1860; x_wconf 83' lang='lat' dir='ltr'><em>lacu</em></span> <span class='ocrx_word' id='word_1_180' title='bbox 725 1822 844 1875; x_wconf 84' lang='lat' dir='ltr'><strong>nigro,</strong></span> 
     </span>
     <span class='ocr_line' id='line_1_40' title="bbox 187 1876 637 1929; baseline 0.002 -15"><span class='ocrx_word' id='word_1_181' title='bbox 187 1889 445 1929; x_wconf 81' lang='lat' dir='ltr'><strong>nemorumque</strong></span> <span class='ocrx_word' id='word_1_182' title='bbox 465 1876 637 1916; x_wconf 80' lang='lat' dir='ltr'><strong>tenebris.</strong></span> 
     </span>
     <span class='ocr_line' id='line_1_41' title="bbox 185 1931 520 1973; baseline -0.006 -1"><span class='ocrx_word' id='word_1_183' title='bbox 185 1933 259 1973; x_wconf 88' lang='lat' dir='ltr'><strong>Pro</strong></span> <span class='ocrx_word' id='word_1_184' title='bbox 280 1931 414 1970; x_wconf 83' lang='lat' dir='ltr'><strong>adhue.</strong></span> <span class='ocrx_word' id='word_1_185' title='bbox 471 1936 520 1973; x_wconf 91' lang='lat' dir='ltr'><strong>D.</strong></span> 
     </span>
     <span class='ocr_line' id='line_1_42' title="bbox 241 1987 846 2042; baseline 0.002 -15"><span class='ocrx_word' id='word_1_186' title='bbox 241 1987 436 2040; x_wconf 76' lang='lat' dir='ltr'><strong>scrupulus</strong></span> <span class='ocrx_word' id='word_1_187' title='bbox 462 1989 592 2042; x_wconf 84' lang='lat' dir='ltr'><strong>etiam]</strong></span> <span class='ocrx_word' id='word_1_188' title='bbox 624 1987 846 2029; x_wconf 66' lang='lat' dir='ltr'>Sollicitudo</span> 
     </span>
     <span class='ocr_line' id='line_1_43' title="bbox 189 2043 848 2095; baseline 0.003 -13"><span class='ocrx_word' id='word_1_189' title='bbox 189 2053 232 2082; x_wconf 86' lang='lat' dir='ltr'><strong>et</strong></span> <span class='ocrx_word' id='word_1_190' title='bbox 249 2044 351 2095; x_wconf 84' lang='lat' dir='ltr'><strong>quafi</strong></span> <span class='ocrx_word' id='word_1_191' title='bbox 365 2043 549 2095; x_wconf 81' lang='lat' dir='ltr'>quiddam</span> <span class='ocrx_word' id='word_1_192' title='bbox 561 2043 664 2095; x_wconf 88' lang='lat' dir='ltr'><strong>quod</strong></span> <span class='ocrx_word' id='word_1_193' title='bbox 675 2045 848 2085; x_wconf 82' lang='lat' dir='ltr'><strong>animum</strong></span> 
     </span>
     <span class='ocr_line' id='line_1_44' title="bbox 189 2100 849 2152; baseline 0.002 -14"><span class='ocrx_word' id='word_1_194' title='bbox 189 2111 441 2152; x_wconf 79' lang='lat' dir='ltr'><strong>compungat.</strong></span> <span class='ocrx_word' id='word_1_195' title='bbox 507 2100 678 2152; x_wconf 79' lang='lat' dir='ltr'><strong>Scrupuli</strong></span> <span class='ocrx_word' id='word_1_196' title='bbox 717 2100 849 2139; x_wconf 85' lang='lat' dir='ltr'><strong>dicun-</strong></span> 
     </span>
     <span class='ocr_line' id='line_1_45' title="bbox 189 2155 849 2208; baseline 0.003 -15"><span class='ocrx_word' id='word_1_197' title='bbox 189 2165 251 2194; x_wconf 83' lang='lat' dir='ltr'><strong>tur</strong></span> <span class='ocrx_word' id='word_1_198' title='bbox 285 2155 405 2208; x_wconf 85' lang='lat' dir='ltr'><strong>lapilli</strong></span> <span class='ocrx_word' id='word_1_199' title='bbox 436 2155 646 2195; x_wconf 79' lang='lat' dir='ltr'>admodum</span> <span class='ocrx_word' id='word_1_200' title='bbox 674 2157 780 2195; x_wconf 85' lang='lat' dir='ltr'><strong>leues</strong></span> <span class='ocrx_word' id='word_1_201' title='bbox 808 2166 849 2196; x_wconf 89' lang='lat' dir='ltr'><strong>et</strong></span> 
     </span>
     <span class='ocr_line' id='line_1_46' title="bbox 191 2211 848 2266; baseline 0.006 -17"><span class='ocrx_word' id='word_1_202' title='bbox 191 2212 312 2263; x_wconf 83' lang='lat' dir='ltr'><strong>parui.</strong></span> <span class='ocrx_word' id='word_1_203' title='bbox 355 2211 472 2251; x_wconf 85' lang='lat' dir='ltr'><strong>Vnde</strong></span> <span class='ocrx_word' id='word_1_204' title='bbox 498 2212 848 2266; x_wconf 68' lang='lat' dir='ltr'><strong>firupeamspelun-</strong></span> 
     </span>
     <span class='ocr_line' id='line_1_47' title="bbox 193 2267 846 2321; baseline 0.002 -15"><span class='ocrx_word' id='word_1_205' title='bbox 193 2279 272 2306; x_wconf 85' lang='lat' dir='ltr'><strong>cam</strong></span> <span class='ocrx_word' id='word_1_206' title='bbox 299 2268 435 2320; x_wconf 84' lang='lat' dir='ltr'><strong>Virgil.</strong></span> <span class='ocrx_word' id='word_1_207' title='bbox 469 2267 587 2319; x_wconf 85' lang='lat' dir='ltr'><strong>(Aen.</strong></span> <span class='ocrx_word' id='word_1_208' title='bbox 629 2282 694 2318; x_wconf 78' lang='lat' dir='ltr'><strong>w,</strong></span> <span class='ocrx_word' id='word_1_209' title='bbox 732 2272 846 2321; x_wconf 83' lang='lat'>237.)</span> 
     </span>
     <span class='ocr_line' id='line_1_48' title="bbox 194 2321 847 2377; baseline 0.008 -17"><span class='ocrx_word' id='word_1_210' title='bbox 194 2321 304 2371; x_wconf 81' lang='lat' dir='ltr'>dixit,</span> <span class='ocrx_word' id='word_1_211' title='bbox 327 2322 398 2362; x_wconf 85' lang='lat' dir='ltr'><strong>hoc</strong></span> <span class='ocrx_word' id='word_1_212' title='bbox 418 2322 481 2373; x_wconf 82' lang='lat' dir='ltr'><strong>est,</strong></span> <span class='ocrx_word' id='word_1_213' title='bbox 506 2324 645 2375; x_wconf 84' lang='lat' dir='ltr'><strong>lapillis</strong></span> <span class='ocrx_word' id='word_1_214' title='bbox 665 2323 847 2377; x_wconf 83' lang='lat' dir='ltr'><strong>asperam.</strong></span> 
     </span>
     <span class='ocr_line' id='line_1_49' title="bbox 191 2378 846 2432; baseline 0.003 -16"><span class='ocrx_word' id='word_1_215' title='bbox 191 2378 353 2418; x_wconf 86' lang='lat' dir='ltr'><strong>Ponitur</strong></span> <span class='ocrx_word' id='word_1_216' title='bbox 371 2392 464 2431; x_wconf 85' lang='lat' dir='ltr'><strong>ergo</strong></span> <span class='ocrx_word' id='word_1_217' title='bbox 481 2380 674 2432; x_wconf 78' lang='lat' dir='ltr'><em>scrupulus</em></span> <span class='ocrx_word' id='word_1_218' title='bbox 691 2394 760 2432; x_wconf 84' lang='lat' dir='ltr'><strong>pro</strong></span> <span class='ocrx_word' id='word_1_219' title='bbox 781 2380 846 2419; x_wconf 91' lang='lat' dir='ltr'><strong>du-</strong></span> 
     </span>
     <span class='ocr_line' id='line_1_50' title="bbox 149 2431 844 2487; baseline 0.006 -17"><span class='ocrx_word' id='word_1_220' title='bbox 149 2448 152 2452; x_wconf 91' lang='lat'>·</span> <span class='ocrx_word' id='word_1_221' title='bbox 192 2431 350 2483; x_wconf 67' lang='lat' dir='ltr'><strong>bieme,</strong></span> <span class='ocrx_word' id='word_1_222' title='bbox 370 2448 440 2485; x_wconf 85' lang='lat' dir='ltr'><strong>per</strong></span> <span class='ocrx_word' id='word_1_223' title='bbox 458 2435 734 2487; x_wconf 83' lang='lat' dir='ltr'><strong>metaphoram.</strong></span> <span class='ocrx_word' id='word_1_224' title='bbox 770 2436 844 2474; x_wconf 93' lang='lat' dir='ltr'><strong>Di-</strong></span> 
     </span>
     <span class='ocr_line' id='line_1_51' title="bbox 192 2490 846 2544; baseline 0.009 -19"><span class='ocrx_word' id='word_1_225' title='bbox 192 2501 289 2544; x_wconf 86' lang='lat' dir='ltr'><em>gnus</em></span> <span class='ocrx_word' id='word_1_226' title='bbox 331 2502 406 2528; x_wconf 87' lang='lat' dir='ltr'><strong>cum</strong></span> <span class='ocrx_word' id='word_1_227' title='bbox 454 2490 515 2530; x_wconf 76' lang='lat' dir='ltr'><strong>illa</strong></span> <span class='ocrx_word' id='word_1_228' title='bbox 561 2494 651 2536; x_wconf 80' lang='lat' dir='ltr'><strong>tua]</strong></span> <span class='ocrx_word' id='word_1_229' title='bbox 705 2508 846 2539; x_wconf 63' lang='grc' dir='ltr'><strong><em>σαρκασ-</em></strong></span> 
     </span>
     <span class='ocr_line' id='line_1_52' title="bbox 194 2544 368 2590; baseline 0.006 -8"><span class='ocrx_word' id='word_1_230' title='bbox 194 2544 270 2590; x_wconf 76' lang='grc' dir='ltr'><strong><em>μδς.</em></strong></span> <span class='ocrx_word' id='word_1_231' title='bbox 326 2547 368 2584; x_wconf 85' lang='lat' dir='ltr'><strong>E.</strong></span> 
     </span>
     <span class='ocr_line' id='line_1_53' title="bbox 251 2601 848 2657; baseline 0.003 -19"><span class='ocrx_word' id='word_1_232' title='bbox 251 2601 404 2655; x_wconf 81' lang='lat' dir='ltr'><em>Dignus</em></span> <span class='ocrx_word' id='word_1_233' title='bbox 429 2613 505 2639; x_wconf 88' lang='lat' dir='ltr'><strong>cum</strong></span> <span class='ocrx_word' id='word_1_234' title='bbox 530 2615 593 2641; x_wconf 83' lang='lat' dir='ltr'><strong>tua</strong></span> <span class='ocrx_word' id='word_1_235' title='bbox 617 2602 790 2657; x_wconf 79' lang='lat' dir='ltr'><strong>religione</strong></span> <span class='ocrx_word' id='word_1_236' title='bbox 811 2616 848 2640; x_wconf 92' lang='lat' dir='ltr'><strong>o-</strong></span> 
     </span>
    </p>
   </div>
   <div class='ocr_carea' id='block_1_14' title="bbox 196 2655 848 2704">
    <p class='ocr_par' dir='ltr' id='par_1_18' title="bbox 196 2655 848 2704">
     <span class='ocr_line' id='line_1_54' title="bbox 196 2655 848 2704; baseline 0.005 -7"><span class='ocrx_word' id='word_1_237' title='bbox 196 2655 274 2704; x_wconf 81' lang='lat' dir='ltr'><strong>dio]</strong></span> <span class='ocrx_word' id='word_1_238' title='bbox 304 2659 368 2696; x_wconf 44' lang='lat' dir='ltr'><strong>Ita*</strong></span> <span class='ocrx_word' id='word_1_239' title='bbox 379 2657 529 2697; x_wconf 88' lang='lat' dir='ltr'><strong>Nonius</strong></span> <span class='ocrx_word' id='word_1_240' title='bbox 547 2659 722 2700; x_wconf 77' lang='lat' dir='ltr'><strong>Marcell.</strong></span> <span class='ocrx_word' id='word_1_241' title='bbox 744 2660 792 2701; x_wconf 77' lang='lat' dir='ltr'><strong>al.</strong></span> <span class='ocrx_word' id='word_1_242' title='bbox 812 2673 848 2700; x_wconf 87' lang='lat' dir='ltr'><strong>o-</strong></span> 
     </span>
    </p>
   </div>
   <div class='ocr_carea' id='block_1_15' title="bbox 700 1875 856 1930">
    <p class='ocr_par' dir='ltr' id='par_1_19' title="bbox 700 1875 856 1930">
     <span class='ocr_line' id='line_1_55' title="bbox 700 1875 856 1930; baseline 0.006 -16"><span class='ocrx_word' id='word_1_243' title='bbox 700 1875 856 1930; x_wconf 73' lang='lat' dir='ltr'><strong>Etiam]</strong></span> 
     </span>
    </p>
   </div>
   <div class='ocr_carea' id='block_1_16' title="bbox 887 1208 1549 1316">
    <p class='ocr_par' dir='ltr' id='par_1_20' title="bbox 887 1208 1549 1316">
     <span class='ocr_line' id='line_1_56' title="bbox 887 1208 1548 1247; baseline 0 -1"><span class='ocrx_word' id='word_1_244' title='bbox 887 1208 969 1247; x_wconf 86' lang='lat' dir='ltr'><strong>stris</strong></span> <span class='ocrx_word' id='word_1_245' title='bbox 996 1220 1056 1247; x_wconf 86' lang='lat' dir='ltr'><strong>res</strong></span> <span class='ocrx_word' id='word_1_246' title='bbox 1083 1219 1122 1247; x_wconf 84' lang='lat' dir='ltr'><strong>et</strong></span> <span class='ocrx_word' id='word_1_247' title='bbox 1150 1208 1346 1247; x_wconf 81' lang='lat' dir='ltr'><strong>leuiffima.</strong></span> <span class='ocrx_word' id='word_1_248' title='bbox 1380 1208 1548 1247; x_wconf 81' lang='lat' dir='ltr'><strong>Lucilius</strong></span> 
     </span>
     <span class='ocr_line' id='line_1_57' title="bbox 888 1264 1549 1316; baseline 0 -14"><span class='ocrx_word' id='word_1_249' title='bbox 888 1264 930 1303; x_wconf 87' lang='lat' dir='ltr'><strong>in</strong></span> <span class='ocrx_word' id='word_1_250' title='bbox 952 1265 1097 1315; x_wconf 76' lang='lat' dir='ltr'><strong>prium,</strong></span> <span class='ocrx_word' id='word_1_251' title='bbox 1125 1264 1275 1303; x_wconf 84' lang='lat' dir='ltr'><strong>Nodum</strong></span> <span class='ocrx_word' id='word_1_252' title='bbox 1291 1266 1331 1302; x_wconf 84' lang='lat' dir='ltr'><strong>in</strong></span> <span class='ocrx_word' id='word_1_253' title='bbox 1339 1264 1470 1316; x_wconf 81' lang='lat' dir='ltr'><strong>fiirpo</strong></span> <span class='ocrx_word' id='word_1_254' title='bbox 1494 1266 1549 1302; x_wconf 85' lang='lat' dir='ltr'><strong>in-</strong></span> 
     </span>
    </p>
   </div>
   <div class='ocr_carea' id='block_1_17' title="bbox 878 1319 1549 1373">
    <p class='ocr_par' dir='ltr' id='par_1_21' title="bbox 878 1319 1549 1373">
     <span class='ocr_line' id='line_1_58' title="bbox 878 1319 1549 1373; baseline 0.003 -16"><span class='ocrx_word' id='word_1_255' title='bbox 878 1319 976 1373; x_wconf 77' lang='lat' dir='ltr'><strong>fime</strong></span> <span class='ocrx_word' id='word_1_256' title='bbox 991 1319 1122 1370; x_wconf 82' lang='lat' dir='ltr'><em>facere</em></span> <span class='ocrx_word' id='word_1_257' title='bbox 1137 1321 1283 1373; x_wconf 81' lang='lat' dir='ltr'><strong>vulgus.</strong></span> <span class='ocrx_word' id='word_1_258' title='bbox 1336 1319 1398 1360; x_wconf 85' lang='lat' dir='ltr'><strong>Est</strong></span> <span class='ocrx_word' id='word_1_259' title='bbox 1417 1331 1549 1359; x_wconf 87' lang='lat' dir='ltr'><strong>autem</strong></span> 
     </span>
    </p>
   </div>
   <div class='ocr_carea' id='block_1_18' title="bbox 880 1373 1556 2701">
    <p class='ocr_par' dir='ltr' id='par_1_22' title="bbox 880 1373 1552 1636">
     <span class='ocr_line' id='line_1_59' title="bbox 880 1373 1550 1427; baseline 0 -15"><span class='ocrx_word' id='word_1_260' title='bbox 880 1374 1030 1427; x_wconf 69' lang='lat' dir='ltr'><strong>fiir-pus</strong></span> <span class='ocrx_word' id='word_1_261' title='bbox 1078 1373 1160 1413; x_wconf 81' lang='lat' dir='ltr'><strong>fine</strong></span> <span class='ocrx_word' id='word_1_262' title='bbox 1198 1374 1327 1422; x_wconf 84' lang='lat' dir='ltr'><strong>nodo,</strong></span> <span class='ocrx_word' id='word_1_263' title='bbox 1378 1385 1417 1413; x_wconf 91' lang='lat' dir='ltr'><strong>et</strong></span> <span class='ocrx_word' id='word_1_264' title='bbox 1451 1375 1550 1415; x_wconf 85' lang='lat' dir='ltr'><strong>leuis</strong></span> 
     </span>
     <span class='ocr_line' id='line_1_60' title="bbox 892 1427 1552 1480; baseline 0.002 -12"><span class='ocrx_word' id='word_1_265' title='bbox 892 1431 997 1469; x_wconf 87' lang='lat' dir='ltr'><strong>iunci</strong></span> <span class='ocrx_word' id='word_1_266' title='bbox 1016 1427 1188 1480; x_wconf 55' lang='lat' dir='ltr'><strong>speciem·</strong></span> <span class='ocrx_word' id='word_1_267' title='bbox 1210 1429 1317 1469; x_wconf 84' lang='lat' dir='ltr'>Alibi</span> <span class='ocrx_word' id='word_1_268' title='bbox 1335 1428 1427 1480; x_wconf 81' lang='lat' dir='ltr'><strong>ipse,</strong></span> <span class='ocrx_word' id='word_1_269' title='bbox 1456 1430 1552 1469; x_wconf 82' lang='lat' dir='ltr'><strong>Red-</strong></span> 
     </span>
     <span class='ocr_line' id='line_1_61' title="bbox 893 1486 1550 1527; baseline 0.003 -2"><span class='ocrx_word' id='word_1_270' title='bbox 893 1486 989 1526; x_wconf 84' lang='lat' dir='ltr'><strong>dunt</strong></span> <span class='ocrx_word' id='word_1_271' title='bbox 1007 1498 1178 1524; x_wconf 78' lang='lat' dir='ltr'><strong>curatura</strong></span> <span class='ocrx_word' id='word_1_272' title='bbox 1211 1488 1363 1525; x_wconf 81' lang='lat' dir='ltr'><strong>iunceas.</strong></span> <span class='ocrx_word' id='word_1_273' title='bbox 1394 1487 1550 1527; x_wconf 77' lang='lat' dir='ltr'><strong>Plautus</strong></span> 
     </span>
     <span class='ocr_line' id='line_1_62' title="bbox 893 1540 1550 1594; baseline 0 -13"><span class='ocrx_word' id='word_1_274' title='bbox 893 1541 1000 1590; x_wconf 90' lang='lat' dir='ltr'>(Aul.</span> <span class='ocrx_word' id='word_1_275' title='bbox 1019 1553 1082 1589; x_wconf 78' lang='lat' dir='ltr'><strong>IV,</strong></span> <span class='ocrx_word' id='word_1_276' title='bbox 1115 1552 1148 1589; x_wconf 85' lang='lat'><strong>1,</strong></span> <span class='ocrx_word' id='word_1_277' title='bbox 1170 1542 1231 1592; x_wconf 83' lang='lat'><strong>9.)</strong></span> <span class='ocrx_word' id='word_1_278' title='bbox 1262 1540 1408 1594; x_wconf 81' lang='lat' dir='ltr'><strong>Scirpea</strong></span> <span class='ocrx_word' id='word_1_279' title='bbox 1439 1541 1550 1581; x_wconf 81' lang='lat' dir='ltr'><strong>indu-</strong></span> 
     </span>
     <span class='ocr_line' id='line_1_63' title="bbox 894 1598 1220 1636; baseline -0.009 0"><span class='ocrx_word' id='word_1_280' title='bbox 894 1598 994 1636; x_wconf 87' lang='lat' dir='ltr'><em>citur</em></span> <span class='ocrx_word' id='word_1_281' title='bbox 1009 1598 1115 1634; x_wconf 77' lang='lat' dir='ltr'><strong>ratis.</strong></span> <span class='ocrx_word' id='word_1_282' title='bbox 1171 1598 1220 1635; x_wconf 89' lang='lat' dir='ltr'><strong>D.</strong></span> 
     </span>
    </p>

    <p class='ocr_par' dir='ltr' id='par_1_23' title="bbox 894 1649 1556 2150">
     <span class='ocr_line' id='line_1_64' title="bbox 948 1649 1552 1706; baseline 0.005 -16"><span class='ocrx_word' id='word_1_283' title='bbox 948 1651 1099 1690; x_wconf 87' lang='lat' dir='ltr'><strong>Nodum</strong></span> <span class='ocrx_word' id='word_1_284' title='bbox 1124 1653 1164 1689; x_wconf 86' lang='lat' dir='ltr'><strong>in</strong></span> <span class='ocrx_word' id='word_1_285' title='bbox 1190 1649 1335 1703; x_wconf 84' lang='lat' dir='ltr'><strong>scirpo]</strong></span> <span class='ocrx_word' id='word_1_286' title='bbox 1378 1653 1552 1706; x_wconf 75' lang='lat' dir='ltr'><strong>scirpum</strong></span> 
     </span>
     <span class='ocr_line' id='line_1_65' title="bbox 895 1705 1553 1759; baseline 0.003 -13"><span class='ocrx_word' id='word_1_287' title='bbox 895 1707 1054 1747; x_wconf 87' lang='lat' dir='ltr'><strong>dicimus</strong></span> <span class='ocrx_word' id='word_1_288' title='bbox 1074 1705 1217 1745; x_wconf 80' lang='lat' dir='ltr'><strong>herbae</strong></span> <span class='ocrx_word' id='word_1_289' title='bbox 1238 1720 1384 1759; x_wconf 84' lang='lat' dir='ltr'><strong>genus,</strong></span> <span class='ocrx_word' id='word_1_290' title='bbox 1422 1719 1460 1747; x_wconf 81' lang='lat' dir='ltr'><strong>vt</strong></span> <span class='ocrx_word' id='word_1_291' title='bbox 1498 1708 1553 1748; x_wconf 87' lang='lat' dir='ltr'><strong>est</strong></span> 
     </span>
     <span class='ocr_line' id='line_1_66' title="bbox 894 1763 1550 1815; baseline 0.002 -13"><span class='ocrx_word' id='word_1_292' title='bbox 894 1765 1038 1812; x_wconf 84' lang='lat' dir='ltr'><strong>iuncus,</strong></span> <span class='ocrx_word' id='word_1_293' title='bbox 1065 1763 1130 1813; x_wconf 88' lang='lat' dir='ltr'><strong>qui</strong></span> <span class='ocrx_word' id='word_1_294' title='bbox 1151 1764 1259 1801; x_wconf 87' lang='lat' dir='ltr'><strong>omni</strong></span> <span class='ocrx_word' id='word_1_295' title='bbox 1278 1763 1356 1802; x_wconf 89' lang='lat' dir='ltr'><strong>leui</strong></span> <span class='ocrx_word' id='word_1_296' title='bbox 1376 1777 1550 1815; x_wconf 85' lang='lat' dir='ltr'><strong>corpore,</strong></span> 
     </span>
     <span class='ocr_line' id='line_1_67' title="bbox 894 1816 1555 1872; baseline 0 -13"><span class='ocrx_word' id='word_1_297' title='bbox 894 1817 1184 1872; x_wconf 80' lang='lat' dir='ltr'><strong>longitudinem</strong></span> <span class='ocrx_word' id='word_1_298' title='bbox 1202 1816 1304 1857; x_wconf 86' lang='lat' dir='ltr'><strong>suam</strong></span> <span class='ocrx_word' id='word_1_299' title='bbox 1315 1821 1461 1871; x_wconf 87' lang='lat' dir='ltr'><strong>aequali</strong></span> <span class='ocrx_word' id='word_1_300' title='bbox 1471 1834 1555 1872; x_wconf 84' lang='lat' dir='ltr'><strong>par-</strong></span> 
     </span>
     <span class='ocr_line' id='line_1_68' title="bbox 896 1873 1551 1915; baseline 0 -1"><span class='ocrx_word' id='word_1_301' title='bbox 896 1887 935 1914; x_wconf 89' lang='lat' dir='ltr'><strong>te</strong></span> <span class='ocrx_word' id='word_1_302' title='bbox 951 1873 1121 1913; x_wconf 88' lang='lat' dir='ltr'><strong>custodit.</strong></span> <span class='ocrx_word' id='word_1_303' title='bbox 1145 1885 1183 1913; x_wconf 79' lang='lat' dir='ltr'><strong>vt</strong></span> <span class='ocrx_word' id='word_1_304' title='bbox 1198 1874 1294 1913; x_wconf 86' lang='lat' dir='ltr'><strong>dixit</strong></span> <span class='ocrx_word' id='word_1_305' title='bbox 1312 1875 1353 1913; x_wconf 84' lang='lat' dir='ltr'><strong>in</strong></span> <span class='ocrx_word' id='word_1_306' title='bbox 1375 1875 1551 1915; x_wconf 86' lang='lat' dir='ltr'><strong>Eunuch.</strong></span> 
     </span>
     <span class='ocr_line' id='line_1_69' title="bbox 897 1931 1552 1972; baseline -0.003 0"><span class='ocrx_word' id='word_1_307' title='bbox 897 1931 1072 1972; x_wconf 83' lang='lat' dir='ltr'><strong>Reddunt</strong></span> <span class='ocrx_word' id='word_1_308' title='bbox 1090 1943 1264 1970; x_wconf 85' lang='lat' dir='ltr'><strong>curatura</strong></span> <span class='ocrx_word' id='word_1_309' title='bbox 1281 1933 1439 1972; x_wconf 77' lang='lat' dir='ltr'><strong>iunceas.</strong></span> <span class='ocrx_word' id='word_1_310' title='bbox 1484 1935 1552 1972; x_wconf 87' lang='lat' dir='ltr'><strong>Er-</strong></span> 
     </span>
     <span class='ocr_line' id='line_1_70' title="bbox 897 1985 1554 2040; baseline 0 -14"><span class='ocrx_word' id='word_1_311' title='bbox 897 2001 948 2040; x_wconf 86' lang='lat' dir='ltr'><strong>go</strong></span> <span class='ocrx_word' id='word_1_312' title='bbox 969 1986 1045 2026; x_wconf 84' lang='lat' dir='ltr'><strong>hoc</strong></span> <span class='ocrx_word' id='word_1_313' title='bbox 1063 1985 1177 2026; x_wconf 81' lang='lat' dir='ltr'><strong>dixit:</strong></span> <span class='ocrx_word' id='word_1_314' title='bbox 1198 1989 1303 2034; x_wconf 85' lang='lat' dir='ltr'><strong>Rem,</strong></span> <span class='ocrx_word' id='word_1_315' title='bbox 1318 2000 1416 2038; x_wconf 87' lang='lat' dir='ltr'><strong>quae</strong></span> <span class='ocrx_word' id='word_1_316' title='bbox 1430 1989 1554 2026; x_wconf 89' lang='lat' dir='ltr'><strong>omni-</strong></span> 
     </span>
     <span class='ocr_line' id='line_1_71' title="bbox 897 2040 1556 2093; baseline 0.002 -12"><span class='ocrx_word' id='word_1_317' title='bbox 897 2057 950 2082; x_wconf 90' lang='lat' dir='ltr'><strong>no</strong></span> <span class='ocrx_word' id='word_1_318' title='bbox 968 2040 1047 2084; x_wconf 67' lang='lat' dir='ltr'><strong>‚effe</strong></span> <span class='ocrx_word' id='word_1_319' title='bbox 1068 2055 1152 2080; x_wconf 86' lang='lat' dir='ltr'><strong>non</strong></span> <span class='ocrx_word' id='word_1_320' title='bbox 1172 2042 1315 2093; x_wconf 85' lang='lat' dir='ltr'><strong>potest,</strong></span> <span class='ocrx_word' id='word_1_321' title='bbox 1346 2044 1468 2082; x_wconf 87' lang='lat' dir='ltr'><strong>nimia</strong></span> <span class='ocrx_word' id='word_1_322' title='bbox 1487 2041 1556 2082; x_wconf 86' lang='lat' dir='ltr'><strong>sol·</strong></span> 
     </span>
     <span class='ocr_line' id='line_1_72' title="bbox 896 2098 1526 2150; baseline 0.002 -12"><span class='ocrx_word' id='word_1_323' title='bbox 896 2098 1099 2138; x_wconf 87' lang='lat' dir='ltr'><strong>licitudine</strong></span> <span class='ocrx_word' id='word_1_324' title='bbox 1117 2108 1156 2137; x_wconf 87' lang='lat' dir='ltr'><strong>et</strong></span> <span class='ocrx_word' id='word_1_325' title='bbox 1175 2111 1262 2137; x_wconf 85' lang='lat' dir='ltr'><strong>cura</strong></span> <span class='ocrx_word' id='word_1_326' title='bbox 1281 2099 1452 2150; x_wconf 87' lang='lat' dir='ltr'><strong>inquiris.</strong></span> <span class='ocrx_word' id='word_1_327' title='bbox 1481 2102 1526 2139; x_wconf 88' lang='lat' dir='ltr'><strong>E.</strong></span> 
     </span>
    </p>

    <p class='ocr_par' dir='ltr' id='par_1_24' title="bbox 894 2153 1556 2542">
     <span class='ocr_line' id='line_1_73' title="bbox 939 2153 1553 2206; baseline -0.005 -13"><span class='ocrx_word' id='word_1_328' title='bbox 939 2155 1097 2196; x_wconf 86' lang='lat' dir='ltr'><em>Nodum</em></span> <span class='ocrx_word' id='word_1_329' title='bbox 1118 2156 1156 2193; x_wconf 86' lang='lat' dir='ltr'><strong>in</strong></span> <span class='ocrx_word' id='word_1_330' title='bbox 1176 2153 1322 2206; x_wconf 84' lang='lat' dir='ltr'><strong>scirpo]</strong></span> <span class='ocrx_word' id='word_1_331' title='bbox 1353 2154 1478 2194; x_wconf 85' lang='lat' dir='ltr'><strong>Ifidor.</strong></span> <span class='ocrx_word' id='word_1_332' title='bbox 1500 2157 1553 2194; x_wconf 87' lang='lat' dir='ltr'><strong>O.</strong></span> 
     </span>
     <span class='ocr_line' id='line_1_74' title="bbox 896 2208 1555 2264; baseline -0.002 -14"><span class='ocrx_word' id='word_1_333' title='bbox 896 2212 968 2264; x_wconf 82' lang='lat' dir='ltr'><strong>rig.</strong></span> <span class='ocrx_word' id='word_1_334' title='bbox 991 2222 1054 2262; x_wconf 83' lang='lat'><strong>17.</strong></span> <span class='ocrx_word' id='word_1_335' title='bbox 1083 2221 1165 2260; x_wconf 89' lang='lat' dir='ltr'>cap.</span> <span class='ocrx_word' id='word_1_336' title='bbox 1192 2223 1227 2262; x_wconf 87' lang='lat'><strong>9.</strong></span> <span class='ocrx_word' id='word_1_337' title='bbox 1278 2208 1358 2264; x_wconf 62' lang='lat' dir='ltr'><strong>Qui</strong></span> <span class='ocrx_word' id='word_1_338' title='bbox 1383 2212 1555 2250; x_wconf 80' lang='lat' dir='ltr'><strong>inimicus</strong></span> 
     </span>
     <span class='ocr_line' id='line_1_75' title="bbox 897 2264 1556 2321; baseline -0.002 -15"><span class='ocrx_word' id='word_1_339' title='bbox 897 2267 954 2319; x_wconf 81' lang='lat' dir='ltr'><strong>est,</strong></span> <span class='ocrx_word' id='word_1_340' title='bbox 973 2269 1082 2305; x_wconf 79' lang='lat' dir='ltr'><strong>etiam</strong></span> <span class='ocrx_word' id='word_1_341' title='bbox 1099 2264 1272 2317; x_wconf 77' lang='lat' dir='ltr'><strong>infiirpo</strong></span> <span class='ocrx_word' id='word_1_342' title='bbox 1292 2268 1429 2306; x_wconf 85' lang='lat' dir='ltr'><em>nodum</em></span> <span class='ocrx_word' id='word_1_343' title='bbox 1447 2280 1556 2321; x_wconf 79' lang='lat' dir='ltr'><strong>quae-</strong></span> 
     </span>
     <span class='ocr_line' id='line_1_76' title="bbox 897 2319 1554 2373; baseline -0.002 -12"><span class='ocrx_word' id='word_1_344' title='bbox 897 2326 961 2361; x_wconf 83' lang='lat' dir='ltr'><strong>rit.</strong></span> <span class='ocrx_word' id='word_1_345' title='bbox 993 2320 1196 2362; x_wconf 85' lang='lat' dir='ltr'><strong>Ennodius</strong></span> <span class='ocrx_word' id='word_1_346' title='bbox 1214 2319 1482 2373; x_wconf 78' lang='lat' dir='ltr'><strong>Episc.Ticin.</strong></span> <span class='ocrx_word' id='word_1_347' title='bbox 1511 2323 1554 2361; x_wconf 89' lang='lat' dir='ltr'><strong>li-</strong></span> 
     </span>
     <span class='ocr_line' id='line_1_77' title="bbox 896 2377 1553 2433; baseline -0.002 -15"><span class='ocrx_word' id='word_1_348' title='bbox 896 2378 986 2418; x_wconf 81' lang='lat' dir='ltr'><strong>bell.</strong></span> <span class='ocrx_word' id='word_1_349' title='bbox 997 2377 1110 2429; x_wconf 82' lang='lat' dir='ltr'><strong>Apol.</strong></span> <span class='ocrx_word' id='word_1_350' title='bbox 1122 2390 1208 2430; x_wconf 80' lang='lat' dir='ltr'>pag.</span> <span class='ocrx_word' id='word_1_351' title='bbox 1226 2390 1317 2432; x_wconf 78' lang='lat'><strong>350.</strong></span> <span class='ocrx_word' id='word_1_352' title='bbox 1346 2379 1553 2433; x_wconf 81' lang='lat' dir='ltr'><strong>Nunquam</strong></span> 
     </span>
     <span class='ocr_line' id='line_1_78' title="bbox 896 2432 1547 2487; baseline 0.002 -14"><span class='ocrx_word' id='word_1_353' title='bbox 896 2434 984 2473; x_wconf 82' lang='lat' dir='ltr'><strong>bene</strong></span> <span class='ocrx_word' id='word_1_354' title='bbox 1002 2433 1116 2473; x_wconf 83' lang='lat' dir='ltr'><em>nodus</em></span> <span class='ocrx_word' id='word_1_355' title='bbox 1135 2436 1172 2472; x_wconf 84' lang='lat' dir='ltr'><strong>in</strong></span> <span class='ocrx_word' id='word_1_356' title='bbox 1191 2432 1319 2486; x_wconf 78' lang='lat' dir='ltr'><em>scirpo</em></span> <span class='ocrx_word' id='word_1_357' title='bbox 1340 2439 1547 2487; x_wconf 80' lang='lat' dir='ltr'><strong>quaeritur.</strong></span> 
     </span>
     <span class='ocr_line' id='line_1_79' title="bbox 894 2488 1494 2542; baseline 0.002 -14"><span class='ocrx_word' id='word_1_358' title='bbox 894 2490 986 2532; x_wconf 87' lang='lat' dir='ltr'><strong>Vid.</strong></span> <span class='ocrx_word' id='word_1_359' title='bbox 1005 2488 1156 2529; x_wconf 84' lang='lat' dir='ltr'><strong>Festum</strong></span> <span class='ocrx_word' id='word_1_360' title='bbox 1176 2490 1216 2527; x_wconf 84' lang='lat' dir='ltr'><strong>in</strong></span> <span class='ocrx_word' id='word_1_361' title='bbox 1230 2490 1392 2542; x_wconf 77' lang='lat' dir='ltr'><strong>fiirpus.</strong></span> <span class='ocrx_word' id='word_1_362' title='bbox 1451 2491 1494 2529; x_wconf 88' lang='lat' dir='ltr'><strong>L.</strong></span> 
     </span>
    </p>

    <p class='ocr_par' dir='ltr' id='par_1_25' title="bbox 896 2544 1552 2701">
     <span class='ocr_line' id='line_1_80' title="bbox 953 2544 1552 2597; baseline -0.002 -12"><span class='ocrx_word' id='word_1_363' title='bbox 953 2546 1088 2585; x_wconf 87' lang='lat' dir='ltr'><strong>Odium</strong></span> <span class='ocrx_word' id='word_1_364' title='bbox 1105 2544 1231 2593; x_wconf 86' lang='lat' dir='ltr'><strong>habet,</strong></span> <span class='ocrx_word' id='word_1_365' title='bbox 1252 2556 1401 2597; x_wconf 82' lang='lat' dir='ltr'><strong>praeter</strong></span> <span class='ocrx_word' id='word_1_366' title='bbox 1417 2548 1552 2585; x_wconf 87' lang='lat' dir='ltr'><strong>Dona-</strong></span> 
     </span>
     <span class='ocr_line' id='line_1_81' title="bbox 896 2600 1551 2650; baseline 0.005 -9"><span class='ocrx_word' id='word_1_367' title='bbox 896 2614 990 2646; x_wconf 87' lang='lat' dir='ltr'><strong>tum,</strong></span> <span class='ocrx_word' id='word_1_368' title='bbox 1010 2600 1107 2639; x_wconf 84' lang='lat' dir='ltr'><strong>liber</strong></span> <span class='ocrx_word' id='word_1_369' title='bbox 1133 2601 1350 2650; x_wconf 78' lang='lat' dir='ltr'><strong>Bembinus‚</strong></span> <span class='ocrx_word' id='word_1_370' title='bbox 1373 2603 1494 2643; x_wconf 77' lang='lat' dir='ltr'><strong>vatic.</strong></span> <span class='ocrx_word' id='word_1_371' title='bbox 1509 2613 1551 2644; x_wconf 86' lang='lat' dir='ltr'><strong>et</strong></span> 
     </span>
     <span class='ocr_line' id='line_1_82' title="bbox 896 2657 1363 2701; baseline -0.006 -1"><span class='ocrx_word' id='word_1_372' title='bbox 896 2657 1025 2700; x_wconf 83' lang='lat' dir='ltr'><strong>noster</strong></span> <span class='ocrx_word' id='word_1_373' title='bbox 1043 2658 1280 2701; x_wconf 79' lang='lat' dir='ltr'><strong>veterrimus.</strong></span> <span class='ocrx_word' id='word_1_374' title='bbox 1323 2660 1363 2698; x_wconf 88' lang='grc' dir='ltr'><strong>Β.</strong></span> 
     </span>
    </p>
   </div>
  </div>
 </body>
</html>
