1815 3168
592 180 888 230 ANDRIA.

1349 193 1412 241 57

183 315 358 363 Dehinc
376 310 572 377 postulo,
604 307 692 356 fiue
714 300 975 373 aequum'st,
996 314 1048 352 *te
1070 321 1165 359 oro,
1185 310 1336 360 Daue,
1369 317 1416 356 vt

282 388 429 435 redeat
452 390 537 432 iam
562 387 608 431 in
630 387 761 431 viam.

93 485 155 516 20
186 463 338 513 DAv.
373 466 476 508 Hoc
500 459 606 524 quid
625 458 704 508 fit?
741 455 816 505 SI.
849 473 1018 509 omnes,
1043 457 1119 520 qui
1139 467 1296 510 amant,
1321 473 1415 518 gra-

283 541 396 586 uiter
418 536 495 583 fibi
527 537 618 582 dari
637 550 817 581 vxorem
847 533 1010 579 ferunt.

185 610 341 661 DAV.
380 617 442 659 Ita
477 614 611 657 aiunt.
657 609 731 658 Sl.

764 621 861 655 tum
890 607 920 653 fi
947 609 1042 671 quis
1073 604 1326 668 magistrum
1348 607 1418 654 ce-'

285 692 352 753 pit
380 687 432 734 ad
454 703 548 733 eam
574 701 667 731 rem
695 683 964 749 improbum,

186 765 336 830 Ipsum
379 765 576 810 animum
610 771 839 820 aegrotum
870 758 924 806 ad
951 758 1215 805 deteriorem
1245 767 1417 823 partem

283 840 545 905 plerumque
578 836 778 899 applicat.

184 913 343 962 DAV.
387 919 496 961 Non
535 911 681 958 hercle
723 908 937 969 intelligo.

281 987 442 1037 DAV.
477 1002 595 1036 non·-
634 990 788 1032 Dauus
813 984 920 1038 sum,
949 1001 1042 1031 non
1066 984 1282 1050 OedipuS.

110 1192 160 1234 19
196 1181 242 1221 Vt
266 1178 391 1219 redeat
421 1180 494 1218 iam
520 1180 560 1217 in
589 1178 705 1234 viam]

51 1237 133 1277 Iam
151 1235 268 1275 modo
289 1235 473 1274 tarditatis
484 1234 537 1274 est
547 1233 707 1289 lignum.

52 1304 95 1332 et
115 1295 154 1332 in
177 1294 274 1332 viam
294 1290 400 1339 dixit,
432 1289 533 1341 quast
552 1293 617 1342 qui
637 1291 708 1330 de-

54 1348 141 1387 uius
169 1347 230 1395 fit,
258 1357 296 1387 et
326 1347 458 1386 enm-it
477 1359 499 1384 a
517 1348 618 1386 reita
636 1348 707 1386 via.

56 1404 109 1443 Vt
139 1404 262 1442 redeat
290 1404 363 1440 iam
389 1403 429 1441 in
454 1403 574 1456 vium]
620 1405 710 1441 Pro-

54 1459 239 1497 ucrbiale.
314 1456 400 1496 Siue
446 1470 601 1511 aequum
644 1456 708 1511 est]

55 1514 283 1561 ἐποινέρῦωσις.
339 1515 388 1553 D.

113 1583 167 1612 20
197 1571 278 1610 Hoc
315 1568 407 1621 quid
433 1565 504 1622 stt]
556 1565 711 1611 ἔκλειψις.

58 1625 164 1666 deest
200 1625 308 1664 enim
345 1625 505 1677 quaeris.
560 1624 617 1675 (Si
659 1624 713 1662 ita

57 1679 199 1733 scrith
223 1683 419 1726 Donatus,
453 1677 605 1718 videtur
622 1679 710 1724 illa,

56 1737 125 1777 hoc
146 1731 327 1789 quidfi't‘?
356 1734 509 1775 Simoni
527 1728 711 1782 n·ibuifl‘e‚

56 1805 182 1844 aeque
214 1804 256 1830 ae
273 1792 422 1841 Dauo.)
476 1792 526 1830 D.

111 1862 137 1890 2
147 1860 163 1889 1
197 1848 218 1886 1
221 1860 259 1885 ta
269 1847 393 1900 aiunt]
428 1849 535 1886 Haec
545 1844 712 1884 credunt

56 1915 98 1943 et
132 1904 342 1954 loquuntur
366 1901 546 1940 vniuerfi.
589 1911 628 1941 et
652 1899 711 1939 ‘est

55 1959 209 2011 trepida
234 1957 437 2006 confeffin,
473 1953 570 2009 (Ms.
588 1955 711 1997 Hulst.

55 2015 204 2057 Boend.
219 2026 257 2054 et
265 2013 474 2055 Lindenbr.
495 2013 616 2063 tepida
627 2025 712 2052 con-

46 2070 186 2124 senfio)
205 2082 243 2110 et
259 2070 359 2122 quafi
376 2069 489 2108 inuiti
507 2067 712 2120 responfio.

56 2138 96 2167 vt
111 2128 151 2166 in
168 2129 375 2166 Heautont.
405 2126 464 2165 Ita
486 2125 609 2164 credo:
630 2137 713 2163 mo-

42 2193 184 2225 mente
219 2193 330 2235 patre
363 2180 496 2221 filiurn.
558 2183 652 2221 Tum
678 2178 723 2231 st

58 2241 140 2293 quis
180 2238 416 2294 magistrum]
471 2240 714 2284 μεταφορικῶς.

59 2309 111 2335 an
132 2296 220 2347 quia
239 2306 276 2334 et
296 2293 546 2346 paedagogus
569 2292 622 2333 est
639 2306 716 2331 ma-

60 2351 202 2405 gister?
231 2361 270 2390 vt
288 2353 387 2390 Geta
405 2351 447 2389 in
468 2348 716 2396 Phormione,

59 2409 124 2447 Me
132 2405 223 2458 filiis
240 2407 453 2460 relinquunt
470 2404 578 2458 quasi
602 2406 717 2458 magi·

55 2462 184 2514 strum.
244 2463 304 2502 Ad
333 2476 408 2501 eam
435 2462 530 2515 rem]
577 2460 621 2500 Id
650 2458 715 2506 est,

63 2516 272 2570 supeream
291 2531 374 2559 rem
383 2532 397 2566 3
421 2518 497 2558 hoc
517 2516 584 2568 est,
604 2514 718 2567 super

64 2586 248 2614 amorem.
304 2577 354 2615 D.
459 2592 461 2594 ·

125 2628 265 2686 Tumst
276 2632 357 2686 quis
374 2630 468 2687 etc.]
496 2625 719 2687 Magistrum

1000 905 1030 954 S
1045 923 1076 955 1.
1120 903 1246 959 non?
1296 908 1416 955 hem.

1342 1057 1372 1107 S
1384 1066 1425 1109 1.·-

760 1177 850 1218 dicit
885 1174 1131 1215 monitorem.
1157 1172 1178 1192 '⁵
1207 1173 1244 1224 (1
1256 1185 1359 1212 MPR
1374 1186 1420 1212 o-

759 1234 891 1283 BvM)
948 1233 1060 1270 Hanc
1097 1241 1180 1267 rem
1209 1231 1297 1279 quia
1325 1227 1420 1275 obli-

760 1303 837 1342 que
877 1287 1033 1332 dixerat,
1091 1287 1223 1326 Dauus
1254 1298 1334 1322 non
1363 1284 1421 1322 in·

759 1347 982 1389 tellexerat,
1001 1359 1003 1361 ·
1020 1342 1152 1391 itaque
1181 1341 1297 1391 plane
1326 1337 1419 1380 scire

760 1401 899 1452 coepit.
915 1403 935 1420 ³
955 1402 1000 1438 E.

813 1468 867 1498 22
900 1454 1073 1493 Animum
1092 1451 1302 1506 aegrotum]
1344 1454 1419 1490 Pro

761 1524 886 1566 aegro.
920 1512 1016 1548 Nam
1037 1508 1188 1545 animus
1200 1519 1420 1559 aeger,cor-

762 1582 834 1620 pus
856 1575 1070 1618 aegrotum.
1129 1565 1175 1601 D.

817 1635 867 1674 23
924 1619 1047 1672 Hem]
1104 1618 1323 1657 Interiefflo
1363 1615 1420 1657 est

762 1676 964 1717 irascentis.
1034 1677 1168 1713 Dauus
1193 1674 1302 1723 sum,
1346 1686 1422 1713 non

764 1733 946 1785 Oedipus]
1021 1729 1232 1780 Multiplex
1287 1741 1423 1767 contu-

761 1789 885 1828 melia.
909 1783 1032 1838 potest
1054 1785 1159 1822 enim
1180 1782 1312 1822 senem
1332 1799 1422 1836 qua·

758 1845 785 1884 fi
807 1842 1010 1896 sphingem
1028 1837 1176 1886 dixiffe,
1207 1840 1248 1879 id
1268 1839 1333 1888 est,
1354 1841 1422 1879 de-

759 1900 926 1940 formem
967 1895 1206 1947 monstrique
1245 1894 1421 1937 fimilem‚

761 1954 884 2009 potest
903 1954 1017 1993 etiam
1035 1951 1293 1990 inhumanum
1308 1963 1348 1991 et
1366 1952 1423 1992 fe-

761 2027 859 2057 rum,
889 2021 927 2049 vt
947 2006 1096 2059 sphinx
1156 2007 1284 2047 Potest
1303 2009 1423 2048 etiam

763 2081 834 2120 per
860 2065 1055 2116 Oedipum
1081 2061 1119 2102 se
1147 2064 1308 2103 vltorem
1336 2076 1425 2116 pro-

763 2125 919 2163 mittere
935 2121 1116 2167 futurum,
1136 2130 1250 2170 atque
1271 2117 1425 2172 oppres-

765 2178 888 2220 sorem
927 2175 1138 2229 sapientiae
1171 2173 1283 2214 senis.
1341 2176 1426 2215 Da-

765 2250 833 2276 uus
841 2235 942 2286 sum,
961 2246 1037 2271 non
1062 2232 1238 2285 Oedipus]
1282 2233 1425 2273 Facete

766 2290 804 2332 se
830 2290 991 2343 negauit
1007 2287 1212 2339 Oedipum,
1233 2298 1272 2326 vt
1290 2284 1425 2329 senem

767 2346 929 2400 sphinga
959 2341 1037 2384 efl'e
1075 2343 1296 2392 confirmet,
1339 2358 1426 2392 non

768 2402 979 2453 Oedipum.
1038 2401 1300 2439 Imitationum
1342 2400 1424 2439 duo

766 2457 851 2498 sunt
871 2455 1035 2511 genera:
1067 2455 1258 2506 quandam
1269 2457 1426 2495 neceffi-

767 2527 834 2564 tas,
860 2512 1052 2565 quandam
1065 2512 1272 2550 introducit
1290 2513 1426 2551 volun·

768 2583 836 2611 tas.
893 2571 987 2609 Non
1009 2568 1184 2622 Oedipus]
1226 2568 1265 2607 Si
1285 2568 1426 2608 Latine

767 2625 1025 2683 pronuncies,
1063 2625 1256 2679 genitiuus
1291 2624 1425 2677 Oedipi

877 2684 914 2725 D
933 2692 967 2737 ,5
1285 2679 1424 2737 faciet:
