1815 3168
640 172 930 228 ANDRIA.

1402 198 1461 245 55

174 307 176 309 ’
235 306 313 358 St.
353 312 494 357 Daue.
548 305 702 356 DAv.
738 308 855 362 hem,
890 307 995 371 quid
1020 304 1114 355 est?
1152 306 1230 356 St.
1267 310 1462 358 ehodum

335 383 387 430 ad
411 400 497 431 me.
537 380 695 430 DAV.
735 385 842 446 quid
867 384 937 430 hic
960 384 1081 430 volt?
1118 379 1191 432 SI.
1228 384 1335 447 quid
1369 383 1464 438 ais?

300 455 302 457 ’
331 456 380 506 D
400 473 497 504 Av.
532 476 617 523 qua
643 458 696 505 de
724 459 804 505 re‘?
843 456 922 506 Sl.
957 455 1120 519 rogas?

234 537 392 582 Meum
429 545 612 596 gnatum
632 551 786 589 rumor
808 532 868 581 est
887 550 1042 582 amare.
1076 530 1124 580 D
1137 546 1171 578 A
1186 545 1236 579 v.
1257 533 1304 580 id
1321 551 1464 601 popu·

331 612 399 657 lus
427 602 563 662 curat,
587 609 767 658 scilicet!

141 703 164 738 ι
179 704 202 749 5
237 682 313 733 Sl.
351 687 552 732 Hoccine
571 687 675 745 agiS,
700 702 752 731 an
777 680 902 735 non?
935 681 982 731 D
999 696 1030 728 A
1047 695 1097 729 v.
1121 698 1205 745 ego
1217 700 1322 732 vero
1344 683 1465 732 istuc.

334 757 366 808 S
379 774 412 808 ι.
443 760 515 807 sed
538 776 661 807 nunc
681 776 732 807 ea
752 777 823 808 me
844 761 1084 824 exquirere,

156 950 208 993 13
238 937 428 993 Ehodum]
470 940 596 979 Natus
614 936 680 988 est,
702 937 758 977 iu·

101 996 325 1035 tentionem
369 993 759 1035 animaduersionem·

100 1064 179 1104 que
205 1048 420 1104 deposcens
441 1051 543 1098 eius,
572 1064 659 1090 cum
681 1063 758 1102 quo

100 1109 182 1146 vult
220 1107 339 1159 loqui.
399 1106 598 1161 Ehodum]
642 1105 757 1154 Dum,

100 1170 262 1212 ταςέλκον
300 1162 357 1202 est
388 1162 461 1202 hoc
496 1164 595 1202 loco.
652 1162 763 1216 Qid

101 1219 162 1258 hic
180 1218 279 1274 volt]
310 1223 426 1262 More
445 1216 583 1267 seruili,
614 1229 653 1258 et
674 1232 756 1258 ver-

101 1275 172 1314 nili
206 1275 326 1327 gestu,
366 1274 415 1314 fic
443 1276 553 1314 enim
582 1275 708 1314 vocati
735 1288 757 1312 a

102 1329 270 1370 dominis
298 1327 397 1370 serui
424 1328 594 1370 vultuose
633 1340 759 1384 agunt

101 1388 233 1438 (Lego
250 1387 388 1432 aiunt).
427 1385 515 1438 Qu
532 1386 573 1424 de
595 1386 652 1439 re]
683 1389 758 1426 Ne-

102 1442 232 1494 gantis
251 1442 330 1480 vim
349 1440 465 1479 habet
483 1440 578 1479 haec
598 1441 759 1481 interro-

105 1498 220 1551 gatio.
251 1498 342 1537 Plus
362 1497 472 1535 enirn
490 1496 544 1535 est
564 1509 633 1549 qua
646 1497 689 1535 de
704 1510 754 1544 re,

103 1566 217 1605 quam
230 1552 329 1591 nihil.
341 1552 397 1592 Ro
399 1552 591 1607 gas]⁷H0c
604 1565 692 1590 cum
703 1553 760 1590 in·

103 1610 367 1661 terrogatione
391 1608 642 1660 indignantis.
679 1612 732 1650 D.

140 1662 143 1665 ’
163 1675 215 1717 14
240 1664 376 1704 Meum
388 1675 546 1718 gnatum
565 1675 695 1702 rumor
713 1662 760 1712 est

100 1719 241 1773 amare]
272 1719 374 1759 Mire
392 1718 492 1770 apud
521 1715 671 1758 seruum
690 1717 760 1758 dis-

98 1775 244 1817 simulat
261 1774 319 1822 id,
349 1774 452 1825 quod
476 1775 553 1813 iam
571 1773 757 1824 probauit.

98 1831 232 1872 Meum
253 1843 411 1884 gnatum
440 1842 572 1869 rumor
595 1829 642 1881 est
659 1844 756 1870 ama·

98 1888 158 1942 re]
188 1887 376 1935 Grauiter,
394 1885 689 1938 constanterque
701 1883 754 1925 se-

98 1957 179 1984 nex
195 1941 370 1981 nondum
398 1940 436 1981 se
463 1940 602 1981 fatetur
620 1942 754 1981 crede-

98 2013 151 2048 re,
172 2010 248 2038 nee
275 2011 407 2038 verum
432 1995 545 2038 scire:
576 2011 630 2037 ne
651 1999 755 2038 amit-

98 2064 151 2095 tat
171 2055 247 2101 vim
267 2053 507 2100 vindicaturi,
532 2053 557 2093 fi
574 2052 754 2094 rescierit.

98 2112 146 2152 Id
159 2111 312 2164 populus
332 2123 445 2159 curat,
455 2109 620 2164 scilicet]
651 2111 755 2161 Quia

100 2166 348 2219 rumigeratio
365 2167 497 2218 populi
518 2165 581 2205 est.
603 2164 669 2206 sed
682 2165 753 2205 hoc

99 2222 246 2277 auersus
271 2221 317 2262 ab
347 2223 434 2269 illo,
464 2223 752 2262 contumaciter.

98 2279 146 2318 fic
165 2280 302 2332 Virgil.
323 2281 444 2331 (Aen.
464 2291 519 2327 iv,
540 2281 652 2332 379.)
681 2279 756 2317 Sci-

99 2337 183 2376 licet
198 2336 231 2374 is
246 2335 393 2387 fitperis
421 2333 530 2373 labor
547 2334 604 2386 est.
650 2333 756 2374 Scili-

99 2405 173 2440 cet,
208 2389 357 2442 semper
390 2402 477 2431 cum
497 2396 660 2440 -εἳςωνείᾳ
691 2405 757 2444 po-

97 2448 212 2487 nitur.
268 2450 318 2487 D.

150 2503 281 2542 Meum
301 2515 460 2558 gnatum
486 2514 615 2542 rumor
639 2501 691 2555 eft
715 2516 753 2542 a·

99 2559 219 2612 mare]
249 2561 298 2600 Et
316 2558 412 2597 haee
428 2558 554 2597 omnis
577 2557 752 2609 probatio

94 2613 165 2664 est,
192 2628 242 2656 an
260 2625 360 2655 amet
384 2612 505 2654 filius:
539 2612 604 2654 sed
625 2615 752 2655 conie-

1318 852 1466 914 Iniqui

808 935 956 978 &ux-alis
975 935 1150 989 probatio
1170 951 1192 976 a
1215 935 1383 977 testibus.
1414 939 1469 977 V·

808 1008 903 1035 num
932 993 1139 1031 testimonii
1167 1006 1291 1047 genus
1328 993 1382 1033 est
1409 1007 1468 1032 ru-

807 1064 910 1090 mor:
937 1047 1040 1088 hunc
1057 1061 1185 1088 autem
1207 1062 1401 1107 rumoretp
1419 1062 1469 1088 ex

809 1106 1001 1148 relatione
1027 1103 1245 1145 Chremetis
1279 1107 1383 1146 Simo
1415 1115 1471 1144 te-

809 1173 890 1203 net.
916 1161 1064 1213 quippe
1082 1174 1169 1201 cum
1191 1159 1298 1211 supra
1308 1161 1469 1201 dixerit:

805 1217 986 1270 Postridie
1009 1220 1111 1257 venit
1138 1217 1341 1265 clamitans,
1373 1217 1472 1256 indi-

800 1288 917 1331 gnum
925 1274 1092 1325 fizcinus,
1105 1272 1151 1325 fi
1171 1272 1387 1326 comperisse.
1427 1272 1475 1312 Id

802 1331 964 1383 populus
975 1329 1259 1384 curatjftilicet]
1287 1331 1394 1369 Haec
1405 1328 1473 1369 de·

805 1386 928 1426 fenfio
940 1384 997 1426 est
1011 1396 1144 1424 contra
1162 1395 1378 1425 rumorem:
1408 1397 1472 1423 ve*

808 1441 961 1481 rifimile
995 1454 1079 1480 non
1112 1438 1189 1479 effe
1216 1453 1377 1480 omnem
1403 1454 1474 1492 po-

809 1498 942 1551 pulum
962 1496 1024 1544 de,
1045 1493 1184 1535 nescio
1202 1497 1310 1538 cuius:
1328 1493 1473 1536 adoles·

809 1554 945 1602 centis,
979 1564 1113 1593 amore
1132 1552 1316 1605 cogitare.
1371 1555 1417 1593 E.

868 1621 916 1663 ις
946 1610 1109 1648 Hoccine
1133 1608 1236 1663 agis]
1284 1609 1398 1662 Agis,
1430 1606 1473 1648 id

808 1665 862 1705 est
880 1664 1003 1703 audis.
1031 1663 1159 1704 >Alibi
1176 1662 1246 1710 fleg
1281 1665 1366 1702 Hoc
1391 1678 1471 1719 age,

808 1719 947 1760 amabo-.-
978 1718 1142 1766 Plautus‚
1161 1718 1286 1772 (Afin.
1301 1720 1401 1760 Proi.
1414 1723 1470 1772 1.)

813 1778 880 1816 Vos
920 1774 990 1815 hoc
1023 1776 1138 1830 agite.
1202 1777 1472 1817 Pronuncians

805 1830 1243 1871 fimulvdemonstrariue.
1268 1832 1387 1871 veluti
1406 1847 1471 1872 au*-

804 1901 887 1927 rem
909 1885 1010 1926 suam
1028 1897 1206 1940 tangens*
1244 1887 1357 1942 Istuc]
1389 1891 1471 1930 De-

805 1943 1166 1993 esta20,x'elaudio.
1197 1945 1247 1983 D.

859 1995 1020 2039 H'occine
1049 2002 1128 2054 agis
1145 2014 1194 2038 an
1215 2000 1347 2054 non?]
1385 2001 1467 2040 Oba

805 2054 932 2096 scm-us
962 2052 1107 2100 sensus,
1130 2065 1183 2095 set
1212 2066 1343 2095 tamen
1381 2058 1467 2096 talis

805 2112 880 2151 est:
912 2124 1030 2150 curae·
1048 2110 1117 2150 tibi
1145 2110 1200 2150 est
1222 2112 1326 2162 quod
1345 2126 1467 2165 popu-

803 2168 860 2207 lus
880 2167 1082 2219 loquatur?
1110 2165 1283 2218 denique
1307 2167 1382 2207 hoe
1407 2171 1465 2208 in-

804 2225 944 2276 telligit
964 2221 1103 2270 seruus,
1125 2233 1163 2261 et
1180 2221 1377 2275 respondit
1396 2225 1464 2263 do-

804 2281 925 2328 mino,
946 2278 1013 2318 fibi
1041 2291 1155 2318 curae
1176 2277 1271 2329 effe,
1300 2293 1386 2320 eum
1410 2282 1464 2321 di-

805 2346 910 2375 ceret
922 2350 937 2383 ς
970 2335 1046 2390 Ego
1061 2348 1148 2374 vero
1168 2334 1266 2388 istuc.
1286 2338 1463 2376 Sednunc

805 2406 846 2432 ea
880 2391 990 2445 -me]·'
1023 2393 1133 2430 Hanc
1178 2390 1461 2443 defenfionem,

804 2461 920 2500 quam
940 2446 1049 2499 supra
1067 2447 1279 2496 collocarat,
1299 2459 1337 2487 et
1355 2461 1463 2488 nunc

804 2514 993 2544 memorat
1030 2501 1134 2555 quod
1165 2517 1294 2543 amare
1319 2503 1462 2544 adoles·

803 2570 958 2601 centem
977 2559 1146 2599 criminis
1166 2573 1246 2598 non
1267 2559 1320 2610 fit,
1340 2562 1460 2600 maxi·

801 2629 868 2657 me
897 2626 987 2655 ante
1005 2616 1170 2668 nuptiaS,
1194 2615 1285 2657 ideo
1300 2617 1458 2656 adiecit:

912 2674 950 2712 D
980 2684 1007 2726 4
1356 2673 1462 2713 Nam
