1815 3168
600 103 1013 151 EVNVCHVS.

1401 112 1498 162 329

267 238 465 283 Incertus
487 233 601 280 sum:
647 249 731 280 vna
750 232 856 278 haec
878 229 972 294 spes
997 225 1073 281 est,
1105 225 1180 275 vbi
1200 226 1274 274 vbi
1305 225 1387 280 est,
1425 226 1502 273 diu

365 312 493 357 celari
522 324 615 356 non
638 305 792 372 potest,

204 401 233 450 5
274 388 315 433 Ο
336 386 489 433 faciem
511 382 762 450 pulchram!
801 379 926 429 deleo
947 394 1102 427 omnes
1134 376 1295 425 dehinc
1329 392 1381 425 ex
1414 380 1504 426 ani-

367 478 444 508 mo
470 461 690 507 mulieres.

269 538 442 586 Taedet
473 536 824 599 quotidianarum
861 532 1021 578 harum
1054 531 1312 579 formarum.
1361 527 1509 578 PAm

368 630 466 659 ecce
492 623 636 658 autem
659 611 856 657 alterum.

270 688 433 737 Nescio
466 688 573 751 quid
607 687 659 733 de
693 701 841 733 amore
873 683 1084 747 loquitur.
1126 699 1155 729 o
1183 680 1510 729 infortunatum

370 763 513 810 senem
529 760 538 811 !

273 841 364 886 Hic
376 856 480 887 vero
494 837 566 891 est,
591 839 668 902 qui
680 832 711 883 fi
724 837 955 902 occeperit,
978 833 1135 882 ludum
1146 834 1384 896 iocumque
1396 831 1511 878 dicet

196 1045 259 1083 Ne
286 1041 383 1081 illud
414 1055 485 1095 am,
504 1050 561 1081 ter
580 1041 800 1093 repetitum,

139 1100 335 1152 ingratum
366 1101 484 1150 pariat
518 1096 670 1145 sonum,
711 1099 803 1149 lege

148 1169 236 1194 cum
261 1159 400 1195 Donat.
437 1153 588 1193 duobus
626 1153 735 1192 codd.
764 1163 802 1191 et

145 1212 221 1250 edd
248 1222 336 1249 vert.
357 1224 450 1264 qua·
466 1213 540 1249 via.
596 1211 804 1249 Caeterum

144 1270 239 1306 tolie
266 1268 346 1304 illua
377 1266 723 1318 interrogationes,
751 1266 804 1303 in-

148 1337 270 1363 certus
279 1324 308 1371 J
309 1322 377 1366 ἶιπιἰ
390 1320 449 1359 vbi
460 1335 644 1373 quaeram,
658 1332 728 1359 ete.
759 1323 802 1359 B.

201 1394 228 1432 4
260 1379 329 1417 Veci
351 1377 411 1415 vai
439 1376 485 1428 st,
515 1377 579 1415 diu
600 1377 707 1414 celari
729 1387 805 1413 non

145 1435 279 1489 potest}
311 1434 371 1472 Ob
390 1434 551 1472 nimiam
573 1429 714 1471 scilieet
732 1430 806 1470 for·

148 1505 237 1531 mae
259 1490 429 1543 gratiam.
492 1491 537 1528 D.

206 1563 227 1601 ς
263 1545 441 1596 Ofiaciem
451 1541 705 1596 pulchranz‘3]
737 1542 810 1581 Fa-

154 1606 242 1642 ciem
274 1601 392 1642 modo
412 1615 493 1640 non
515 1610 662 1651 partem
678 1611 811 1649 corpo-

153 1661 203 1699 ris
233 1657 345 1706 dicit,
379 1654 448 1706 ⁴sed
479 1666 601 1695 totam
629 1652 811 1704 speciem,

154 1728 255 1768 quae
272 1723 431 1766 apparet
451 1722 490 1750 et
502 1711 693 1750 cernitur:
725 1709 811 1751 Vir·

156 1772 220 1825 gil.
253 1775 372 1822 (Aen.
401 1782 449 1815 v,
479 1769 616 1821 767.).
645 1790 703 1798 —
732 1767 812 1818 qui-

155 1829 220 1867 hus
241 1825 367 1879 aspera
389 1824 571 1876 quondam
591 1822 681 1873 Vzffi
699 1824 813 1861 maris

150 1884 279 1934 facies,
335 1882 446 1921 Deleo
470 1894 590 1919 omnes
615 1878 742 1918 dehinc
768 1891 815 1916 ex

156 1943 278 1980 animo
294 1937 478 1988 mulieres]
506 1937 588 1982 πρδς
607 1934 653 1974 vd
683 1932 815 1972 πιθανδν

157 2003 447 2049 argumentatus
464 1992 543 2040 est,
573 2003 612 2032 vt
640 1990 817 2031 ostende-

158 2063 218 2092 ret
247 2050 351 2089 hunc
380 2048 569 2102 grandem
599 2050 674 2087 iam
700 2046 820 2098 ephe-

160 2108 275 2156 bum,
307 2106 424 2146 etiam
448 2105 587 2147 amoris
615 2114 819 2155 expertem

163 2177 245 2203 non
271 2159 394 2202 fuifl'e.
432 2162 496 2202 Sic
520 2170 559 2201 et
588 2160 699 2208 alibi,
729 2159 820 2198 Cum

164 2233 220 2258 me
244 2217 358 2270 ipfitm
382 2221 506 2265 noris,
540 2230 649 2270 quam
677 2215 820 2272 elegans

157 2273 371 2328 formarum
400 2272 591 2326 spec‘tator
618 2271 726 2324 fient,
774 2271 822 2310 In

169 2331 234 2370 hac
253 2331 557 2380 commutas-sitm.
614 2331 662 2368 D.

223 2389 249 2429 6
277 2384 611 2440 Qotidianarum]
644 2386 728 2423 Hoc
759 2381 823 2432 est,

168 2442 315 2482 leuium
336 2451 372 2481 et
389 2440 623 2480 vfitatarum:
650 2438 705 2479 est
718 2441 828 2491 quip-

169 2511 220 2550 pe
239 2495 578 2544 huiccontrarium,
600 2496 716 2535 Noua
726 2494 827 2551 figu-

171 2569 215 2592 ra
257 2554 342 2591 oris.
384 2553 523 2605 papae!
581 2551 672 2590 Ecce
703 2565 827 2591 autem

170 2607 342 2654 alterum]
371 2609 433 2650 Sic
450 2608 622 2660 dicimus,
641 2621 727 2649 cum
745 2621 830 2661 pr·-

1363 904 1513 955 Fuiss‘e

850 1048 936 1091 pter
956 1037 1116 1077 alterum
1135 1034 1188 1074 de
1204 1034 1327 1074 altero
1347 1032 1512 1073 venitin

851 1103 1041 1134 mentem.
1097 1094 1149 1131 D.

915 1150 1054 1190 Taedet
1078 1147 1389 1201 quotidianarum]
1419 1146 1512 1194 Iam,

853 1207 991 1258 inquit,
1010 1217 1075 1244 me
1094 1206 1270 1256 poenitet
1289 1202 1423 1241 videre
1432 1213 1516 1237 mu-

853 1265 970 1301 lieres
1014 1260 1260 1312 quotidianas
1297 1268 1339 1309 et
1372 1253 1519 1297 assueta.

852 1317 989 1357 formai
1048 1319 1090 1355 E.
1306 1311 1311 1323 ’“
1339 1339 1342 1343 -

909 1385 936 1425 7
964 1371 1101 1423 Nescio
1135 1371 1224 1423 quid
1249 1370 1293 1409 de
1311 1382 1436 1408 amore
1462 1370 1515 1409 Io·

857 1427 999 1482 quitur]
1029 1430 1079 1466 Vt
1101 1425 1322 1466 iamdudum
1335 1424 1520 1466 Phaedria

858 1483 1103 1536 loquebatur.
1196 1483 1229 1520 Ο
1283 1482 1519 1533 infortunata

846 1540 1017 1594 fi’neml]
1053 1544 1137 1579 Hoc
1167 1537 1309 1577 dietum
1337 1538 1521 1587 praestru-

859 1599 915 1637 xit
937 1597 983 1636 ad
1005 1595 1148 1635 exitum
1172 1592 1330 1633 fabulae
1347 1605 1391 1632 ac
1401 1595 1521 1634 Cata..

858 1652 1054 1705 strophen.
1092 1653 1189 1689 Nam
1208 1648 1452 1700 perturbatus
1471 1648 1522 1688 ad

858 1709 1056 1749 Thaidem
1074 1705 1290 1759 ingreditur
1308 1704 1438 1757 (forte,
1463 1707 1519 1744 in·

857 1766 1064 1821 gre-dietum
1116 1765 1215 1802 Nam
1232 1758 1400 1812 sequitur
1418 1774 1522 1810 mox,

854 1820 1120 1874 firmabuntur,
1133 1828 1173 1856 et
1183 1818 1306 1869 ducet)
1317 1816 1380 1856 hic
1391 1815 1520 1867 senex,

865 1892 935 1932 per
953 1876 1140 1916 fallaciam
1159 1872 1334 1927 Pythiae,
1363 1883 1404 1912 et
1419 1873 1526 1912 indi·

866 1936 968 1974 cium
1002 1930 1272 1972 Parmenonis:
1319 1939 1437 1981 atque
1472 1931 1526 1969 ita

867 1989 1122 2031 firmabuntur
1150 1986 1312 2036 nuptiae
1347 1986 1523 2038 virginis,

870 2060 983 2100 quam
1006 2045 1124 2084 ducet
1142 2041 1332 2082 Chaerea.
1390 2043 1442 2080 D.

926 2110 948 2152 8
970 2103 1042 2141 Hic
1052 2111 1136 2138 vero
1156 2097 1220 2151 est]
1241 2100 1379 2137 Vtrum
1391 2095 1525 2144 senex,

869 2173 919 2198 an
946 2157 1122 2197 Chaerea
1132 2153 1318 2206 (Indigna
1330 2151 1425 2192 haec
1443 2150 1531 2195 sunt

868 2219 1039 2257 Donato.
1106 2213 1207 2249 Nam
1241 2208 1444 2249 manifeste
1479 2208 1531 2248 de

874 2270 1057 2312 Chaerea
1071 2265 1123 2307 est
1140 2263 1306 2318 sermo)?
1333 2263 1399 2305 sed
1413 2264 1533 2305 senex

874 2326 1012 2380 potius.
1068 2323 1142 2361 Hic
1171 2329 1259 2361 vero
1298 2319 1365 2377 est]
1414 2321 1534 2362 Senex

875 2385 955 2437 qui.
986 2378 1128 2419 scilicet
1157 2376 1342 2418 Chaerea.
1399 2378 1450 2419 D,

929 2438 1002 2478 Hic
1020 2448 1107 2475 vero
1129 2434 1195 2488 est]
1220 2430 1360 2474 Sensus
1372 2430 1445 2474 est?
1463 2433 1537 2472 Hic

875 2493 1077 2545 adolefiens
1085 2489 1128 2542 fi
1139 2503 1263 2529 amare
1279 2488 1539 2543 coeperit,fra-

878 2564 973 2591 trem
1000 2551 1075 2587 eius
1103 2546 1325 2585 Phaedriam
1357 2548 1454 2587 dices
1486 2546 1542 2584 lu.

879 2607 963 2648 dum
974 2618 1010 2645 et
1021 2607 1056 2643 io
1062 2616 1141 2643 cum
1147 2601 1275 2657 fmffi,
1294 2601 1368 2643 hoc
1380 2602 1444 2650 est,
1460 2614 1541 2639 non

990 2663 1027 2704 X
1060 2671 1085 2714 ς
1421 2655 1542 2697 amas·-
