1815 3168
696 185 989 229 ANDRIA.

1428 204 1515 233 ΙΙΙ

207 336 264 367 10
314 313 460 363 PAM.
499 316 654 372 Egone
688 310 858 356 dicam?
905 308 954 355 D
973 322 1057 355 AV.
1090 326 1168 355 cur
1200 314 1323 356 non?
1374 310 1451 358 ΡΑ
1468 328 1520 365 Μ.

393 404 619 450 nunquam
641 386 806 433 faciam.
840 382 888 433 D
905 399 934 429 Λ
955 397 1001 430 v.
1034 401 1091 430 ne
1116 401 1240 445 nega.

295 463 331 512 P
348 478 377 508 A
395 477 450 510 M.
495 463 683 509 Suadere
713 462 820 507 noli.

393 539 507 585 vide.

868 457 1022 506 DAV.
1061 476 1112 506 ex
1142 476 1190 505 ea
1217 475 1268 507 re
1301 460 1407 524 quid
1435 461 1520 516 fiat,

294 611 373 660 PA
388 628 437 658 M.
473 619 534 661 Vt
557 613 607 659 ab
632 613 702 658 illa
723 609 936 663 excludar,
969 610 1056 657 huc
1078 609 1325 659 concludar.
1363 608 1410 657 D
1428 626 1458 657 A
1476 626 1522 659 v.

393 699 484 735 non
505 691 563 735 ita
585 687 657 734 est.

294 768 475 829 Nempe
506 764 592 810 hoc
613 761 669 811 fic
690 760 771 809 effe
793 763 955 828 opinor
989 759 1211 808 diffiurum
1242 772 1434 828 patrem:

167 1068 204 1096 vt
224 1056 346 1104 salue,
369 1054 529 1107 fialuete.
585 1055 663 1094 Dic
691 1069 726 1095 te
755 1055 819 1094 du·

165 1114 323 1168 aarum]
356 1111 582 1160 pronuncia,
610 1113 691 1150 dic:
717 1110 818 1163 quafi

162 1169 425 1215 tem-facilem,
446 1179 484 1207 et
503 1169 644 1208 nullius
672 1169 819 1219 praeiu-

166 1225 267 1266 dicii.
319 1226 401 1264 Dic
426 1237 461 1263 te
485 1225 697 1278 daciarum]
733 1227 819 1264 Hoc

165 1281 239 1330 est,
294 1280 399 1333 quod
436 1279 484 1319 ab
520 1281 632 1319 initio
672 1280 819 1320 niteba-

166 1348 235 1376 tur.
293 1340 344 1376 D.

223 1393 344 1431 Cedo
330 1394 450 1446 tgitur
459 1390 713 1444 quidfizciam,
741 1391 820 1431 Da·

167 1449 264 1503 πεῖ]
292 1448 374 1500 Ipsa
392 1447 597 1499 propolitio
616 1445 819 1498 persuasio-

168 1505 243 1543 nis.
303 1506 383 1544 Dic
400 1517 435 1543 te
455 1503 668 1557 duaurum]
696 1507 820 1554 Repu-

166 1570 262 1613 gnat
290 1571 420 1599 contra
445 1558 678 1611 Pamphilus.
733 1562 821 1598 Per-

165 1615 283 1657 suafio
304 1614 475 1667 sequitur
485 1616 684 1654 continuo.
714 1615 822 1665 Quid

164 1671 250 1711 fieri
268 1670 417 1716 habeat,
442 1671 569 1723 (lege,
606 1670 823 1722 debeat)1fi

163 1727 239 1766 hoc
266 1726 335 1776 fit,
392 1725 468 1765 hoc
492 1725 564 1774 est,
600 1725 626 1764 fi
645 1727 823 1778 pollicea-

165 1794 225 1823 tur
242 1780 280 1822 se
299 1779 376 1822 effe
395 1757 601 1821 dufiuruin.
659 1785 700 1822 E.

228 1851 276 1879 10
303 1838 432 1893 Egone
450 1838 625 1891 dicam?]
655 1837 702 1877 To
722 1837 817 1891 Ego,

167 1892 312 1945 ἔμφασιν
349 1893 491 1933 habet:
544 1893 615 1932 hoc
649 1893 721 1941 est,
761 1893 822 1932 vel

169 1963 291 2002 quem
304 1964 385 1989 non
405 1959 580 2002 opoiteat
593 1949 733 1998 dicere,
762 1949 822 1989 vel

168 2019 285 2058 quem
315 2019 396 2044 non
430 2007 640 2045 conueniat
674 2006 823 2055 fallere,

170 2073 288 2113 atque
330 2062 497 2101 mentiri.
564 2064 643 2102 Cur
689 2063 820 2116 norst]

168 2118 259 2158 Non
279 2119 498 2172 interrogat,
521 2115 585 2158 sed
602 2117 824 2157 facilitatem

171 2174 226 2212 rei
253 2173 426 2214 ostendit.
483 2174 706 2228 Nunquam]
736 2175 823 2213 Plus

170 2227 285 2269 habet
295 2241 524 2284 negationis
538 2243 651 2282 quam
664 2244 745 2270 non
775 2233 824 2271 D.

229 2298 273 2328 11
307 2288 367 2326 Ex
390 2301 430 2326 ea
457 2300 498 2325 re
525 2287 616 2340 quid
627 2285 702 2338 fiat
719 2286 822 2342 vide]

175 2340 242 2378 ἄπο
271 2345 332 2389 τῆς
358 2347 535 2388 ἐμβάσεως.
591 2347 642 2384 D.

234 2408 281 2437 12
313 2399 361 2437 Vt
386 2397 431 2438 ab
450 2398 512 2436 illa
529 2400 726 2448 excludar,
756 2398 825 2439 hac

176 2453 384 2507 concludar]
414 2454 626 2495 Mi1ehanc
637 2469 723 2494 cum
738 2470 823 2507 pro-

176 2509 337 2548 nomine
365 2509 569 2563 fignificat,
607 2512 740 2550 dicens
778 2511 823 2551 ab

177 2561 248 2601 illa.
300 2565 357 2603 Illi
391 2580 463 2605 nee
491 2565 618 2605 sexum
646 2566 822 2617 seruauit,

176 2631 231 2657 ne
264 2633 354 2658 vxo··
379 2619 454 2660 effe
481 2623 652 2662 videatur
677 2625 823 2667 (leffio-

176 2687 270 2715 nem
288 2688 499 2728 corruptam
514 2678 561 2717 fic
580 2679 755 2721 restituo:
775 2680 819 2719 ab

1376 898 1522 941 Ducae

868 1054 942 1096 illa.
990 1054 1109 1095 Mine.
1148 1054 1244 1098 Huc.
1285 1053 1367 1093 Nec
1389 1056 1525 1103 fi’xum

859 1112 1042 1163 seruauit,
1073 1124 1116 1148 ne
1134 1124 1234 1149 vxor
1249 1110 1310 1161 ‘ff’
1322 1112 1525 1164 videatur).

866 1172 916 1209 Et
935 1181 982 1207 ex
998 1167 1170 1206 ferarum
1181 1167 1431 1206 translatione
1440 1181 1526 1207 con·

868 1224 995 1263 cludar
1011 1223 1118 1263 dixit.
1139 1233 1176 1261 vt
1195 1222 1298 1269 alibi,
1320 1224 1525 1275 conclusam

867 1281 926 1320 hic
944 1278 1055 1320 habeo
1075 1293 1230 1318 vxorem
1247 1279 1412 1330 fizeuam.
1477 1282 1526 1322 Vt

867 1336 913 1376 ab
946 1335 1009 1375 illa
1035 1335 1231 1389 excludar]
1267 1340 1298 1372 ἐν
1331 1335 1526 1383 ὑποκρίσεις

867 1396 967 1433 Nam
986 1391 1088 1430 aliud
1109 1389 1236 1439 infert,
1258 1393 1528 1442 atqueintelli-

870 1449 926 1501 git
942 1449 1097 1487 Dauum
1118 1446 1260 1485 dicere.
1317 1450 1364 1487 D.

928 1514 979 1544 12
1017 1501 1076 1542 Ab
1118 1503 1180 1542 illa
1216 1502 1408 1552 excludar,
1459 1504 1528 1545 hac

872 1558 1085 1612 concludar]
1116 1559 1189 1597 Hie
1215 1558 1291 1598 leui
1312 1561 1529 1601 mutatione

871 1614 977 1654 verbi
1015 1613 1059 1654 fit
1089 1611 1213 1667 figura
1251 1616 1527 1665 paronomafia,

874 1680 912 1709 vt
936 1685 958 1709 a
988 1671 1168 1722 Glycerio
1195 1670 1438 1719 excludatur,
1469 1672 1529 1710 in-

874 1726 976 1777 quit,
1001 1724 1062 1765 hic
1091 1726 1163 1763 erit
1188 1736 1370 1764 euentus:
1400 1738 1436 1765 at
1461 1729 1529 1766 ille

871 1793 1017 1829 contra,
1039 1781 1103 1833 qui
1120 1779 1383 1832 persuadebat,
1405 1782 1529 1826 osten—

872 1836 938 1886 dit,
957 1838 1042 1889 quis
1065 1848 1226 1877 euentus
1244 1836 1287 1876 fit
1314 1837 1473 1888 futurus,
1500 1838 1527 1878 fi

870 1895 1119 1945 polliceatur:
1159 1904 1198 1931 et
1223 1892 1338 1933 facile
1366 1893 1444 1934 effe
1473 1896 1529 1935 di-

872 1951 934 1989 cit.
991 1953 1033 1990 E.

931 2018 978 2057 13
1010 2006 1149 2058 Nempe
1172 2004 1302 2054 hocfi'c
1312 2005 1391 2059 cyfi]
1423 2008 1527 2046 Con-

871 2063 1012 2102 stilum
1030 2072 1146 2112 atque
1157 2062 1358 2110 diuinatio,
1377 2076 1423 2100 au
1437 2061 1523 2110 hoc,

872 2133 923 2158 an
943 2118 1037 2157 illud
1056 2128 1261 2157 venturum
1280 2118 1334 2156 fit.
1385 2119 1528 2182 Nempe

872 2174 939 2213 hoc
956 2174 1010 2224 stc
1037 2173 1098 2226 csse
1127 2174 1277 2228 opinor]
1314 2173 1377 2213 Ab
1408 2175 1529 2213 imita

874 2231 1000 2276 tione
1053 2238 1185 2275 μίμησις
1232 2230 1340 2268 enim
1377 2229 1525 2277 dicitur,

873 2286 1085 2326 deducitur.
1125 2285 1267 2339 Nempe
1284 2285 1372 2340 hoc]
1402 2284 1528 2338 Apul

871 2342 982 2382 sibili.
1042 2344 1091 2382 D.

925 2400 1066 2449 Nempe
1092 2397 1160 2435 hoc
1172 2397 1226 2448 fic
1243 2397 1304 2449 eff&
1322 2401 1453 2448 opinor
1472 2397 1529 2435 di-

873 2456 1012 2495 c'turum
1027 2465 1195 2506 patrem:
1213 2454 1320 2494 ducas
1338 2454 1448 2492 hodie
1467 2468 1531 2491 vo-

872 2513 907 2551 lo
926 2524 1101 2551 vxorem;
1131 2523 1182 2554 tu,
1205 2511 1343 2559 ducam,
1364 2510 1527 2561 inquies]

872 2570 925 2606 Vt
955 2566 1131 2605 ostendat
1163 2580 1243 2605 rem
1272 2568 1314 2605 in
1334 2566 1458 2605 verbis
1479 2564 1530 2603 cf-

874 2622 928 2669 se,
961 2622 1044 2674 post
1077 2621 1175 2660 nihil
1203 2621 1372 2662 futurum
1390 2620 1529 2661 sermo-

872 2681 942 2727 nis,
965 2679 1141 2731 adiungit
1161 2692 1168 2717 :
1227 2681 1271 2721 E.
