1815 3168
330 149 420 206 378

707 142 866 192 ACT.
902 143 971 193 111.
1005 144 1202 190 SCEN.
1237 146 1288 191 11.

462 269 552 318 Vbi
575 280 748 335 tempus
771 271 851 318 tibi
874 272 968 324 erit,
989 272 1044 318 sat
1067 270 1210 323 habet,
1231 269 1260 317 {i
1285 282 1379 320 tum
1399 274 1624 338 recipitur.

462 341 599 397 THR.
639 352 836 411 Apparet
861 347 1034 393 seruum
1055 346 1173 392 hunc
1197 343 1280 393 esse
1309 348 1693 413 dominipauperis

460 423 711 486 Miserique.
750 418 853 469 GN.
888 440 990 468 nam
1012 422 1158 469 hercle
1180 439 1310 470 nemo
1334 421 1488 488 posset,
1520 424 1577 470 sat
1595 424 1693 478 scio,

367 518 427 566 ὃς
463 502 554 555 Qui
576 500 768 551 haberet,
792 500 868 561 qui
890 508 1062 564 pararet
1084 498 1231 550 alium,
1255 499 1373 544 hunc
1393 501 1579 563 perpeti.
1644 535 1647 537 .

461 575 544 624 ΡΛ
564 590 609 621 R.
648 579 768 621 Tace
799 586 870 628 tu,
909 591 1043 639 quem
1077 590 1162 634 ego
1199 571 1281 620 esse
1304 575 1418 621 infra
1450 572 1626 621 infimos
1650 591 1695 621 0-

558 653 673 699 mnis
704 660 816 717 puto

323 811 480 845 narrat,
531 807 606 836 etc.
677 795 753 836 Vbi
800 794 987 848 molestum

322 870 394 897 non
414 857 494 901 erit,
513 852 574 892 vbi
597 866 638 892 tu
659 853 768 899 voles,
790 853 839 892 ad
855 855 983 906 Neque

321 911 396 952 tibi
423 910 559 961 obstat:
602 908 673 947 Vbi
700 918 837 960 tempus
864 908 936 948 tibi
954 924 983 947 e-

322 972 388 1008 rit.
446 970 494 1007 Et
513 966 610 1004 mire
627 975 792 1016 occupat
811 966 983 1004 animum

322 1022 547 1069 meretricis,
573 1034 659 1059 cum
677 1021 782 1059 illam
793 1019 905 1058 huius
915 1021 984 1058 irn-

322 1077 431 1133 pulsu
453 1077 603 1116 inducit
623 1074 762 1123 facere,
797 1074 983 1126 quicquid

321 1136 418 1174 dure
452 1132 545 1172 fecit
585 1131 829 1171 excludendo
864 1131 984 1172 Phae-

321 1192 455 1231 driam.
502 1188 572 1227 Hic
591 1184 862 1241 igiturquiscit
874 1202 982 1240 prae·

321 1258 433 1299 cepta
451 1245 501 1285 de
511 1243 711 1282 beneficiis
722 1243 979 1292 aestimandis,

319 1302 508 1355 intelligit
529 1301 694 1339 oratorie
715 1301 758 1338 in
780 1311 981 1352 Vtramque

320 1371 472 1413 partem
512 1356 612 1395 dieta
640 1357 784 1395 omnia.
845 1357 980 1395 Verum

317 1415 385 1454 vbi
404 1410 605 1466 molestum]
638 1415 774 1450 Vtrum
784 1411 852 1451 tibi
862 1412 981 1451 mole-

318 1473 427 1520 ssum,
459 1484 508 1508 an
529 1468 637 1508 aliis?
664 1466 729 1507 sed
748 1468 831 1506 aliis
843 1499 857 1516 ‚,
889 1468 981 1519 quia

319 1529 491 1568 illaturus
511 1525 564 1564 est
584 1523 739 1577 (Adde,
766 1522 829 1563 vbi
847 1537 889 1564 tu
908 1538 979 1562 vo-

319 1585 381 1625 les.
405 1586 479 1635 Z,).
536 1584 586 1622 D.

371 1651 425 1692 32
459 1637 528 1677 Vbi
575 1648 711 1689 tempus
760 1633 832 1675 tibi
880 1636 977 1691 erit]

315 1699 407 1736 Non
438 1694 612 1733 amatori.
667 1696 715 1733 Et
745 1690 809 1730 vbi
846 1704 888 1731 tu
915 1707 978 1730 vo-

318 1753 390 1791 les:
420 1764 503 1790 non
525 1760 564 1788 vt
584 1749 751 1788 nuncin
774 1748 898 1787 milite
919 1761 980 1798 pa-

320 1811 420 1848 teris.
501 1804 570 1845 Vbi
608 1816 748 1856 tempus
783 1803 854 1843 tibi
893 1807 979 1852 erit,

307 1865 374 1916 fiat
395 1861 514 1909 habet,
527 1860 570 1912 fi
581 1874 657 1899 tum
676 1860 876 1914 recipitur]
908 1862 980 1900 His

318 1920 424 1959 diffis
452 1928 493 1957 et
518 1916 682 1955 militem
709 1916 851 1967 repulit
877 1915 924 1954 ab
941 1931 978 1954 a-

315 1978 426 2016 nimo
453 1973 684 2018 meretricis,
722 1981 760 2009 et
779 1983 978 2010 commen-

315 2033 421 2072 dauit
442 2026 737 2075 adolescentem,
756 2036 796 2065 et
813 2025 976 2078 perfecit

315 2102 368 2127 ne
387 2087 532 2126 iniuria
550 2084 727 2124 videatur
742 2082 847 2134 apud
857 2082 976 2121 Thai-

272 2140 275 2143 *
314 2146 424 2188 dem,
467 2141 571 2193 quod
604 2137 744 2192 sponte
771 2136 976 2191 susceperit

313 2199 556 2241 Phaedriam.
614 2199 663 2236 D.

370 2270 420 2309 33
453 2256 622 2306 Apparet
631 2251 791 2303 seruum
809 2249 906 2290 hunc
929 2250 978 2301 es

301 2312 349 2364 se
381 2313 523 2351 domini
546 2308 738 2361 pauperis]
767 2306 974 2346 Tristior-es

312 2369 422 2408 enim
444 2365 530 2406 sunt
549 2363 647 2404 serui
669 2376 904 2415 pauperum,
936 2373 975 2402 et

312 2425 363 2465 ob
399 2423 472 2463 hoc
511 2419 634 2474 ipsum
670 2421 892 2472 nequiores.
934 2429 974 2457 et

311 2481 386 2520 hoc
419 2479 558 2518 melius
587 2486 686 2515 erat:
730 2476 904 2527 quamuis
931 2475 973 2514 il-

311 2537 379 2577 lud
392 2537 501 2574 aliter
513 2532 691 2586 parasitus
704 2542 881 2582 exponat.
895 2532 972 2570 Do-

309 2594 404 2634 mini
418 2592 594 2644 pauperis
619 2588 831 2642 mtfirique]
862 2590 972 2628 Beue

310 2649 484 2691 additum
500 2644 642 2699 mzfiri:
671 2646 762 2696 quia
791 2657 871 2682 non
884 2657 972 2691 con-

312 2708 424 2747 tinuo
436 2717 536 2757 paup
542 2715 584 2742 er
595 2702 713 2743 etiam
722 2698 835 2742 miser
844 2699 907 2742 est.
918 2702 969 2743 D.

1526 652 1694 697 Homi-

1087 807 1141 848 34
1169 794 1271 834 Nam
1291 793 1533 844 herclejnemo
1562 793 1694 848 poffit]

1033 851 1259 892 Secundum
1279 849 1392 900 illud,
1422 853 1502 897 Ait,
1528 852 1597 894 aio,
1631 864 1696 901 ap·-

1034 907 1169 959 probat
1190 907 1366 956 parasitus
1387 905 1491 958 quod
1511 906 1622 944 miles
1641 906 1697 944 di-

1032 964 1098 1001 xit.
1152 966 1201 1003 Et
1228 962 1281 1002 est
1301 962 1416 1011 ordo,
1449 963 1552 1001 Nam
1577 961 1696 1002 hercle

1021 1019 1123 1068 finis
1135 1020 1232 1068 seio,
1254 1032 1357 1057 nemo
1370 1017 1485 1071 posset
1505 1017 1601 1057 hunc
1608 1029 1696 1071 per-

1028 1077 1116 1125 peti‚
1145 1078 1207 1125 qui
1227 1073 1386 1124 haberet,
1409 1077 1473 1126 qui
1483 1086 1640 1126 pararet
1656 1088 1698 1113 a·

1032 1130 1121 1181 lium
1140 1128 1306 1178 seruum.
1366 1131 1471 1169 Nam
1500 1130 1616 1169 hercle
1635 1143 1695 1169 ne-

1031 1199 1089 1224 mo
1107 1186 1237 1239 poſjet]
1269 1185 1396 1226 Allam
1415 1184 1562 1225 causam
1581 1184 1695 1225 subti-

1030 1242 1167 1281 liorem
1193 1241 1352 1294 allignat
1371 1241 1561 1292 pai-afitus,
1581 1256 1695 1295 quam

1031 1310 1147 1349 quam
1169 1297 1320 1335 dixerat
1337 1297 1464 1336 miles.
1524 1298 1573 1337 D.

1083 1353 1219 1393 Hercle
1254 1366 1356 1392 nemo
1383 1350 1528 1407 posset]
1576 1352 1694 1403 Istum

1031 1411 1137 1448 enim
1184 1406 1337 1448 seruum
1359 1440 1367 1457 ,
1418 1410 1523 1460 quod
1571 1409 1695 1448 malus

1029 1464 1090 1511 fit,
1120 1478 1239 1504 nemo
1271 1463 1406 1517 posset,
1437 1466 1577 1516 inquit,
1607 1478 1695 1516 per-

1030 1522 1122 1571 peti,
1142 1521 1167 1560 fi
1186 1520 1346 1560 haberet
1367 1531 1516 1560 tantum
1539 1521 1643 1560 vnde
1657 1534 1696 1559 a·

1027 1578 1126 1617 lium
1160 1589 1415 1629 compararet:
1455 1587 1495 1616 vt
1521 1576 1695 1616 ostenda-

1030 1643 1090 1672 tur
1134 1632 1315 1673 dominus
1362 1647 1519 1685 pauper.
1584 1636 1693 1674 Haec

1029 1700 1189 1741 propter
1214 1690 1420 1737 malitiam,
1458 1690 1525 1742 qui
1559 1701 1694 1741 neque

1029 1745 1180 1785 nudare
1200 1743 1240 1785 se
1259 1743 1395 1798 postet,
1417 1756 1457 1784 vt
1477 1746 1574 1786 alius
1591 1758 1693 1784 com-

1029 1807 1238 1854 pararetur.
1297 1806 1340 1843 E.

1085 1856 1184 1897 Illud
1194 1871 1277 1897 nam
1289 1856 1451 1896 refertur
1461 1856 1510 1895 ad
1520 1856 1571 1905 id,
1584 1855 1691 1908 quod

1029 1913 1234 1966 eleganter
1253 1910 1430 1952 omiffum
1443 1912 1509 1962 est,
1534 1910 1581 1951 sc.
1622 1913 1692 1952 Re·
1767 1934 1787 1945 κ
1808 1916 1811 1964 ξ

1027 1970 1092 2009 ἱέε.
1148 1971 1203 2008 Z-
1808 1966 1810 2008 f

1081 2035 1134 2076 35
1164 2023 1245 2077 Qi
1278 2022 1446 2073 haberet,
1488 2026 1552 2077 qui
1575 2035 1689 2077 para·
1809 2026 1812 2071 i

1025 2080 1101 2134 ret]
1131 2082 1237 2119 Prius
1256 2082 1352 2136 ἐπ’,
1375 2094 1616 2132 pronomen:
1634 2078 1688 2121 se·
1810 2074 1812 2158 Ι

1025 2149 1150 2188 quens
1171 2136 1401 2176 aduerbium
1431 2136 1495 2176 est.
1553 2140 1604 2178 D·
1708 2138 1710 2140 ¹
1809 2159 1812 2197 J

1080 2195 1133 2245 36
1161 2191 1279 2245 Qem
1297 2207 1362 2247 ego
1384 2192 1445 2244 ‘ff’
1462 2205 1557 2245 puto
1579 2191 1687 2244 infra
1810 2202 1812 2233 !

1024 2248 1295 2300 omnisinfimos
1307 2249 1484 2303 homines]
1514 2250 1685 2291 Multum
1810 2243 1813 2259 ¹

1025 2304 1132 2354 dixit,
1151 2305 1254 2355 infra
1275 2304 1421 2356 infimos
1442 2309 1559 2345 omnis
1570 2306 1687 2345 homi-

1023 2375 1095 2401 nes.
1152 2364 1251 2401 Nam
1279 2361 1348 2400 hac
1378 2360 1570 2401 sententia
1588 2362 1681 2411 vult,

1023 2418 1130 2457 illum
1149 2416 1351 2458 hominem
1370 2416 1483 2457 seruis
1504 2419 1620 2457 etiam
1631 2415 1685 2458 es-

1022 2470 1062 2512 se
1099 2475 1294 2525 peiorem:
1341 2475 1430 2525 quia
1465 2485 1504 2513 et
1538 2472 1681 2522 seruus,

1022 2529 1161 2576 homo;
1191 2540 1230 2568 vt
1249 2530 1291 2569 in
1310 2530 1544 2570 Phormione
1559 2561 1568 2579 ‚
1605 2530 1685 2569 Ser-

1022 2599 1108 2624 uum
1134 2585 1314 2626 hominem
1343 2585 1488 2640 caufizm
1507 2601 1618 2628 orare
1634 2585 1678 2625 le·

1019 2656 1083 2699 ges
1102 2656 1174 2685 non
1181 2642 1325 2699 fluunt.
1380 2646 1429 2685 D.
1610 2683 1613 2687 .

1562 2700 1679 2755 Infra
