1815 3168
266 147 361 203 296

668 143 826 190 ACT.
863 144 897 190 Ι.
952 143 1236 193 SCEN.11'.

399 264 507 316 ΤΗ.
552 263 694 330 Egon'
730 270 774 317 id
807 271 978 317 timeo?
1029 269 1128 318 PH.
1166 270 1276 334 quid
1307 281 1349 319 te
1381 289 1487 335 ergo
1520 275 1635 324 aliud

498 344 719 393 sollicitat?
759 345 882 402 cedo,

396 424 525 467 Num
551 420 660 467 solus
681 420 752 466 ille
773 419 888 466 dona
910 419 1013 467 dat?
1048 419 1245 468 nuncubi
1280 437 1424 471 meam

395 497 719 557 Benignitatem
738 493 893 542 sensisti
923 498 969 543 in
991 506 1033 542 te
1056 495 1279 544 claudier?

306 572 368 635 85
401 576 583 623 Nonne,
610 571 684 619 vbi
707 571 814 617 mihi
839 570 944 619 dixti
963 588 1125 636 cupere
1146 582 1190 618 te
1217 589 1267 618 ex
1286 572 1523 640 Aethiopia

399 647 679 700 Ancillulam,
702 644 866 695 reliffis
892 645 1024 695 rebus
1044 646 1268 702 omnibus,

323 854 375 898 82
404 846 513 903 Qcid
530 860 566 886 te
586 859 673 902 ergo
705 845 807 886 aliud
819 846 926 899 solli-

267 903 421 958 citat'3]
472 902 579 953 Quid
615 901 681 952 est,
710 903 857 955 inquit,
899 903 927 944 fi

267 959 344 1000 hoc
363 972 444 999 non
463 958 541 1000 est?
596 960 645 998 D.

322 1019 383 1056 Ne
413 1012 539 1053 versus
568 1011 708 1067 syllaba
727 1012 769 1051 fit
787 1012 928 1067 hyper-

265 1082 402 1120 mete1·‚
423 1082 570 1121 repone
583 1068 667 1125 Ego
679 1068 758 1108 sine
768 1081 821 1107 ne.
854 1071 896 1109 Β.

318 1187 369 1235 83
401 1182 506 1221 Num
515 1181 622 1232 filus·
642 1181 697 1221 ille
708 1180 806 1220 dona
816 1179 882 1219 dat
891 1179 926 1234 ?]

261 1241 343 1280 Iam
364 1237 467 1289 quali
492 1237 736 1288 quaestiones
770 1236 929 1276 transsan-

262 1305 344 1336 tur:
383 1292 449 1333 sed
483 1294 550 1333 ille
587 1306 728 1332 munus
756 1292 926 1332 aduexit.

265 1349 447 1389 Numubi
486 1362 600 1388 meam
637 1347 927 1403 benignitatem]

254 1404 423 1447 ³Poffunt
454 1406 562 1444 enim
591 1404 696 1444 dona
727 1404 826 1448 dari,
860 1401 928 1444 sed

263 1463 411 1515 exigua
421 1492 431 1511 ‚
459 1472 524 1501 aut
545 1462 675 1501 minus
692 1459 926 1500 liberaliter:

265 1529 307 1558 et
324 1517 416 1557 ideo
434 1519 683 1558 mentionem
705 1516 928 1569 benignita-

264 1575 313 1614 tis
357 1573 509 1613 adiecit.
589 1571 772 1612 Nuncubi
810 1585 928 1611 meam

264 1630 546 1685 benignitatem]
597 1628 677 1672 Sed
710 1629 780 1677 ille
818 1627 930 1667 beni-

265 1700 365 1740 gnus
385 1685 449 1729 est.
506 1683 695 1732 Nuncuhi,
735 1683 931 1737 numquid

267 1741 420 1782 alicubi.
477 1745 559 1782 Aut
579 1741 615 1789 fi,
639 1754 736 1781 nunc
757 1739 844 1787 vbi,
876 1740 931 1780 le·

262 1799 392 1851 gimus
426 1797 560 1849 (Haud
593 1797 715 1838 dubie
732 1794 931 1850 scripserat

263 1859 462 1902 Donatus,
502 1866 652 1895 nvnc
683 1866 796 1902 vm,
827 1864 930 1900 nnm-

267 1909 359 1964 quid
377 1908 521 1950 alicubi.
580 1908 715 1949 Postea
743 1921 835 1948 vei-0
861 1906 928 1948 seu

266 1964 409 2019 Asper,
436 1962 502 2005 seu
519 1964 715 2017 Cornutus
723 1994 734 2013 ‚
762 1961 827 2003 seu
849 1964 928 2015 qui-

267 2036 424 2073 cunque
449 2022 546 2061 alius
570 2021 761 2071 interpres
787 2020 926 2072 legens

266 2091 380 2119 NON
408 2091 437 2117 v
454 2090 528 2121 131,
573 2075 678 2128 quod
706 2076 748 2114 in
778 2071 929 2127 quibus-

267 2133 355 2173 dam
383 2132 487 2172 libris
513 2132 727 2183 reperitur,
757 2129 839 2184 ipse
856 2130 927 2171 ad-

267 2189 366 2228 didit
394 2189 509 2228 verba
536 2185 671 2237 Autfi'
702 2212 756 2218 —
791 2200 864 2240 qua
886 2191 926 2227 in

268 2251 348 2296 re),
377 2246 450 2284 erit
469 2244 696 2284 adum-bium
719 2243 925 2296 temporis:

269 2313 309 2340 vt
328 2300 371 2339 stt
388 2302 462 2347 vbi,
482 2314 558 2352 quo
577 2301 618 2339 in
651 2300 756 2349 loco,
787 2312 862 2350 qua
880 2298 924 2339 in

270 2372 322 2397 re.
378 2355 555 2397 Nuncubi
583 2369 697 2395 meam
722 2355 925 2410 benignita-

271 2420 356 2459 tem]
385 2413 575 2465 Intelligit
592 2409 630 2451 se
648 2422 688 2450 et
699 2411 803 2451 dona
817 2409 925 2450 obru-

271 2467 372 2514 liss'e,
399 2480 438 2509 et
466 2469 506 2508 id
538 2467 716 2520 benigne
741 2465 855 2520 saepe
872 2465 922 2507 fe-

274 2524 373 2565 cisse.
430 2528 528 2564 Nam
551 2525 780 2576 plerumque
799 2525 928 2576 ingra-

271 2593 308 2621 ta
337 2581 437 2621 dona
464 2579 568 2629 sunt,
596 2580 638 2622 in
658 2579 796 2631 quibus
813 2579 926 2619 beni.

272 2639 396 2694 gnitas
424 2651 508 2680 non
527 2646 706 2693 apparet:
737 2649 837 2691 quae
860 2646 927 2678 aut

1491 729 1633 781 Quae·

975 847 1019 887 in
1040 848 1256 899 quantitate
1275 861 1404 889 rerum
1421 847 1486 898 est,
1511 860 1575 889 aut
1593 851 1635 891 in

976 902 1161 943 facilitate
1180 904 1412 956 praestantis.
1471 904 1522 944 D.

1027 960 1226 1009 Nuncubi,
1257 961 1361 1011 quod
1388 960 1440 1001 est
1457 961 1498 1000 in
1522 961 1639 1014 pluri-

976 1014 1048 1054 bus
1076 1015 1185 1055 codd.
1220 1014 1404 1068 nusquam
1444 1016 1555 1066 alibi,
1591 1031 1637 1056 o-

979 1071 1106 1121 pinor,
1125 1072 1337 1120 inuenitur,
1358 1083 1396 1112 et
1408 1071 1533 1113 versus
1555 1071 1636 1125 ipse

977 1125 1166 1178 repudiat.
1228 1127 1447 1173 'Bembinus
1481 1140 1520 1168 et
1555 1130 1632 1178 alii,

978 1194 1066 1221 num
1084 1181 1160 1221 vbi.
1203 1187 1257 1224 Le
1290 1196 1312 1222 e
1332 1197 1417 1224 num
1438 1183 1518 1224 tibi.
1560 1187 1637 1226 De-

978 1235 1074 1277 inde
1108 1237 1152 1276 in
1179 1250 1287 1278 veru
1322 1236 1398 1292 seq.
1428 1255 1499 1291 pro
1527 1244 1568 1282 in
1601 1254 1638 1281 te

979 1293 1146 1334 claudier
1181 1293 1274 1347 lege
1304 1296 1556 1338 intercludier.
1586 1296 1636 1339 cf.

977 1348 1098 1391 Andr.
1121 1362 1189 1396 111,
1210 1364 1245 1402 3,
1264 1362 1329 1404 41.
1389 1353 1432 1391 Β.

1034 1411 1085 1455 84
1117 1404 1346 1460 Claudier?]
1387 1408 1543 1455 Claudi,
1573 1419 1638 1449 aut

978 1461 1201 1501 claudicare.
1232 1461 1428 1503 Sallustius
1446 1464 1507 1516 (in
1525 1467 1639 1520 Frag-

976 1519 1156 1570 mentis),
1185 1518 1319 1572 Neque
1343 1522 1438 1558 enim
1457 1522 1638 1575 ignoran-

979 1575 1036 1613 tia
1056 1574 1199 1613 claudit
1217 1589 1287 1615 res.
1321 1585 1370 1624 et,
1388 1575 1503 1616 Nihil
1509 1578 1638 1632 socor-

978 1630 1041 1670 dia
1063 1628 1262 1682 claudebat.
1317 1633 1368 1672 D.

1036 1687 1081 1725 In
1100 1700 1135 1726 te
1155 1685 1332 1733 claudier]
1360 1685 1429 1728 Ms.
1439 1692 1535 1730 R.et
1545 1699 1634 1730 vett.

972 1741 1387 1786 ‚codd.1·merctaudier.
1446 1749 1489 1786 L.

1029 1805 1086 1853 85
1118 1799 1256 1838 Nonne
1273 1797 1338 1840 vbi
1354 1798 1447 1839 mihi
1465 1800 1565 1839 dixti
1579 1811 1636 1837 cu-

976 1865 1062 1906 pere
1088 1857 1143 1904 te]
1174 1856 1261 1896 Plus
1292 1855 1408 1901 dixit,
1440 1854 1505 1894 vln·
1532 1854 1636 1894 dixti

979 1922 1107 1962 cupere
1126 1923 1181 1950 te:
1213 1922 1328 1962 quam
1347 1910 1375 1949 si
1392 1910 1549 1957 diceret,
1576 1909 1635 1951 fe-

978 1965 1058 2004 cisti
1095 1976 1133 2003 vt
1161 1978 1344 2005 emerem.
1401 1967 1491 2007 Plus
1517 1965 1571 2006 est
1597 1979 1635 2006 e·

976 2021 1060 2061 nim
1086 2020 1127 2059 id
1154 2018 1396 2072 praestitifi‘e,
1426 2022 1535 2074 ,quod
1565 2022 1633 2073 qui

976 2078 1100 2129 (quae,
1121 2076 1207 2116 edd.
1231 2078 1409 2128 Venett.)
1427 2079 1631 2131 acceperit,

975 2146 1059 2172 non
1111 2130 1218 2172 ausus
1265 2132 1384 2173 fuerit
1429 2133 1631 2186 postulare.

976 2189 1112 2240 Cupere
1146 2193 1199 2242 te]
1249 2188 1347 2228 Vult
1390 2203 1474 2228 rem
1519 2190 1632 2242 parui

975 2245 1196 2298 (quamiuis,
1220 2243 1385 2297 postulat
1394 2242 1536 2300 sensus)
1547 2259 1633 2298 pre-

974 2301 1037 2349 tii,
1066 2312 1114 2339 ex
1140 2300 1242 2339 illius
1270 2300 1478 2352 cupiditate
1497 2313 1536 2341 et
1564 2299 1631 2340 suo

973 2355 1115 2396 labore
1136 2355 1338 2408 perpendi.
1395 2357 1457 2395 Ex
1473 2357 1633 2397 Aethio.

967 2413 1053 2465 pia]
1098 2414 1186 2451 Non
1220 2409 1519 2464 Aethiopiffam:
1565 2411 1632 2453 sed

971 2466 1170 2510 honestius
1192 2481 1237 2508 ex
1255 2467 1468 2520 Aethiopia.
1529 2472 1580 2512 D.
1620 2519 1621 2522 Ἴ

1032 2527 1085 2571 86
1124 2524 1271 2563 [tolletis
1307 2523 1413 2563 rebus
1444 2524 1625 2574 omnibus,

974 2579 1148 2632 quaesiui]
1176 2581 1285 2619 Haec
1317 2581 1393 2620 iam
1420 2582 1552 2620 omnia
1584 2582 1628 2620 in

974 2633 1172 2679 beneficiis
1183 2635 1413 2678 confiderari
1430 2633 1565 2678 solent.
1576 2641 1628 2691 D,-
