1815 3168
574 119 980 167 EVNVCHVS.

1365 128 1456 176 377

233 249 309 299 PA
324 265 368 298 R.
401 251 548 313 Atque
570 250 676 295 haec
698 249 773 311 qui
795 244 932 298 misit,
963 261 1056 291 non
1076 240 1154 289 fibi
1174 243 1249 292 soli
1271 243 1459 309 postulat

231 331 308 374 Te
327 327 491 377 viuere,
515 334 557 370 et
577 324 647 370 sua
667 323 783 370 causa
808 319 976 368 excludi
998 330 1205 366 caeteros.

233 405 397 464 Neque
418 417 588 465 pugnas
611 408 768 451 narrat,
795 412 939 459 neque
962 396 1176 443 cicatrices
1199 392 1289 438 suas

139 493 204 541 30
237 474 454 531 Ostentat3
488 491 633 538 neque
660 464 740 521 t'ibi
763 471 912 524 obstat,
934 470 1054 534 quod
1075 468 1251 532 quidam
1271 467 1392 513 facit:

236 557 404 601 Verum
424 550 498 600 vbi
518 547 749 598 molestum
768 565 861 595 non
885 548 982 600 erit,
1005 545 1078 594 vbi
1099 555 1149 591 tu
1168 543 1302 595 voles,

103 724 233 754 tacere
269 723 439 768 cogatur.
495 711 565 753 Vel
587 709 761 765 sobrius]

104 768 280 811 Honesta
301 769 463 817 ἔλλειψις,
496 779 653 820 propter
677 780 757 805 mu-

103 827 209 864 lieris
228 824 490 876 praesentiam.
519 835 558 863 vt
578 823 761 876 Virgilius

106 883 207 935 (Ecl.
231 895 299 929 111,
321 884 395 935 8.),
425 882 612 920 Nouimus
642 892 677 918 et
696 879 762 932 qui

109 950 155 978 te.
211 941 259 979 Et
278 935 357 989 ipse
375 939 416 977 in
433 940 644 977 Heautont.
681 935 763 986 Qui

97 994 145 1046 fi·
168 995 311 1033 vidente
337 995 490 1033 amicam
514 995 684 1046 patiatur
701 990 767 1042 fis·

110 1064 182 1090 am.
246 1051 334 1090 Hoc
368 1060 501 1089 tamen
534 1049 645 1087 miles
685 1059 764 1086 coa-

110 1107 194 1145 ctus
224 1119 245 1144 a
262 1109 508 1145 Parmenone
536 1104 646 1153 dicit,
678 1103 768 1155 quia

111 1159 369 1214 reprehensus
389 1160 443 1199 est
462 1157 628 1200 tacuisse.
661 1162 711 1201 D.

170 1220 251 1272 Ego
283 1216 381 1255 illum
408 1215 644 1270 Eunuchum]
685 1215 770 1254 Pul-

113 1273 349 1313 chen-imum
374 1271 603 1313 Eunuchum
622 1270 772 1321 ,quoni-

116 1343 183 1369 am
210 1341 357 1381 negare
383 1341 466 1367 non
495 1325 620 1378 potest
647 1326 770 1373 miles,

118 1384 399 1424 detractionem
418 1384 599 1435 repperit,
619 1380 776 1432 quodin

120 1439 309 1482 Eunucho
330 1439 376 1478 ad
396 1438 674 1489 turpitudinem
692 1435 776 1475 libi-

122 1497 225 1535 dinis
253 1494 497 1548 pulchritudo
521 1494 617 1533 verti
637 1491 774 1544 potest.

121 1556 172 1593 Et
189 1552 374 1603 quoniam
393 1549 474 1589 fine
490 1551 639 1590 Cerere
664 1559 703 1586 et
719 1548 777 1588 Li-

121 1609 220 1648 bero
238 1606 354 1660 friget
372 1609 520 1653 Venus,
546 1604 652 1652 dixit,
684 1603 779 1641 hunc

125 1668 202 1703 iam
216 1664 393 1714 sobrium
403 1660 630 1707 Eunuchum,
642 1658 778 1711 Jz‘opus

113 1720 180 1775 fit.
237 1719 471 1771 intelligitur
509 1726 639 1755 autem
676 1712 782 1767 quod

125 1772 390 1827 consequatur.
447 1775 488 1813 E.

181 1835 274 1880 Pro,
295 1829 374 1882 stt,
413 1842 499 1868 curn
516 1832 666 1870 Faerno
691 1828 784 1880 lege

119 1886 212 1941 fiet,
237 1885 343 1938 quod
360 1882 481 1938 poscit
501 1880 639 1924 versus.
690 1886 730 1924 B.

183 1955 238 1997 27
267 1944 388 1996 Atque
406 1939 492 1980 baec
511 1941 575 1995 qui
592 1937 712 1993 mzfit]
741 1934 785 1976 ld

129 1998 205 2049 est,
233 2009 338 2039 tanta
363 2010 548 2043 munera3
576 1995 651 2034 hoc
680 1994 788 2034 enim

133 2056 217 2096 haec
253 2052 450 2107 fignificat.
508 2053 599 2094 Non
624 2049 694 2104 fibi
712 2049 789 2101 fili

129 2111 307 2166 postulat]
337 2111 423 2149 Hoc
440 2107 513 2157 est,
544 2107 656 2160 Istum
673 2117 791 2146 aemu-

137 2167 210 2206 lum
221 2198 230 2216 ‚
265 2166 365 2220 quod
387 2176 514 2220 potes,
544 2162 590 2204 ab
616 2163 697 2216 ipfiz
723 2161 795 2215 pel-

139 2224 219 2264 lito.
274 2225 324 2262 D.

195 2280 313 2333 Atque
346 2277 432 2318 haec
466 2278 531 2329 qui
554 2271 673 2329 mist't]
709 2271 797 2312 Me·

142 2349 229 2374 mor
268 2333 321 2374 est
360 2333 643 2373 mandatorum.
697 2332 798 2369 Nam

146 2390 329 2441 quoniam
349 2389 529 2428 dominus
539 2387 702 2434 dixerat,
722 2396 797 2423 mu-

143 2459 212 2485 nus
231 2444 388 2497 nostrum
399 2458 533 2484 ornato
551 2441 686 2488 verbis,
705 2439 804 2494 quod

145 2503 307 2555 poteris,
341 2499 412 2539 hoc
438 2495 549 2553 supra
568 2497 708 2538 facium
737 2495 800 2536 est.

150 2562 198 2598 Et
218 2556 306 2607 quia
324 2555 512 2595 adiecerat
531 2554 730 2606 dominus,
766 2564 802 2591 et

150 2612 254 2666 istum
273 2611 462 2664 aemulum,
479 2611 579 2668 quod
580 2612 737 2668 potqrif,
756 2605 802 2664 ab

1374 617 1467 666 Vbi
1494 657 1502 662 s

808 724 850 750 ea
855 707 984 763 pellito
998 721 1008 745 ε
1035 717 1139 745 nunc
1149 704 1225 745 hoc
1237 700 1469 755 exsequitur,

809 779 896 806 cum
913 763 1022 812 dicit,
1051 763 1219 801 dominus
1238 774 1334 800 meus
1355 771 1471 813 neque

806 834 952 876 pugnas
969 815 1121 865 na'rrat,
1151 830 1263 871 neque
1282 819 1469 856 cicatrices

812 878 970 930 ostentat
986 874 1088 925 ficas.
1145 877 1188 914 E.

868 941 919 983 28
951 933 1023 972 Sua
1053 930 1161 981 caufiz
1186 927 1330 970 excludi
1358 939 1470 966 caete-

815 990 899 1044 ros]
927 987 1034 1028 Nihil
1055 986 1181 1039 potuit
1209 984 1282 1024 dici
1301 984 1473 1023 inuidio-

815 1046 899 1086 fius.
956 1047 1049 1084 Non
1087 1043 1195 1082 enirn
1230 1041 1324 1080 dixit
1358 1038 1476 1079 Phae-

816 1103 948 1147 driam,
968 1097 1034 1139 sed
1052 1111 1226 1145 caeteros,
1259 1095 1358 1148 quasi
1376 1094 1476 1135 futu-

817 1158 849 1197 ri
869 1166 1056 1196 amatores
1076 1152 1244 1200 fuifl'ent,
1267 1150 1336 1191 nisi
1354 1162 1478 1191 metu-

818 1223 947 1254 eretur
957 1212 1179 1263 exemplum
1191 1208 1414 1251 Phaedriae.
1424 1209 1477 1247 D.

874 1280 928 1320 29
967 1268 1098 1319 Neque
1132 1278 1277 1319 pugnas
1312 1263 1477 1317 narrat]

822 1321 1038 1373 Descriptio
1059 1323 1212 1369 militis,
1244 1331 1392 1358 tantum
1414 1332 1480 1358 ex-

824 1390 938 1431 cepto
960 1377 1135 1416 nomine.
1191 1377 1321 1428 Neque
1332 1377 1483 1415 cicatri-

825 1436 896 1489 ces]
933 1434 1087 1485 Inligne
1117 1430 1326 1471 foeditatis.
1380 1433 1481 1470 Nam

824 1489 925 1543 apud
945 1488 1191 1528 meretricem
1213 1486 1305 1538 quid
1322 1485 1425 1525 aliud
1434 1486 1483 1524 ci-

828 1547 985 1586 catrices
1011 1544 1168 1583 valent?
1206 1546 1304 1582 Nam
1339 1541 1484 1580 cicatri-

828 1615 891 1642 ces
918 1599 984 1640 etfi
1009 1598 1159 1650 semper
1185 1595 1373 1650 gloriosae
1399 1595 1483 1643 lint,

831 1671 914 1698 non
940 1667 1069 1695 tamen
1099 1654 1216 1693 etiam
1241 1652 1344 1704 apud
1363 1664 1485 1691 mere-

831 1715 957 1761 trices,
976 1709 1115 1762 quibus
1133 1708 1217 1761 post
1233 1709 1400 1760 pretium
1408 1706 1486 1747 for-

831 1783 894 1810 ma
928 1768 1070 1820 placet3
1099 1776 1140 1804 vt
1163 1764 1356 1804 Sallustius
1394 1775 1486 1815 quo-

812 1839 814 1841 ’
832 1838 910 1877 que
927 1823 1077 1869 fatetur,
1099 1820 1200 1860 Haec
1212 1819 1313 1872 fiant
1331 1821 1490 1858 virtutis

832 1885 871 1932 iu
886 1881 1008 1936 zgnia:
1036 1876 1347 1929 dehonestamento
1368 1888 1491 1915 tamen

835 1936 897 1990 effe
933 1936 1100 1986 corpori,
1141 1935 1302 1973 maxime
1332 1930 1492 1972 laetaba-

835 2006 914 2034 tur.
970 1994 1020 2032 D.

891 2060 947 2103 30
979 2047 1112 2099 Neque
1140 2043 1213 2085 tibi
1239 2042 1378 2098 obstat]
1411 2045 1493 2094 Qui

841 2119 864 2144 a
904 2114 945 2144 te
974 2101 1136 2153 repellat
1175 2110 1363 2139 amatores
1398 2111 1496 2141 tuos.

842 2159 955 2213 Qud
980 2157 1126 2211 quidam
1152 2155 1277 2210 fhcit]
1327 2155 1498 2207 Quidam

845 2216 949 2256 reete.
1008 2217 1107 2254 Nam
1125 2223 1166 2250 et
1185 2210 1391 2265 figuratum
1408 2223 1447 2250 et
1465 2227 1499 2250 a·

845 2283 955 2324 ptum
991 2267 1206 2308 sententiae
1233 2267 1307 2314 est,
1341 2278 1383 2306 et
1409 2281 1502 2307 con-

847 2337 1008 2368 temtum
1020 2325 1162 2363 iudicat
1172 2322 1248 2361 hoc
1259 2322 1427 2363 verbum.
1452 2327 1500 2364 D.

903 2394 952 2436 31
997 2379 1070 2421 Vbi
1094 2378 1277 2431 molestum
1314 2392 1386 2420 non
1413 2380 1502 2434 erit]

847 2439 910 2481 Ad
922 2436 1115 2489 superiora
1129 2435 1270 2482 retulit,
1283 2434 1388 2486 quod
1399 2448 1504 2474 nunc

850 2495 964 2534 dicit:
993 2491 1134 2532 scilicet
1153 2490 1213 2541 ad2
1240 2491 1334 2530 Non
1344 2490 1420 2543 sibi
1430 2491 1508 2542 soli

844 2548 1006 2604 postulat
1024 2562 1059 2588 te
1076 2551 1220 2596 viuere,
1248 2560 1283 2586 et
1299 2545 1375 2598 fica
1402 2545 1507 2598 causa

852 2606 999 2650 excludi
1019 2615 1209 2651 caeteram
1239 2616 1354 2658 neque
1356 2614 1508 2658 pugnas

964 2667 1000 2710 Α
1012 2675 1032 2702 a
1063 2672 1088 2719 ς
1425 2672 1508 2703 ηαν-
