1815 3168
665 104 993 159 ANDRIA„

1408 125 1503 174 243·

187 247 247 282 10
280 229 528 294 Colloquar.
565 225 712 277 PAM.
749 233 846 293 quis
883 228 1104 279 homo'st?
1136 248 1165 280 o
1200 232 1414 291 Charine,
1454 241 1502 288 in

144 313 146 315 '
367 316 569 370 tempore
590 304 683 369 ipso
709 307 818 352 mihi
845 306 1043 354 aduenis,

265 377 374 429 CH.
415 384 532 427 Bene
552 377 730 428 faffium.
777 377 907 432 PAM.
943 377 1176 429 audistin'?
1207 378 1305 430 CH.
1329 389 1497 436 omnia:

364 472 457 516 age,
491 472 561 502 me
583 458 629 502 in
651 458 735 503 tuis
755 455 949 522 secundis
974 457 1150 522 respice.

265 533 398 579 'Tuus
437 529 497 577 est
528 548 646 578 nunc
683 532 919 579 Chremes:
961 529 1195 588 faRurum,
1232 550 1345 599 quae
1360 536 1498 591 voles,

361 606 446 654 scio
468 603 551 654 effe
574 608 735 654 omnia.

184 816 237 850 10
264 804 479 862 colloquar]
508 802 577 850 Ms-
595 807 637 848 R.
667 805 790 847 Adibo

126 877 165 904 et
184 863 382 917 colloquar.
436 867 480 906 L.

185 921 370 960 Deleatur
395 918 492 958 illud
522 933 542 956 ο
572 929 663 959 ante
688 919 784 960 Cha-

127 977 222 1024 rine,
240 987 428 1027 tanquam
441 976 591 1015 inutile.
648 978 690 1016 B.

152 1078 156 1085 ⁸
182 1098 229 1129 11
262 1085 533 1141 Benefhftum]
566 1088 600 1126 A
621 1086 784 1141 gratula-

127 1144 239 1183 tione
266 1145 408 1197 coepit.
467 1142 621 1197 Omnia]
668 1146 782 1185 Com-

125 1199 329 1252 pendium.
386 1201 474 1253 Age,
502 1214 556 1238 me
574 1202 612 1238 in
632 1198 782 1251 tuisfi-

125 1257 253 1295 cundis
302 1253 411 1295 rebus
460 1255 615 1308 respice]
674 1258 783 1295 Haec

124 1308 212 1350 sunt
249 1322 347 1363 quae
373 1307 547 1351 absolute
582 1308 783 1350 dicuntur:

126 1377 167 1405 et
188 1365 241 1405 est
260 1367 523 1405 commonitio.
571 1368 667 1407 Sunt
676 1367 782 1406 enim

126 1423 195 1475 qui
213 1420 400 1461 felicitate
419 1419 526 1470 elati,
554 1434 606 1461 ne
624 1420 785 1474 respice·

125 1491 169 1518 re
197 1477 356 1529 quidem
384 1478 507 1516 velint
534 1478 686 1517 amicos.
734 1478 785 1518 Et

124 1535 311 1586 respicere,
338 1533 393 1572 est
409 1534 565 1585 proprie
576 1545 678 1573 retro
690 1530 783 1585 aspi-

125 1603 225 1629 cere.
279 1589 323 1629 Id
344 1588 416 1637 est,
444 1602 559 1639 quem
585 1588 782 1639 praecedis

122 1645 316 1694 felicitate,
337 1658 417 1684 non
429 1642 672 1684 obliuiscaris.
702 1647 751 1686 D.

175 1758 254 1812 Age
274 1784 284 1801 ,
330 1768 385 1796 me
408 1757 448 1795 in
477 1758 551 1795 tuis
574 1754 779 1810 ficundis]

120 1812 351 1855 Exhortatur
385 1811 579 1852 Charinus
603 1811 781 1864 Pamphi-

120 1871 212 1916 lum,
235 1879 274 1908 vt
295 1868 480 1907 auxilium
497 1867 564 1906 fibi
585 1868 777 1920 praebeat.

120 1926 166 1975 In
175 1925 370 1976 secundis,
401 1924 540 1975 inquit,
569 1923 677 1964 rebus
703 1927 777 1964 tuis

118 1981 248 2034 respice
265 1995 329 2031 me,
351 1978 468 2022 habes
487 1980 529 2018 in
550 1981 776 2032 potestatem

119 2038 315 2092 (potestate
337 2037 397 2089 Z.)
426 2034 705 2083 Chremetem,
736 2050 772 2075 o-

119 2095 225 2138 mnia
252 2092 374 2146 potest
401 2091 531 2132 facere
556 2093 642 2142 ille,
674 2107 725 2144 qu

119 2161 159 2190 tu
175 2150 293 2189 voles.
343 2147 429 2189 Post
448 2147 553 2187 hunc
574 2146 699 2188 versus
720 2147 774 2188 se-

118 2216 290 2258 quuntur
312 2206 559 2245 continentes
577 2205 680 2245 illam
693 2202 772 2244 sen-

117 2263 279 2301 tentiam
291 2292 301 2310 ,
331 2260 657 2313 quemadmodum
676 2262 772 2300 itum

115 2316 173 2357 est
189 2316 236 2356 ad
247 2315 507 2366 Chremetem,
527 2316 774 2369 quemadmo-

118 2373 214 2418 dum
240 2374 414 2412 ex6ratus
434 2372 610 2414 Charino
630 2374 772 2425 promi-

116 2427 206 2470 serit
233 2426 362 2468 filiam.
417 2428 494 2469 Sed
529 2427 600 2468 hos
631 2430 769 2469 tollen-

117 2484 188 2525 dos
206 2481 329 2523 versus
347 2481 425 2523 esse
433 2480 648 2536 persuadet,
665 2484 772 2538 quod

827 657 939 738 Q'2

1335 689 1492 736 PAM.

836 819 907 847 eat.
967 807 1008 849 Si
1025 808 1137 847 ,enim
1159 808 1239 851 aeta
1256 805 1345 849 sunt
1364 810 1430 859 ista
1457 825 1498 850 o-

835 863 944 902 mnia
961 865 1003 903 in
1014 864 1183 917 publico,
1202 867 1399 916 quomodo
1418 868 1497 908 dici

834 918 980 970 potest,
1009 922 1178 960 maxime
1198 934 1285 960 cum
1303 919 1495 975 sequatur,

832 976 897 1015 Ne
917 976 1147 1027 asparem,
1181 990 1226 1015 ne
1250 982 1386 1018 exeant
1402 979 1494 1019 huc:

832 1034 936 1071 intus
944 1031 1026 1086 desp
1031 1031 1226 1072 ondebitur
1233 1049 1248 1071 .·
1260 1034 1364 1074 Intus
1374 1048 1498 1075 trans·

832 1089 972 1142 igetur,
991 1089 1037 1139 fi
1057 1088 1151 1142 quid
1173 1087 1220 1139 est
1248 1091 1352 1142 quod
1370 1091 1492 1142 restat.

830 1145 935 1197 Ergo
961 1157 1049 1184 cum
1078 1145 1292 1197 legerimus
1311 1147 1492 1197 primum,

837 1200 938 1240 Tuus
963 1213 1056 1240 nunc
1077 1201 1268 1241 Chremes:
1284 1203 1491 1253 fac‘turum,

831 1269 926 1308 quae
943 1256 1050 1304 voles,
1068 1256 1151 1307 scio
1169 1257 1233 1308 effi·
1245 1260 1378 1307 omnia,
1398 1272 1501 1298 con-⁷

831 1312 943 1350 tinuo
964 1312 1151 1352 debemus
1169 1311 1414 1367 subiungere,
1427 1320 1493 1355 At-

833 1380 899 1419 que
937 1368 1029 1406 adeo
1057 1367 1204 1421 longum
1229 1369 1331 1408 illum
1366 1371 1492 1422 exspe-

833 1423 941 1470 c‘tare,
966 1423 1050 1462 dum
1070 1423 1276 1464 hucexeat.
1316 1428 1370 1464 Ita
1382 1427 1491 1467 enim

833 1479 1032 1531 integritas
1057 1478 1124 1518 fiet
1152 1477 1303 1526 sensus,
1334 1478 1489 1521 sublatis

831 1534 1019 1583 vei-fibus,
1048 1535 1115 1585 qui
1140 1536 1242 1576 intus
1272 1536 1377 1589 gesta
1401 1540 1492 1577 reti·

831 1589 989 1643 nebant.
1049 1589 1167 1641 Quod
1201 1604 1292 1631 vero
1318 1590 1492 1644 sequitur

829 1661 866 1683 ω.
901 1644 1093 1692 Plaudite,
1138 1646 1255 1686 verba
1285 1645 1375 1687 sunt
1401 1649 1490 1691 Cal-

830 1701 944 1752 liopii
965 1702 1048 1741 eius
1066 1703 1289 1750 recitatoris,
1312 1704 1378 1755 qui
1399 1717 1489 1746 cum

829 1755 999 1798 fabulam
1018 1756 1272 1807 terminasset,
1303 1760 1488 1801 eleuabat

827 1813 1007 1853 aulaeum
1027 1815 1187 1863 Scenae,
1208 1826 1247 1855 et
1264 1815 1487 1867 alloqueba-

828 1879 888 1907 tur
907 1869 1119 1921 populum,
1157 1871 1228 1910 Vos
1247 1872 1377 1920 valete,
1414 1887 1486 1914 vos

821 1924 1003 1978 plaudite,
1021 1924 1109 1974 siue,
1133 1923 1279 1967 fauete.
1333 1931 1377 1970 E.

877 1980 947 2020 Me
971 1983 1012 2020 iu
1038 1984 1113 2020 tuis
1127 1982 1305 2033 ficundis
1326 1983 1482 2039 respice]

822 2036 1033 2089 Sophocles
1061 2038 1204 2091 Oedip.
1231 2040 1372 2080 Colon.
1418 2042 1482 2081 εὖ,

821 2097 968 2138 δαίμονες
994 2097 1183 2141 ’γένοιο-θαι,
1212 2093 1289 2145 κᾷτ’
1314 2101 1478 2147 ἐυπςαξίᾳ

821 2153 1012 2196 Μέμνὶισθοιι
1034 2167 1089 2195 με.
1149 2150 1194 2190 L.

877 2208 950 2245 Pro
977 2205 1058 2245 hem
1079 2205 1296 2260 audistin'?]
1325 2220 1479 2261 repone

819 2259 1039 2313 {impliciter
1056 2261 1220 2314 audisti?
1273 2267 1313 2304 B.

875 2384 926 2415 12
961 2373 1063 2414 Tuus
1089 2372 1137 2425 est
1163 2386 1258 2413 nunc
1277 2374 1477 2433 Chremes]

818 2430 986 2471 Lucilius
997 2431 1038 2469 in
1057 2426 1238 2476 secundo,
1250 2430 1340 2480 (Ms.
1351 2433 1475 2478 Hulst.

818 2496 857 2525 et
866 2485 1078 2527 Lindenbr.
1090 2489 1128 2526 in
1137 2484 1327 2540 fiptimo).
1359 2488 1476 2528 Nunc

117 2538 515 2592 sequiturz‘Memini.
545 2555 654 2595 atque
677 2542 767 2583 adeo
812 2553 969 2594 praetor
991 2555 1077 2581 tuus
1097 2541 1153 2593 est,
1173 2555 1270 2583 meus
1282 2543 1327 2595 Jz
1343 2544 1474 2598 dffeqfi

117 2595 269 2654 longum
289 2594 337 2649 est
355 2594 575 2652 exspeffarss
601 2599 688 2640 dum
705 2613 770 2640 ex·
803 2598 906 2652 sirit
921 2597 1040 2640 borno
1063 2597 1234 2641 Gemilis.
1288 2602 1339 2642 D.
