1815 3168
342 138 439 199 506

709 136 861 183 ACT.
887 135 943 184 V.
986 134 1186 181 SCEN.
1223 136 1341 184 vm.

475 265 586 312 Meo
616 264 738 311 fratri
760 263 929 324 gaudeo
964 280 1158 310 amorem
1189 261 1270 310 esse
1304 280 1482 310 omnem
1512 266 1558 314 in
1590 276 1706 314 tran·-

573 340 734 402 quillo:
771 333 899 386 vna'st
920 338 1092 384 domus.

475 415 616 462 Thais
636 416 749 479 patri
771 415 810 460 sc
833 412 1159 460 commendauit
1180 415 1223 458 in
1240 413 1481 460 clientelam
1496 425 1538 461 ct
1549 414 1703 462 fidem:

380 507 442 542 10
476 489 621 538 Nobis
645 489 761 535 dedit
786 489 840 534 se.
880 492 1013 535 PAR.

570 561 616 612 C
632 582 678 610 n.
716 564 885 610 scilicet.

1047 487 1190 534 fratris
1211 490 1344 548 igitur
1369 485 1512 536 Thais
1537 490 1719 542 totasst?
1784 482 1787 486 ²

466 646 500 690 P
517 653 550 687 A
566 655 612 687 R.
649 643 742 686 Iam
768 640 854 686 hoc
878 638 1001 686 aliud
1024 635 1082 686 est
1105 637 1226 703 quod
1255 637 1542 704 gaudeamus:
1577 640 1702 689 miles

567 715 746 780 pellitur
774 714 905 761 foras.

468 791 516 840 C
534 809 583 837 H.
621 795 714 841 Tu,
734 789 865 836 frater
885 788 959 836 vbi
976 789 1051 837 vbi
1075 787 1146 842 est,
1168 789 1232 835 fac
1244 805 1373 852 quam
1384 791 1578 854 primum
1593 791 1701 837 haec

568 865 726 912 audiat.
761 868 792 909 P
811 877 838 908 A
858 877 903 913 R.
941 865 1071 911 visam
1094 864 1292 911 domum.

469 938 581 988 ΤΗ.
616 938 867 1000 Numquid,
897 939 1092 992 Gnatho,
1119 939 1303 995 dubitas,
1337 943 1445 1005 quin
1467 958 1551 1003 ego
1578 958 1699 989 nunc

563 1023 784 1080 perpetuo
803 1013 1042 1078 perierim?

393 1244 416 1286 3
449 1237 617 1276 Amorem
666 1232 730 1287 effi}
768 1247 906 1274 omnem
951 1233 992 1274 in

331 1293 550 1347 tranquillo]
582 1295 702 1338 Bene,
716 1294 757 1329 in*
779 1289 991 1343 tranquillo,

331 1353 423 1403 quia
449 1347 544 1389 inari
572 1358 611 1386 et
638 1346 926 1398 tempestatibus
955 1360 992 1385 a·

329 1409 455 1446 micae
480 1403 672 1444 mobilitas
701 1414 740 1442 et
767 1402 991 1442 instabilitas

329 1477 414 1502 com
420 1471 580 1513 paratur.
621 1459 684 1500 Sic
693 1461 826 1498 Horat.
840 1461 988 1507 (Carm.

327 1533 365 1566 1,
397 1533 442 1573 5,
473 1520 528 1571 5.)
569 1514 736 1567 Simplex
763 1515 988 1556 munditiis?

330 1576 397 1614 heu
425 1575 567 1627 quoties
591 1569 704 1622 fidem
741 1570 988 1623 Mutatosqae

329 1633 414 1671 deos
438 1628 570 1682 flebit:
608 1641 644 1666 et
677 1626 806 1679 aspera
844 1627 986 1683 Nigris

327 1700 486 1741 aequora
509 1685 630 1723 ventis
665 1681 904 1723 Emirabitur
930 1685 988 1722 in-

317 1744 457 1795 fidens,
489 1742 567 1797 Qi
587 1753 622 1780 te
642 1739 801 1791 fruitur
820 1739 989 1779 credulus

326 1813 449 1843 tam-ea,
472 1798 546 1838 &ez
613 1796 695 1835 Vna
742 1794 788 1845 est
834 1796 982 1850 domus]

326 1855 414 1895 Post
433 1851 652 1904 Pamphilae
672 1852 834 1902 nuptias.
879 1854 927 1891 D.

340 1925 341 1928 ¹
380 1909 519 1950 Faerni
551 1906 652 1952 libri·
672 1916 710 1945 et
737 1906 984 1945 nosti-icom-

323 1966 491 2019 probant
508 1963 614 2008 hunc
634 1961 814 2007 ordinem
826 1993 835 2011 ‚
865 1961 926 2014 effi
944 1975 982 2001 a·

321 2037 462 2062 morem
484 2032 633 2060 emnem.
690 2019 731 2057 B.

376 2092 402 2132 9
435 2075 549 2117 Thais
567 2074 669 2128 patri
691 2072 735 2124 fi
755 2073 983 2119 commenda-

319 2136 396 2189 uit]
449 2136 538 2173 Hoc
586 2130 640 2171 est
684 2128 790 2179 quod
832 2129 982 2181 profuit

318 2190 543 2233 Phaedriae.
597 2186 640 2225 In
666 2184 867 2225 clientelam
886 2198 921 2224 et
933 2185 983 2236 fi-

318 2247 417 2300 dem]
451 2242 676 2288 elimatam,
700 2251 738 2279 vt
748 2252 918 2281 ametur:
940 2244 981 2281 in

310 2306 434 2357 fidem,
455 2312 493 2351 vt
516 2295 772 2347 defendatu1·3',
819 2300 868 2339 D.

369 2360 539 2402 Primum
556 2353 673 2394 nostri
692 2352 803 2395 codd.
827 2366 976 2402 omnes,

315 2426 469 2469 praeter
484 2425 616 2458 vnum,
635 2408 791 2458 habent,
807 2409 921 2454 Thais
931 2409 976 2460 st

307 2474 416 2525 patri
427 2485 441 2507 :
471 2468 595 2519 reiiffi
624 2476 665 2507 vt
677 2465 739 2505 vel
749 2462 830 2517 ipso
844 2478 977 2510 accen-

313 2540 354 2568 tu
373 2524 561 2580 personae
591 2522 757 2574 dignitas
784 2522 976 2574 intelliga-

313 2596 386 2624 tur.
441 2579 600 2623 Deinde
617 2579 867 2630 inter-punge,
879 2590 971 2616 com-

311 2638 519 2681 mendauit:
549 2638 588 2675 in
622 2633 823 2674 clientelam
852 2647 891 2674 et
921 2632 971 2687 ft.

312 2698 391 2739 dem
410 2694 549 2736 Nobis.
577 2689 649 2734 d.s.
703 2693 745 2732 B.

1590 1095 1697 1141 GN.

1100 1246 1152 1278 10
1179 1234 1331 1276 Fratris
1359 1236 1477 1290 igitur
1502 1234 1622 1276 Thais*
1641 1250 1699 1276 to-

1040 1304 1083 1332 ta
1103 1291 1204 1346 est?]
1236 1295 1344 1331 Bene
1362 1291 1481 1330 Tota:
1509 1303 1548 1330 vt
1575 1305 1628 1331 ne
1646 1305 1696 1332 ex

1039 1359 1151 1400 parte
1170 1348 1329 1399 quidem
1346 1346 1391 1386 sit
1411 1348 1552 1387 militis.
1581 1351 1629 1398 D.

1096 1415 1144 1445 11
1167 1404 1283 1444 Miles
1293 1403 1442 1456 pellitur
1444 1403 1575 1458 foras]
1598 1407 1696 1444 Sunt

1038 1458 1180 1513 gaudia
1207 1473 1255 1498 ex
1278 1459 1415 1499 nostris
1443 1459 1577 1499 bonis:
1609 1457 1697 1498 sunt

1037 1516 1180 1568 gaudia
1208 1529 1256 1554 ex
1282 1516 1443 1557 aliorum
1464 1517 1592 1565 malis,
1623 1515 1695 1554 ho-

1034 1572 1146 1611 stium
1179 1583 1243 1611 aut
1269 1572 1535 1611 inimicorum.
1590 1575 1694 1624 Ergo

1037 1638 1245 1679 Vtrumque
1291 1641 1417 1681 genus
1463 1627 1694 1681 gaudiorum

1038 1684 1264 1736 complexus
1283 1683 1348 1723 est.
1401 1686 1450 1725 D.
1609 1699 1613 1706 ¹

1093 1740 1207 1780 Miles
1220 1739 1372 1793 pellitur
1387 1739 1523 1794 jbras]
1553 1736 1623 1779 Ms.
1646 1741 1691 1780 R.

1029 1795 1199 1850 pelletur.
1252 1800 1292 1836 L.

1090 1853 1251 1892 Pelletur
1279 1864 1416 1890 omnes
1445 1849 1556 1889 codd.
1582 1863 1692 1902 prae·

1031 1917 1091 1946 ter
1111 1918 1283 1958 quatuor,
1307 1906 1474 1952 habem3
1495 1905 1577 1945 satis
1598 1919 1688 1944 con-

1032 1964 1168 2009 cinne,
1200 1973 1240 2001 et
1259 1962 1306 2001 ad
1325 1959 1474 2001 sensum
1494 1959 1690 2001 numeros-

1031 2030 1109 2070 que
1128 2029 1227 2069 apte.
1284 2020 1324 2057 B.

1088 2085 1138 2116 12
1173 2073 1299 2128 Vzsam
1310 2074 1469 2128 domum]
1500 2072 1687 2114 Benedo-

1028 2131 1083 2169 mi
1103 2131 1297 2181 quaeritur
1320 2142 1466 2168 amator
1494 2128 1686 2169 exclusus:

1030 2199 1121 2224 nam
1142 2199 1274 2237 neque
1292 2186 1390 2235 ruri,
1419 2198 1550 2238 neque
1569 2186 1612 2225 in
1630 2184 1688 2225 fo·

1029 2256 1072 2281 ro
1094 2241 1159 2281 est.
1215 2244 1263 2281 D.

1085 2309 1134 2350 13
1165 2297 1346 2349 Perpetuo
1353 2297 1546 2351 perierim]
1578 2297 1685 2348 Quia

1025 2352 1123 2392 illud
1149 2354 1284 2406 periisse
1310 2351 1439 2404 supra,
1471 2353 1685 2404 temporale

1026 2409 1239 2449 videbatur.
1284 2409 1390 2462 Quin
1411 2424 1476 2463 ego
1496 2418 1686 2461 nuncper-
1733 2433 1738 2437 -

1021 2476 1131 2517 petuo
1144 2467 1334 2520 perierim]
1366 2467 1446 2506 Hie
1472 2467 1548 2504 iam
1568 2464 1682 2504 militi

1022 2535 1154 2572 neque
1175 2518 1367 2561 sei-mendi
1390 2523 1547 2568 amicae,
1568 2531 1680 2573 vtap»

1022 2589 1142 2630 paret,
1161 2578 1370 2629 praebetur
1388 2579 1509 2617 locus.
1567 2579 1616 2616 D.

1073 2635 1185 2674 Soiuss
1198 2634 1405 2674 Bembinus
1425 2633 1508 2686 post
1530 2630 1680 2688 Gnatho

1020 2691 1123 2732 τεᾶς»
1146 2689 1263 2729 babet
1284 2704 1338 2731 tu.
1391 2694 1433 2734 B.
