1815 3168
527 143 1055 191 HEAVTONTIM.

1369 152 1461 197 571

100 284 103 287 ’
167 293 191 339 5
234 276 317 320 Cui
339 273 402 320 nil
424 275 509 318 iam
532 280 706 335 praeter
729 270 925 333 pretium
939 259 1124 315 dulce'st.
1164 261 1249 312 CL
1266 278 1280 312 1
1298 277 1347 312 T.
1383 260 1467 313 Cli-

331 351 416 394 nia.
462 343 508 392 C
525 359 551 391 L
567 359 583 391 1
600 360 650 391 N.
690 346 728 390 ei
750 345 905 390 misero
920 342 1052 390 mihi!

232 421 280 472 C
294 437 349 470 ω
363 436 410 469 Τ.
447 422 753 479 Εῑίειτηςειυεε,
780 435 837 465 ne
860 416 1002 466 videat
1022 417 1134 462 forte
1159 415 1262 461 hine
1281 425 1323 464 te
1347 434 1369 462 a
1390 433 1468 482 pa·

333 508 400 543 tre
423 495 577 559 aliquis
600 494 774 541 exiens?

233 569 351 620 CLI
365 584 416 617 N.
456 573 651 618 Faciam:
684 569 755 616 sed
774 568 915 615 nescio
936 566 1043 631 quid
1064 562 1268 631 profe9co
1293 566 1403 612 mihi
1429 583 1468 612 a·

333 649 480 694 nimus
506 646 716 711 praesagit
736 644 851 690 mali.

235 720 352 772 CLI
367 736 420 769 T.
457 719 632 782 Pergin’
658 720 762 768 istuc
780 720 904 784 prius
928 717 1186 770 diiudicare,
1221 732 1352 781 quam
1379 716 1470 774 scis,

338 797 446 861 quid
468 799 561 845 veri
580 792 689 848 fiet?

239 870 288 922 C
299 886 327 920 L
339 874 423 919 sN.
458 873 504 919 Si
526 871 588 917 nil
610 871 712 918 mali
726 867 850 929 esset&
863 872 948 916 iam
963 870 1034 915 hic
1048 864 1248 914 adeffent.
1287 863 1372 914 CL
1388 881 1405 914 1
1419 880 1472 915 Τ.

336 950 423 995 iarn
444 946 641 1012 adelgunt.
677 943 723 995 C
736 958 764 993 L
777 959 794 993 1
808 959 858 995 N.
894 944 1070 1010 quando
1096 942 1202 990 istuc
1223 944 1336 990 erit?

107 1183 176 1217 ter,
203 1170 302 1208 cuius
338 1167 385 1209 ub
398 1170 554 1221 imperio
577 1166 636 1220 est,
654 1167 769 1222 mala]

106 1225 244 1265 Subdit
270 1240 337 1274 ea,
383 1238 485 1276 quae
515 1236 660 1277 augent
691 1226 772 1264 ani-

106 1295 227 1329 mum,
248 1280 294 1319 ad
313 1280 353 1320 id
374 1279 634 1329 credendum,
663 1281 770 1320 vide-

108 1338 213 1384 licet,
234 1337 333 1375 locus
346 1367 355 1385 ‚
388 1342 478 1387 quia
498 1333 640 1374 seilicet
659 1337 709 1375 est
731 1336 772 1373 in

111 1394 153 1432 in
174 1404 221 1431 eo
238 1392 335 1440 loco,
366 1392 434 1430 vb’r
448 1392 546 1429 aliae
564 1389 648 1429 suut
667 1402 772 1442 petu-

109 1448 254 1492 lantes,
283 1458 322 1485 et
344 1447 437 1486 ideo
465 1448 702 1499 contagione
720 1445 773 1485 sa-

111 1503 193 1542 cilis
211 1501 335 1552 lapsus
357 1503 420 1542 est.
466 1503 773 1553 Occqf10,vtc01·-

110 1569 322 1609 rumpatur,
342 1560 432 1610 quia
441 1555 618 1606 formosa,
631 1568 670 1596 et
680 1558 771 1596 mul-

113 1615 161 1653 tis
189 1614 293 1654 forte
318 1614 532 1653 iuuenibus
552 1615 708 1665 placens
732 1625 773 1651 ac

110 1681 217 1710 nota.
276 1671 398 1718 Aetas,
420 1671 510 1721 quia
531 1670 716 1708 iuuenilis
735 1679 774 1708 et

111 1727 208 1764 flore
247 1727 460 1765 iuuentutis
490 1726 639 1774 nitens,
675 1738 775 1776 quae

111 1783 347 1834 plerumque
382 1781 526 1820 lubrica
562 1781 627 1820 est.
685 1781 775 1820 Ma-

110 1851 180 1883 ter,
203 1836 386 1889 cuiusfitb
407 1839 557 1890 imperio
580 1835 638 1888 est,
659 1837 769 1874 mala.

96 1894 288 1934 -quemaL
308 1895 403 1944 (Sat.
422 1906 484 1942 vl,
512 1895 625 1943 240.)
664 1891 773 1932 Scili-

99 1962 168 1989 scet
201 1948 401 2002 exspec‘Jes,
430 1961 475 1987 vt
502 1948 633 1988 tradat
658 1961 775 1986 mater

113 2005 275 2056 honestos
287 2034 297 2051 ,
328 2007 409 2044 Aut
419 2004 651 2054 aliosmores,
666 2017 774 2056 quam

113 2074 209 2115 quos
235 2061 373 2100 habet?
403 2061 493 2099 vtis:
513 2072 630 2112 porro
659 2059 775 2099 Filio-

113 2118 188 2157 lam
210 2120 312 2168 ειη-ρι’
331 2117 474 2156 vetulae
480 2116 688 2169 producere
698 2129 774 2155 tur-

62 2174 65 2177 ’
111 2183 206 2228 pem.
268 2175 314 2214 C.

173 2241 195 2279 ς
225 2230 298 2268 Hei
308 2228 416 2282 mihi]
448 2229 534 2276 Hei,
549 2226 774 2266 datiuoiun-

119 2286 229 2336 gitur.
274 2289 328 2325 Vt
339 2286 447 2337 Virg.
469 2286 590 2335 (Aen.
604 2297 650 2330 11,
662 2285 774 2335 274.)

118 2341 192 2379 Hei
210 2340 311 2388 mihi,
334 2342 455 2393 qualis
475 2353 566 2379 erat.
621 2340 775 2378 chve-

117 2408 172 2442 m,
191 2394 419 2435 accusatiuo:
453 2406 492 2434 vt
511 2393 605 2433 alibi
624 2397 772 2434 Teren-

120 2452 205 2496 tius,
231 2452 312 2489 Heu
331 2466 383 2490 me
401 2451 582 2502 mfirum.
640 2453 694 2492 C:

158 2510 182 2548 6
197 2510 265 2546 Pro
277 2507 357 2545 hInc
368 2521 503 2546 omnes
516 2505 672 2546 codd.et
682 2505 770 2545 edd.

117 2573 208 2601 vett.
238 2562 339 2602 reete
362 2559 514 2601 ’habent
543 2563 613 2602 hic.
671 2566 771 2602 Nam

118 2634 139 2658 a
154 2630 250 2670 patra
280 2631 359 2656 uon
380 2618 434 2657 est
450 2633 473 2658 a
489 2631 589 2669 mCO,
610 2615 674 2658 sed
690 2628 770 2672 tuo,

118 2674 280 2716 Menedt,
306 2688 372 2714 no.
429 2677 470 2715 B.

1413 1035 1475 1068 10

875 1178 903 1220 7
931 1164 1039 1205 Mihi
1055 1166 1194 1203 animus
1201 1161 1391 1217 praefitgit
1402 1175 1478 1202 ma-

820 1224 866 1273 li]
898 1222 958 1262 Sic
978 1220 1060 1259 fieri
1083 1216 1291 1263 consueuit,
1317 1229 1365 1263 vt,
1385 1231 1481 1269 quo-

821 1280 893 1318 ties
931 1275 1077 1327 aliquid
1107 1272 1389 1325 exspeeamus,
1417 1286 1481 1312 ea

824 1343 1024 1373 occurrant
1044 1331 1170 1382 potius
1189 1343 1287 1381 quae
1306 1340 1482 1369 mentem

824 1389 989 1429 nostram
1009 1387 1056 1425 ad
1069 1385 1318 1438 cogitandum
1331 1384 1482 1437 aliquid

822 1445 911 1484 mali
935 1442 1098 1482 trahant.
1162 1443 1207 1482 C.

877 1508 898 1549 8
933 1498 1079 1553 l’ergin’
1101 1495 1188 1548 istuc
1205 1495 1325 1548 prius]
1354 1493 1482 1537 Perse-

823 1569 930 1596 ueras
957 1566 1049 1593 ante
1075 1551 1146 1591 hoe
1174 1552 1273 1603 quafi
1298 1564 1401 1591 certo
1423 1553 1483 1590 iu-

825 1612 926 1651 dicio
950 1622 1106 1658 tenere,
1136 1622 1250 1660 quam
1276 1605 1366 1646 scias
1388 1608 1480 1660 quid

823 1670 865 1708 in
885 1679 976 1706 vero
998 1664 1052 1704 fit.
1110 1668 1153 1704 E.

878 1726 949 1762 Pro
971 1721 1047 1772 scis
1076 1721 1151 1773 leg.
1181 1733 1266 1758 cum
1287 1719 1424 1758 nostris
1442 1729 1483 1758 et

825 1778 912 1818 edd.
935 1788 1021 1817 vett.
1029 1775 1144 1827 fiius.
1207 1777 1321 1824 Hinc,
1340 1786 1379 1814 vt
1398 1788 1484 1815 ver·

822 1833 882 1874 sus
901 1831 1028 1886 poscit,
1048 1835 1127 1871 veri
1146 1842 1248 1870 muta
1264 1832 1306 1870 in
1325 1833 1390 1871 rei.
1419 1829 1482 1873 Cf.

823 1889 923 1929 infra
943 1903 1003 1936 lv,
1025 1900 1064 1941 7,
1085 1899 1121 1929 2.
1180 1889 1220 1926 B.

879 1958 904 1999 9
933 1944 1092 1999 Qando
1123 1942 1209 1994 rstuc
1225 1943 1356 1998 erit?]
1386 1947 1482 1985 Non

824 2001 948 2053 potest
976 1999 1133 2039 credere
1154 2012 1202 2038 ex
1224 2000 1346 2039 nimia
1370 1996 1485 2051 suspi-

825 2059 939 2097 cione
958 2067 1159 2095 venturam
1179 2056 1354 2094 amicam.
1386 2055 1437 2096 C.

880 2112 921 2152 Si
949 2111 1047 2151 nihil
1069 2112 1158 2149 mali
1176 2110 1271 2162 cffit]
1299 2109 1363 2151 Ad
1389 2124 1483 2150 con·

823 2167 1062 2220 sequentiam
1082 2176 1354 2219 argumentum
1376 2165 1483 2218 cepit

824 2239 873 2264 ex
903 2238 968 2272 eo,
999 2222 1105 2274 quod
1127 2235 1209 2261 non
1231 2222 1330 2262 redit
1349 2221 1482 2263 mifl'us

824 2278 966 2319 seruus.
1027 2280 1145 2319 Certa
1180 2277 1295 2325 mihi,
1337 2279 1477 2330 inquit,

826 2334 981 2386 suspicio
1010 2334 1085 2381 est,
1122 2333 1226 2372 illam
1249 2332 1327 2373 effe
1354 2347 1481 2374 corru-

824 2404 946 2442 ptam:
967 2403 1057 2429 nam
1072 2390 1133 2428 hic
1145 2387 1329 2429 adessent.
1349 2389 1484 2444 Quan-

822 2449 868 2487 do
890 2446 977 2498 zstuc
995 2446 1110 2498 erist]
1141 2446 1237 2484 mud
1249 2447 1354 2486 enim
1375 2447 1481 2498 quod

822 2504 927 2550 dixit,
947 2503 1026 2540 Iam
1043 2502 1212 2548 aderunt,
1240 2501 1313 2540 hoc
1334 2505 1481 2542 amanti

822 2559 970 2598 tardum
982 2557 1055 2597 est:
1077 2556 1329 2608 ideoadiecit‚
1350 2558 1482 2614 Qan-

821 2616 868 2656 do
891 2614 982 2667 lstuc
1000 2615 1102 2655 eric?
1158 2614 1199 2654 E.
1437 2614 1442 2617 ”

1399 2670 1481 2711 Iam
