1815 3168
511 164 513 166 ·
552 139 1084 185 HEAVTONTIM.

1391 140 1487 199 639

258 265 352 316 So.
389 268 600 314 Minime:
637 265 706 311 sed
739 274 828 310 erat
860 264 932 311 hic
955 263 1182 310 Corinthia
1212 281 1343 318 anus,
1381 265 1491 312 haut

355 345 549 406 impura:
591 343 629 387 ei
653 338 753 386 dedi

257 417 590 483 Exponendam.
633 412 741 461 CH.
780 432 807 461 o
830 413 1055 480 Iuppiter!
1093 423 1312 460 tantamne
1334 411 1415 462 effe
1438 416 1485 463 in

356 494 501 538 animo
531 490 770 537 inscitiam?

259 564 355 615 So.
395 561 534 617 Perii!
573 565 678 629 quid
703 581 785 625 ego
810 566 924 610 feci?
961 560 1067 610 CH.
1104 563 1299 623 rogitas?
1336 560 1420 609 So.
1456 562 1488 611 fi

357 644 549 706 peccaui,
573 644 635 688 mi
658 640 882 692 Chremes,

258 717 447 764 Insciens
478 717 573 763 feci.
618 714 724 764 CH.
760 714 805 760 id
832 714 1035 777 equidem
1063 730 1168 774 ego,
1206 712 1236 758 fi
1267 723 1317 760 tu
1338 729 1488 774 neges,

358 803 476 837 certo
501 792 597 844 scio,

159 887 220 918 20
256 873 328 915 Te
358 867 631 918 inscientem,
665 876 793 929 atque
814 864 1163 930 imprudentem,
1197 864 1339 912 dicere
1362 880 1409 910 ac
1433 863 1491 911 fa-

355 958 452 988 cere
478 943 647 988 omnia:

259 1022 355 1065 Tot
392 1027 565 1080 peccata
596 1019 642 1062 in
674 1017 752 1063 hac
783 1033 832 1063 re
864 1015 1066 1063 ostendis.
1111 1029 1237 1068 nam,
1284 1017 1372 1061 iam
1401 1017 1491 1081 pri-

359 1109 497 1144 mum,
524 1090 554 1136 fi
578 1108 727 1137 meum

256 1169 506 1232 Imperium
527 1167 696 1231 exsequi
716 1163 938 1221 voluisses)
971 1169 1246 1214 interemtam
1269 1167 1491 1231 oportuit:

1379 1246 1491 1288 Non

130 1344 328 1387 Acidatius
354 1342 513 1395 quidem
539 1341 586 1382 ad
606 1346 782 1383 Patercu-
818 1343 935 1396 stitia
972 1343 1027 1383 est
1058 1343 1279 1397 ignorantia
1300 1342 1493 1394 quaedam

131 1402 210 1442 lum
232 1400 465 1453 corrigebat:
487 1401 546 1438 sic
557 1399 780 1449 estfizc'tum:

130 1458 299 1497 Domina
312 1470 388 1510 03²0,
400 1456 508 1494 herus
517 1456 646 1494 damno
658 1457 783 1496 aut-‘tus

131 1512 188 1564 est.
246 1512 319 1552 Etsi
345 1511 447 1550 'haec
482 1512 701 1551 conieftura
731 1511 785 1550 est

130 1565 334 1622 ingeniosa
345 1581 352 1605 :
364 1568 559 1619 periclitor
572 1579 703 1607 tamen
714 1582 784 1606 no·

132 1639 220 1664 uam
241 1624 384 1672 aleam‚'
404 1634 442 1662 et
462 1631 635 1676 repono:
665 1623 789 1675 Sustu-

133 1680 215 1732 listi.
247 1680 284 1720 S.
318 1682 378 1720 Sic
404 1679 450 1729 est
467 1679 635 1731 fizc‘tum:
663 1684 788 1720 minor

132 1750 216 1790 ergo
258 1735 367 1775 herus
399 1736 531 1774 damno
569 1738 696 1778 auc‘lus
732 1735 789 1788 cst.

131 1795 261 1832 Herus
282 1793 407 1829 minor
429 1791 482 1831 est
501 1791 689 1843 Clitipho,
722 1793 790 1844 qui

132 1849 265 1898 vtique
286 1845 414 1886 sorore
431 1848 591 1886 inuenta
601 1848 788 1887 mactaba-

132 1915 196 1943 tur
214 1902 312 1942 dotis
331 1903 414 1941 eins
443 1902 598 1942 damno.
656 1905 720 1944 Sic
740 1904 791 1942 vi-

134 1960 246 1999 detur
262 1955 398 2011 legisse
414 1958 668 2011 Eugraphius¹>
695 1963 737 2000 B.

195 2016 244 2056 16
264 2015 368 2053 Haut
385 2015 551 2069 impura]
583 2016 792 2056 Commen-

135 2072 237 2111 datio
265 2067 454 2122 personae
480 2073 540 2109 cui
569 2071 656 2110 data
678 2084 793 2123 expo·

135 2127 288 2167 nenda:
320 2139 372 2165 ne
384 2125 573 2167 Chremes
592 2127 638 2166 ab
660 2141 703 2166 ea
724 2129 792 2166 im-

137 2183 282 2235 pudice
306 2181 424 2222 filiam
452 2182 652 2222 educatam
680 2181 793 2234 suspi-

135 2249 256 2277 cetur.
310 2238 492 2290 Impurus,
519 2239 572 2277 est
593 2241 724 2289 aliquo
744 2240 797 2277 vi-

138 2295 194 2333 tio
214 2295 439 2333 maculatus:
469 2306 507 2333 et
517 2295 725 2346 aliquando
739 2295 794 2334 di-

140 2351 237 2389 citur
254 2350 450 2401 improbus.
514 2353 561 2391 C.

201 2417 251 2455 17
292 2408 326 2444 0
342 2406 556 2461 Iuppiterl]
589 2406 796 2447 Terribilis

140 2462 369 2500 exclamatio
390 2460 498 2510 senis,
517 2463 719 2514 postquam
733 2476 796 2501 au-

139 2517 236 2555 diuit
260 2516 376 2556 filiam
407 2520 496 2557 anui
526 2519 653 2558 datam
682 2532 799 2570 expo«

139 2572 323 2611 flendam.
388 2574 545 2614 Tantam
575 2575 699 2629 ineffe]
732 2572 795 2615 rfa-

136 2634 242 2671 λειψις
262 2629 315 2668 est
333 2642 435 2680 quae
451 2630 561 2669 datur
580 2633 695 2678 iratis,
715 2629 795 2670 sub-

137 2685 291 2724 auditur
326 2687 436 2724 decet.
494 2686 700 2740 lusatiam]
737 2687 795 2729 ἢν

833 1413 972 1440 rerum.
1027 1403 1112 1448 Hic,
1146 1411 1184 1438 vt
1204 1398 1389 1451 proderet
1407 1395 1444 1437 se
1464 1399 1494 1436 i-

835 1455 939 1510 psam
956 1457 1066 1495 alteri
1087 1457 1128 1494 in
1160 1454 1353 1503 facinore,
1385 1453 1493 1505 quod

835 1512 1100 1552 celatislimum
1120 1508 1196 1551 esse
1215 1511 1388 1550 deberet.
1417 1511 1462 1551 C.

869 1560 873 1565 ⁴
896 1577 943 1618 18
977 1570 1011 1613 C
1026 1581 1065 1607 Η.
1096 1567 1277 1621 Rogitas]
1307 1564 1376 1606 ΜΓ.
1391 1569 1433 1607 R.
1455 1576 1494 1605 et

837 1635 928 1664 vett.
953 1623 1064 1663 codd.
1091 1626 1170 1665 Cn.
1187 1625 1241 1662 At
1254 1623 1422 1678 rogitas?
1451 1625 1494 1661 L.

894 1680 992 1721 Cod.
1016 1681 1191 1731 plerique
1208 1707 1217 1724 ,
1257 1692 1296 1717 at
1315 1676 1496 1733 rogitas?

838 1736 945 1788 quod
981 1735 1034 1776 est
1072 1736 1225 1775 maioris
1259 1734 1497 1788 indignatio-

838 1794 910 1832 nis.
969 1795 1009 1832 B.

896 1860 947 1901 19
994 1846 1157 1898 Insciens
1182 1847 1283 1900 feci]
1330 1845 1497 1885 Prudens

842 1904 896 1943 est
915 1906 981 1955 qui
1000 1904 1262 1957 intelligentia
1280 1899 1342 1941 sna
1354 1901 1499 1953 aliquid

840 1958 974 2000 sentit:
993 1959 1126 2010 sciens,
1149 1959 1215 2010 qui
1227 1958 1386 1997 alicuius
1397 1959 1435 1997 in
1442 1958 1501 1996 di-

842 2018 902 2055 cio
941 2029 1024 2055 rem
1053 2012 1262 2068 cognoscit.
1322 2015 1498 2061 Prudens,

841 2087 912 2125 per
929 2070 1025 2111 sese:
1053 2069 1383 2122 Sciens,peralios.
1423 2072 1501 2111 Cu-

839 2131 899 2168 ius
921 2129 1152 2167 contrarium
1178 2126 1350 2177 insciens,
1384 2137 1422 2164 et
1449 2125 1502 2167 est

842 2185 909 2236 qui
927 2185 1081 2237 ignorat
1097 2195 1167 2222 reS.
1224 2185 1273 2223 Et
1290 2183 1502 2234 imprudens

842 2241 909 2292 qui
929 2253 1010 2278 non
1030 2239 1225 2278 delectum
1247 2237 1363 2279 habet
1380 2238 1505 2277 bono-

843 2310 928 2335 rum
952 2306 990 2334 et
1011 2296 1210 2334 malorum.
1263 2295 1422 2346 Insciens
1437 2296 1501 2347 j?-

842 2352 894 2405 ci]
926 2351 1101 2392 Venialis
1120 2350 1245 2390 status.
1299 2351 1346 2390 C.

896 2410 1005 2460 Lege
1031 2420 1117 2445 cum
1145 2405 1224 2445 solo
1240 2406 1432 2447 Bembino
1450 2405 1503 2444 E-

845 2464 988 2517 quidem
1006 2476 1086 2518 eg0,
1109 2459 1236 2502 versus
1258 2462 1376 2504 causa.
1407 2468 1447 2506 B.

901 2532 953 2561 22
992 2520 1188 2571 Imperium
1214 2518 1380 2575 eafiqui]
1426 2520 1505 2560 Pri-

845 2589 950 2614 mum
961 2577 1071 2626 ponit
1083 2578 1400 2627 peccaturn,quod
1413 2590 1524 2617 con-i

847 2642 903 2671 tra
926 2632 1091 2679 edifihtm
1111 2628 1217 2674 sunm
1234 2630 1382 2675 fecerit.
1440 2638 1505 2677 In-

1428 2707 1501 2733 ter-
