1815 3168
464 138 994 185 HEAVTONTIM.

1310 151 1406 199 559

178 269 236 313 Et
257 265 372 311 illam
395 262 517 310 simul
541 280 643 310 cum
664 265 829 311 nuncio
851 263 932 311 tibi
957 260 1037 310 hic'
1052 278 1135 324 ego
1159 264 1407 314 adfuturam

275 340 406 386 hodie
426 339 525 385 scio.

174 418 308 463 Proin
328 425 377 460 tu
396 413 725 460 sollicitudinem
747 412 869 460 istam
888 415 1044 467 falsam,
1070 430 1181 477 quae
1203 424 1246 460 te
1259 431 1405 464 excru-

273 492 354 536 ciat
364 525 377 541 ,
415 491 573 535 mittas.

175 559 280 614 CH.
316 565 510 617 Quicum
530 565 726 627 loquitur
752 561 899 610 filius?

113 656 140 704 ς
178 636 282 687 CL.
322 643 446 685 Pater
457 638 583 692 adest,
605 656 737 704 quem
758 639 902 687 volui:
935 638 1078 687 adibo.
1116 642 1254 693 Pater,
1274 657 1406 706 opor·

271 725 377 760 tune
399 712 594 764 fiduenis.
615 712 617 714 ¹

174 788 282 838 CH.
322 789 442 842 Quid
457 790 500 835 id
525 787 616 834 est?
651 786 752 837 CL.
775 790 896 838 hunc
914 757 1232 837 Menedemum
1245 786 1403 840 nostin’

269 862 467 909 nostrum
490 864 711 910 vicinum?
746 861 854 913 CH.
888 866 1045 931 probe.
1158 885 1159 888 ¹

169 934 269 984 CL.
310 940 432 985 Huic
465 937 604 984 filium
636 939 711 986 scis
744 939 857 988 effe?
902 938 1010 991 CH.
1061 940 1210 989 audiui
1242 938 1324 989 effe
1354 943 1404 990 in

270 1011 382 1058 Afia.
428 1009 527 1060 CL.
562 1032 655 1061 non
676 1014 748 1069 est,
775 1028 923 1082 pater:

170 1088 308 1153 Apud
328 1106 410 1135 nos
439 1088 513 1134 est.
552 1085 659 1136 CH.
692 1092 800 1154 quid
819 1092 909 1139 ais?
940 1088 1038 1141 CL.
1079 1092 1402 1149 aduenientem,

266 1180 293 1210 e
315 1166 419 1210 naui
438 1165 749 1226 egredientem,
773 1168 877 1216 ilico

37 1339 198 1384 mendat
215 1340 384 1381 officium
403 1338 530 1390 suum,
561 1355 614 1382 ne
639 1342 693 1383 νὶ-

39 1399 174 1439 deatur
195 1396 325 1450 nescio·
342 1411 458 1449 quem
470 1397 694 1450 adolescen-

39 1455 164 1494 tulum
183 1450 381 1505 recepiffe,
413 1464 451 1493 vt
466 1455 604 1493 merito
621 1455 693 1493 hoc

40 1507 210 1550 effeciffe
245 1510 422 1550 declaret.
476 1512 601 1550 Sumit
626 1508 697 1564 igi-

37 1576 103 1605 tur
126 1565 356 1614 exordium,'
383 1566 487 1617 quod
506 1578 698 1606 commen-

37 1621 104 1660 dat
122 1620 404 1662 adolescentem
420 1620 488 1660 fibi
509 1623 600 1661 olim
620 1623 697 1661 iarn

39 1675 153 1718 fuiffe
172 1679 385 1731 cognitum,
410 1687 454 1715 ae
471 1675 510 1716 se
525 1679 696 1717 coactum

40 1732 210 1772 amicitia
240 1743 330 1772 eum
358 1731 565 1785 recepifl‘e:
604 1733 695 1773 ideo

41 1789 193 1838 adiecit,
227 1790 331 1828 Nam
356 1789 450 1828 mihi
468 1803 548 1828 cum
565 1803 604 1828 eo
623 1804 696 1828 ma·—

36 1858 113 1903 gna
124 1859 168 1885 ex
183 1848 343 1896 pueritia
353 1845 615 1894 familiaritas.
646 1850 690 1886 E.

95 1898 233 1940 Versus
263 1900 316 1940 est
344 1899 557 1945 trochaicus
585 1911 693 1941 tetra-

37 1952 163 1998 ''meter
188 1957 454 1996 acatalefflcus.
511 1960 551 1997 Β.

91 2024 117 2054 2
162 2011 244 2052 Tibi
277 2012 336 2051 hic
361 2024 429 2067 ego
467 2011 688 2066 affitturam]

38 2069 85 2109 In
110 2069 220 2110 V.‹C2
248 2070 475 2110 omittuntur
499 2068 586 2120 ista,
617 2070 693 2110 Hic

38 2137 116 2180 ege.
167 2127 208 2165 L.

96 2180 237 2231 Verlga,
257 2180 329 2221 Hic
352 2192 427 2237 ego,
449 2190 536 2221 cum
546 2178 695 2220 versum

41 2235 287 2287 perturbent,
333 2247 372 2276 et
405 2237 525 2276 abfint
552 2251 573 2277 a
606 2237 694 2276 cod.

42 2294 137 2344 Reg.
174 2301 213 2330 et
238 2303 370 2332 vetere
398 2292 694 2347 Lindenbrogii,

43 2345 213 2386 delenda
237 2346 315 2388 effe
333 2347 479 2389 censeo.
535 2352 578 2390 B.

99 2414 122 2455 3
152 2401 442 2446 Sollicitudinem
468 2403 592 2460 istam]
621 2407 696 2445 Be·

43 2471 98 2498 ne
118 2457 405 2508 sollicitudinem
440 2460 562 2501 dixit:
603 2475 695 2502 nam

31 2512 254 2564 sbllicitudo
293 2516 346 2556 est
380 2527 481 2569 quae
516 2515 696 2557 inhaeret

43 2569 241 2667 xrfengbus
255 2571 516 2668 όΙὸΙΙὶςῑταιὶο,
528 2585 627 2628 quae
643 2572 692 2615 ab

44 2639 121 2667 aro
174 2637 202 2671 t.
296 2657 304 2668 .

1248 1241 1404 1294 Addu—'

797 1344 948 1394 Mittas,
968 1355 1036 1395 pro
1047 1346 1210 1396 omittas,
1229 1356 1405 1397 compro·

740 1396 852 1440 batur
872 1399 1058 1440 consensu
1070 1402 1184 1441 codd.
1211 1413 1250 1440 et
1272 1399 1402 1442 versus

744 1455 804 1498 hic
823 1454 952 1495 similis
969 1456 1095 1506 primo
1114 1457 1289 1496 efficitur.
1316 1461 1356 1497 B.

798 1524 826 1564 4
852 1509 991 1551 Versus
1009 1512 1223 1552 trochaicus
1234 1513 1402 1552 dimeter

746 1567 994 1607 catalecticus
1054 1571 1096 1608 Β.

801 1626 827 1664 6
863 1621 1000 1662 Versus
1031 1635 1068 1663 et
1096 1623 1208 1663 codd.
1235 1623 1402 1674 probant

744 1679 858 1735 Qid
875 1679 918 1718 id
935 1677 1016 1731 est?
1044 1692 1114 1732 pro
1133 1680 1237 1733 Quid
1254 1679 1328 1731 est?
1357 1683 1400 1719 B.

797 1745 826 1788 7
855 1735 1015 1782 Audiui,
1044 1738 1084 1774 in
1103 1739 1191 1787 Asta
1219 1735 1300 1789 qffi‘]
1328 1737 1403 1775 Re·-

745 1788 804 1830 &a
829 1786 1065 1830 eiuscemodi
1091 1791 1145 1832 est
1175 1793 1297 1845 oratio
1329 1801 1401 1841 per·

744 1844 954 1886 infinitum.
1007 1851 1106 1887 Nam
1145 1860 1228 1886 non
1262 1848 1403 1886 Latine

743 1902 902 1950 dicitur,
943 1903 1086 1942 Audiui
1123 1903 1224 1956 quod
1249 1903 1292 1942 in
1314 1900 1401 1954 Asta

741 1957 799 2009 est.
824 1997 827 1999 ,
854 1960 901 1999 C.

794 2008 1014 2066 Distingue‚
1040 2014 1172 2054 audiui
1190 2014 1271 2066 effi:
1302 2014 1403 2054 ind*

733 2068 806 2122 fia.
861 2067 1086 2110 Praesertim
1109 2080 1196 2109 cum
1227 2071 1269 2108 in
1293 2069 1401 2109 libris

742 2134 836 2165 vett.
867 2124 1007 2165 'Faemi
1025 2124 1106 2178 effi,
1135 2125 1401 2178 ponaturpost
1452 2177 1455 2178 ⁷

745 2180 845 2233 Asta.
903 2184 944 2221 Β.
1334 2204 1338 2206 ἡ

799 2244 821 2285 8
854 2237 966 2289 Apud
990 2249 1057 2276 nos
1082 2234 1147 2290 est]
1185 2236 1321 2284 Reor),
1361 2244 1402 2277 ‘et

743 2303 828 2331 non
844 2305 952 2345 penes
969 2305 1046 2332 nos.
1103 2294 1201 2332 Nam
1215 2300 1324 2345 'penes
1333 2306 1401 2333 nos

745 2347 792 2400 est
812 2347 996 2400 quicquid
1014 2362 1036 2386 a
1055 2347 1169 2387 nobis
1181 2348 1398 2400 poffidetur,

744 2414 783 2444 et
810 2405 851 2443 in
872 2403 1000 2444 nostra
1026 2403 1213 2455 potestate
1237 2403 1312 2453 est,
1345 2415 1396 2453 vt,

737 2469 848 2513 penes
868 2461 1077 2512 Principem
1083 2459 1187 2511 salus
1204 2459 1327 2511 nostra
1341 2454 1399 2512 est,

743 2515 784 2555 id
805 2515 868 2564 est,
900 2515 1044 2554 in·eius
1065 2515 1265 2569 potestate.
1285 2513 1402 2572 ἲςζιίιέ

743 2570 858 2626 ais?]
887 2573 1108 2625 Interrogat
1134 2571 1176 2610 id
1206 2573 1311 2624 quod
1338 2587 1404 2611 aua

744 2627 841 2683 diuit
860 2626 1170 2684 admirabundus,
1198 2641 1330 2682 neque
1347 2628 1403 2666 sa-

1325 2686 1400 2722 cii«=
