1815 3168
594 89 1008 140 EVNVCHVS.

1385 99 1480 151 351

244 228 469 272 Praeterea
491 222 646 274 forma,
673 230 717 266 et
743 229 856 266 aetas
878 212 1041 283 ipsa’st,
1077 215 1200 263 facile
1222 227 1270 264 vt
1286 235 1372 289 pro
1392 221 1479 265 Eu-

342 298 491 344 nucho
514 295 692 360 probes,
755 313 760 316 ·

245 370 353 421 CH.
394 374 516 419 Dixti
537 371 743 436 pulchre:
776 383 1006 431 nunquam
1026 367 1113 416 vidi
1137 366 1293 413 melius
1314 367 1478 416 confili-

343 464 420 495 um
442 446 547 493 dari.

150 533 214 586 85
251 528 371 584 Age,
407 540 555 570 eamus
586 523 727 570 intro:
762 537 883 568 nunc
917 520 1005 565 iam
1038 535 1146 565 orna
1180 534 1276 574 me,
1324 517 1480 571 abduc,

348 599 445 652 duc,
466 608 679 661 quantum
699 607 841 662 potes.

246 672 384 723 PAR.
424 673 546 728 Quid
568 670 693 734 agis?
723 670 895 718 iocabar
925 667 1143 731 equidem.
1184 663 1291 717 Cn.
1327 671 1481 729 garris.

342 747 378 795 P
397 762 489 797 AR.
521 751 648 813 perii,
673 746 781 812 quid
802 763 885 806 ego
908 746 979 805 egi
1002 740 1162 789 miser?

248 829 355 880 Quo
374 822 546 872 trudis?
582 823 821 889 perculeris
844 823 932 867 iam
964 830 1015 867 tu
1047 835 1133 867 me.
1173 817 1254 866 tibi
1277 817 1482 884 equidem

348 899 459 953 dico,
491 915 637 950 mane.

115 1132 157 1162 vt
173 1122 215 1161 in
234 1120 402 1160 numeris
413 1129 452 1159 et
463 1116 670 1174 generibus
679 1118 775 1160 haec

117 1177 353 1230 pronomina
379 1175 530 1216 infinita
554 1176 640 1216 fint.
696 1177 776 1217 Ne-

116 1233 272 1287 quescit
291 1235 356 1285 qui
362 1230 452 1286 stes]
483 1236 570 1272 Hoc
589 1232 652 1281 est,
672 1233 778 1284 quod

119 1289 232 1340 supra
268 1287 406 1327 callide
440 1291 558 1327 Poeta
589 1288 779 1340 praestru-

119 1344 189 1384 xit.
241 1347 291 1384 D.

177 1401 305 1452 Neque
310 1398 408 1454 fiit]
439 1402 487 1441 V.
502 1397 670 1449 C.sciet.
696 1402 738 1441 L.

180 1463 230 1507 83
266 1456 419 1503 Forma,
439 1483 441 1486 ψ
465 1468 567 1495 oetas
601 1454 677 1507 ipstz
713 1453 779 1508 est]

119 1511 248 1559 Deest,
269 1513 310 1549 in
325 1525 371 1550 te.
425 1509 547 1550 Facile
566 1524 609 1549 vt
626 1523 697 1563 pro
713 1511 781 1549 Eu-

121 1567 241 1607 nucho
261 1565 409 1621 probes]
439 1569 616 1606 Formam
643 1562 782 1605 scilicet

123 1635 164 1662 et
206 1633 382 1662 aetatem.
438 1622 610 1661 Formam
628 1652 638 1670 ‚
689 1623 780 1672 quia

123 1678 288 1730 pulcher
297 1690 337 1716 es
352 1693 359 1717 :
388 1692 553 1726 aetatem,
566 1678 653 1730 quia
665 1674 781 1728 ephe·

122 1734 213 1773 bus.
276 1732 396 1774 Facile
428 1748 469 1773 vt
501 1746 571 1787 pro
605 1733 778 1772 Eunucho

110 1789 274 1844 probes]
307 1788 465 1839 Prohes,
494 1789 627 1842 fingas,
665 1799 781 1840 atque

121 1843 370 1898 persuadeas:
401 1857 440 1885 vt
470 1846 511 1883 in
539 1841 781 1883 consuetudi-

122 1915 179 1941 ne
209 1901 389 1950 dicimus,
431 1902 555 1941 Homo
570 1900 780 1956 ficrilegus

121 1969 191 2012 pro
213 1959 403 1996 innocente
418 1958 465 2009 fi
484 1958 673 2010 probaui?¹
731 1961 782 1998 Et

126 2015 289 2064 Cicero,
324 2015 408 2053 Hoc
433 2026 476 2053 tu
500 2013 557 2052 his
581 2011 782 2066 probabis?

123 2072 261 2121 Itaque
279 2068 386 2108 deest
405 2082 457 2118 te,
488 2070 592 2120 quod
612 2066 783 2108 subaudi-

127 2136 248 2164 amus.
270 2125 368 2173 vtfit‚
378 2137 453 2178 pro
464 2122 642 2165 Eunucho
652 2138 687 2164 te
695 2137 784 2178 pro-

128 2178 203 2220 bes.
266 2178 422 2236 Probes]
461 2185 512 2221 Vt
550 2184 673 2233 (Aen.
711 2194 778 2228 1v,

129 2236 274 2289 401.)‚
301 2237 519 2292 Migrantes
537 2251 675 2278 cernas.
703 2241 784 2276 Aut

127 2291 284 2344 probes,
311 2292 544 2343 persuadeas.
599 2296 648 2334 Et
675 2291 785 2331 simul

133 2344 310 2398 honeste,
343 2363 426 2389 non
444 2349 550 2398 dixit,
579 2344 684 2401 quod
705 2358 786 2387 erat

132 2405 291 2452 re'cffum‚
324 2415 362 2443 vt
377 2405 610 2446 Eunuchum
633 2404 785 2456 probes,

134 2457 200 2497 sed
211 2472 280 2510 pro
287 2461 477 2500 Eunucho
490 2477 498 2501 :
529 2475 582 2502 ne
592 2458 685 2502 effet
698 2472 788 2501 con—

134 2512 378 2555 tumeliosum
393 2519 436 2556 in
454 2515 683 2559 Chaeream.
709 2519 757 2557 D.

186 2573 234 2610 In
261 2571 346 2611 cod.
375 2574 421 2613 C.
441 2573 485 2614 C.
514 2574 703 2624 reperitur
728 2585 789 2611 ae-

139 2638 196 2668 ms
215 2626 292 2680 ipsiu
303 2641 350 2669 es.
382 2629 488 2671 Hinc
497 2627 789 2676 emendandum

1383 974 1484 1018 Cn.

822 1128 932 1172 puto,
942 1130 1062 1159 aetate
1072 1112 1146 1168 ipso}
1155 1128 1191 1157 es
1200 1130 1217 1160 ;
1234 1125 1274 1155 vt
1283 1113 1385 1157 And.
1401 1127 1434 1165 1,
1449 1127 1483 1163 1,

823 1188 891 1230 95.
950 1177 1045 1215 Erat
1059 1175 1194 1227 forma
1213 1171 1356 1224 honesta
1377 1182 1415 1213 et
1438 1172 1484 1211 li-

825 1232 954 1272 heroli⁴
1009 1233 1049 1270 Β.

885 1295 934 1339 85
967 1287 1082 1326 Nunc
1091 1286 1166 1324 iam
1176 1298 1271 1325 orna
1282 1283 1355 1338 me]
1386 1287 1486 1325 Hor-

828 1344 950 1382 tatiue
982 1344 1117 1392 (Forte
1135 1342 1212 1393 leg.
1234 1342 1408 1380 ornatiue
1425 1341 1487 1392 Z.)

829 1412 922 1437 orna
943 1395 1061 1435 dixit:
1090 1410 1175 1434 non
1204 1393 1395 1447 despolia,
1421 1406 1488 1434 aut

830 1465 932 1494 exue
971 1465 1047 1491 me.
1111 1450 1268 1505 Abduc]
1318 1450 1487 1492 Abduci·

828 1523 914 1549 mur
937 1507 1043 1547 vnde
1067 1508 1264 1547 volumus:
1297 1508 1488 1547 Ducimur

830 1579 906 1617 quo
928 1564 1101 1602 volumus
1122 1563 1232 1615 (vid.
1252 1559 1362 1613 supra
1373 1564 1421 1602 ad
1433 1576 1485 1610 11,

828 1635 868 1667 2,
891 1622 990 1674 350.
1045 1617 1238 1669 Quantum
1254 1618 1375 1672 potes]
1407 1621 1488 1658 De-

829 1673 902 1725 est,
933 1677 1005 1713 cito
1033 1678 1178 1727 (Leges
1208 1675 1255 1714 Id
1279 1673 1344 1725 cst,
1388 1676 1488 1714 cito:

829 1733 903 1781 vel>
925 1729 1016 1781 deest
1034 1733 1210 1780 tantum).
1267 1732 1315 1769 D.

881 1786 1073 1839 Quantum
1094 1786 1221 1840 potes]
1251 1788 1300 1827 V.
1331 1786 1377 1826 C,
1402 1795 1490 1838 pot-

826 1857 845 1882 e
878 1874 886 1883 .
940 1847 985 1884 L.

838 1842 989 1952 stLege
1023 1908 1064 1937 et
1092 1896 1310 1951 distingue,
1335 1898 1415 1953 Age
1433 1912 1492 1937 ea·

831 1969 910 1995 mus
938 1959 1041 1995 intro
1072 1967 1166 1993 nunc
1184 1960 1279 1993 iam:
1310 1968 1402 1992 orna
1420 1968 1489 2003 me,

832 2011 971 2059 abduc,
1021 2010 1111 2058 duc,
1150 2022 1324 2063 quantum
1359 2009 1490 2063 potest.

831 2071 934 2108 Vett.
954 2067 1063 2106 enirn
1075 2066 1186 2105 codd.
1198 2065 1370 2113 Fabricii,
1382 2069 1491 2106 Bem⁴

831 2119 950 2162 binus
972 2132 1010 2161 et
1034 2118 1169 2162 Noster
1189 2122 1322 2174 paffim
1343 2120 1492 2160 habent

825 2178 954 2233 potest.
1010 2181 1051 2218 B.

889 2237 941 2284 86
970 2233 1228 2288 QidwagisP]
1258 2229 1492 2275 Callideser-

834 2305 905 2330 uus
925 2304 1010 2329 non
1029 2290 1109 2328 vult
1129 2287 1167 2328 se
1185 2290 1379 2329 auehi-em
1390 2288 1494 2328 vide·

836 2344 869 2386 ri
886 2347 984 2385 tanti
1002 2343 1198 2385 facinoris.
1254 2348 1304 2386 D.

892 2410 944 2456 87
980 2401 1068 2456 Qo
1117 2401 1291 2455 trudis?]
1338 2399 1496 2443 Comici

836 2456 991 2510 semper
1017 2471 1064 2497 ea
1090 2457 1299 2497 ostendunt
1334 2456 1419 2498 fieri
1444 2457 1495 2496 ab

836 2515 957 2553 altero
977 2513 1099 2553 verbis
1118 2512 1273 2553 alterius
1294 2511 1495 2565 personae,

836 2584 938 2623 quae
967 2568 1115 2614 ostendi
1147 2582 1217 2621 per
1247 2567 1288 2610 se
1313 2567 1393 2622 ipsa
1412 2580 1495 2607 non

1383 2635 1496 2676 pote·
