1815 3168
567 103 975 148 EVNVCHVS.

1347 116 1437 170 387

208 234 331 277 Dum
354 228 498 274 redeat
521 226 622 291 ipsa.
659 224 768 275 CH.
803 227 915 273 nihil
936 230 1097 275 minus.
1133 227 1227 278 ΡΥ.
1261 251 1352 288 cur,
1378 240 1439 284 mi

315 305 521 350 Chremes
533 305 555 347 P

113 369 177 442 3⁹0
210 377 306 428 Cn.
340 380 502 424 Malam
531 395 625 424 rem
652 378 755 425 hinc
785 376 903 424 ibis?
940 378 1036 429 ΡΥ.
1073 378 1104 426 fi
1137 379 1243 428 istuc
1270 385 1328 430 ita
1352 401 1439 435 cer-

306 449 452 500 tum'st
478 453 570 506 tibi,

206 529 392 581 Amabo,
416 541 462 574 vt:
483 529 583 574 illuc
607 527 803 580 transeaS,
825 528 898 574 vbi
918 499 1050 576 illa'st.
1089 528 1135 578 C
1150 545 1199 577 H.
1235 548 1306 579 eo.

206 604 244 653 P
260 618 305 652 Υ.
344 604 445 657 Abi,
468 606 639 655 Dorias,
664 603 892 651 cito‘hunc
916 603 1081 651 deduce
1103 605 1156 653 ad
1177 608 1378 655 militem.

146 748 454 803 AGTVS
514 707 845 798 ‘rERTu
897 749 1211 815 VSCENA
1263 712 1366 821 iv,

571 837 936 881 ANTIPHO.
1199 873 1207 878 r

204 970 308 1085 H
331 994 354 1022 ιε
384 993 415 1021 n
446 993 466 1021 1
522 975 688 1041 aliquot
717 975 1025 1025 adolescentuli
1068 978 1237 1029 coimus
1276 981 1326 1029 in
1368 984 1443 1032 Pi.-

440 1067 558 1105 rato,

124 1263 177 1305 29
208 1250 315 1290 Dum
346 1249 471 1290 redeas
498 1250 596 1305 ipfiz]
626 1248 723 1304 Ipfiz,

72 1308 137 1347 vel
169 1306 343 1353 domina,
380 1307 442 1345 vel
466 1305 545 1358 ipsa
574 1307 625 1346 de
653 1319 730 1357 qua

74 1363 210 1416 agitur.
276 1361 388 1401 Nihil
416 1363 562 1413 minus]
612 1361 732 1401 Deest

65 1421 223 1472 faciam.
277 1420 327 1458 D.

131 1487 184 1527 30
213 1472 357 1513 Malam
390 1485 466 1511 rem
490 1472 575 1511 hinc
603 1470 731 1526 ibis?]

61 1530 161 1570 *Hoc
173 1528 446 1568 aduerbialiter
458 1527 574 1567 dixit:
598 1541 733 1580 quem-

77 1584 289 1624 admodum
331 1584 492 1623 dicimus
507 1612 516 1630 ,
568 1584 732 1623 Domum

74 1641 159 1680 ibis.
217 1643 265 1680 Et
294 1650 452 1691 apparet
476 1639 586 1679 illum
613 1653 731 1678 manu

43 1702 51 1707 ”
74 1697 216 1736 ῐῑιὲὶιιηι
245 1693 352 1744 effe,'
383 1696 449 1747 qui
476 1693 525 1734 fic
551 1694 730 1743 irascitur,

75 1753 166 1803 quia
178 1750 447 1804 dixithrhias,
461 1752 546 1797 Cur,
560 1754 610 1790 mi
622 1751 731 1791 Chre-

73 1810 173 1847 mes?
204 1805 305 1858 quali
327 1807 439 1856 dicat,
461 1809 541 1848 Cur
557 1820 665 1847 meus
680 1806 729 1845 fic

72 1863 300 1916 indignatus
359 1861 416 1901 est
471 1860 730 1902 adolescens?

70 1933 164 1967 nam
184 1918 230 1957 ab
256 1930 304 1956 eo
325 1917 433 1969 quod
454 1917 508 1958 est
524 1932 633 1968 meus,
666 1930 732 1957 vo-

75 1976 220 2014 catinus
237 1975 289 2013 mi
308 1972 409 2013 facit.
466 1975 519 2015 D.

128 2031 274 2070 Contra
308 2028 477 2078 versum,
519 2030 730 2086 BembInus

75 2086 160 2125 cod.
191 2096 230 2124 et
246 2088 423 2126 Donatus
443 2087 583 2126 Faerni
611 2086 732 2125 habet

77 2141 168 2181 abis.
227 2143 268 2180 B.

131 2208 179 2250 31
211 2195 374 2245 Amabo,
409 2210 453 2237 vt
485 2197 570 2237 illuc
592 2198 732 2249 tranfi-

76 2265 138 2299 as,
167 2250 229 2289 vbi
247 2254 309 2292 illa
328 2251 391 2307 est]
425 2254 530 2294 Vide
549 2268 631 2294 non
653 2251 731 2293 effe

79 2303 250 2354 otiosum,
274 2308 378 2359 quod
397 2312 530 2350 omnia
553 2321 730 2362 praeten-

77 2372 115 2402 ta
140 2361 225 2401 sunt
248 2365 395 2414 potius,
433 2379 550 2418 quam
579 2380 640 2405 res
659 2367 730 2406 im-

78 2430 242 2472 portuna
261 2417 378 2468 fieret,
402 2432 441 2460 vt
459 2422 505 2461 ad
519 2424 652 2464 Militis
665 2422 731 2461 do-

79 2487 185 2513 mum
233 2473 420 2516 Chremes
462 2478 729 2518 deduceretur.

79 2533 220 2580 Neque
242 2531 348 2569 enim
372 2531 443 2571 hoc
462 2535 733 2574 -conueniebat

82 2583 268 2636 personae
287 2586 470 2629 Bacchiali
481 2590 729 2644 (Bacchanali,

1377 1136 1444 1182 <In

779 1250 867 1292 edd.
888 1253 1025 1306 vett.):
1056 1253 1243 1305 quoniam
1263 1265 1328 1296 ant
1345 1256 1445 1298 infia-

781 1318 930 1354 cetum,
968 1319 1007 1347 et
1033 1320 1188 1359 praeter
1219 1308 1345 1361 vsum‚
1375 1323 1442 1353 aut

778 1364 1060 1413 importunum:
1089 1363 1182 1403 ideo
1210 1364 1286 1404 hoc
1313 1365 1442 1419 ipsum

780 1418 928 1456 Doriae
971 1421 1179 1469 praecepit.
1257 1421 1308 1461 Vt
1355 1422 1444 1463 illua

779 1472 947 1524 transitus
966 1476 1030 1514 vbi
1048 1473 1110 1513 illa
1122 1475 1185 1526 est]
1217 1479 1271 1518 Vt
1282 1476 1444 1521 breuem

781 1529 887 1567 viam
921 1527 1221 1579 demonstraret,
1251 1545 1335 1572 non
1365 1548 1440 1584 eas,

781 1582 846 1623 sed
882 1584 1070 1634 trarfi’as,
1108 1586 1219 1625 dixit.
1273 1588 1442 1645 Amabo]

781 1640 1002 1679 Interiefflo
1021 1640 1076 1681 est
1086 1642 1272 1684 amantis:
1300 1643 1444 1687 flever-

781 1694 875 1734 bum
895 1692 1014 1735 sonat.
1071 1699 1122 1737 D.

834 1763 888 1805 32
916 1751 1064 1790 Deduce
1090 1753 1142 1791 ad
1166 1753 1335 1804 militem]
1363 1753 1437 1800 Ms.

778 1811 819 1848 R.
853 1807 984 1846 Deduc
1001 1808 1052 1846 ad
1070 1809 1230 1848 militem.
1285 1813 1326 1851 L.

834 1864 950 1902 Reeie
970 1861 1087 1901 nostri
1101 1863 1192 1903 libb.
1206 1879 1342 1906 omnes
1353 1881 1442 1909 cum

779 1916 870 1961 edd.
897 1929 989 1962 vett.
1019 1919 1146 1962 deduc.
1177 1931 1217 1960 vt
1237 1922 1349 1973 alibi,
1377 1923 1442 1964 ab·

780 1974 862 2014 duc.
919 1977 958 2014 B.

780 2039 783 2041 “
813 2080 817 2085 .
840 2042 860 2072 1
895 2030 992 2070 Heri
1017 2031 1165 2085 aliquot
1183 2032 1444 2084 adolefientult:

781 2089 918 2127 coimus
950 2089 992 2126 in
1013 2088 1163 2136 Piraeo]
1192 2091 1237 2128 In
1258 2088 1333 2128 hoc
1353 2105 1440 2142 pro-

781 2143 918 2194 loquio
938 2142 1142 2182 insinuatio
1157 2142 1344 2196 personae
1355 2148 1440 2186 eius
1496 2180 1501 2181 γ

780 2198 847 2245 est,
869 2199 930 2238 cui
951 2208 1170 2239 narraturus
1188 2200 1438 2252 estChaerea,

781 2267 881 2305 quae
913 2269 936 2294 a
964 2252 1003 2293 se
1039 2254 1122 2307 post
1146 2257 1313 2297 Scenam
1338 2256 1438 2298 facia

779 2309 878 2350 sunt.
929 2311 998 2350 Fit
1035 2320 1162 2351 autem
1200 2310 1273 2351 hoc
1300 2315 1440 2366 populi

780 2364 908 2416 causa,
939 2376 979 2407 vt
1004 2363 1189 2417 speaator
1209 2369 1362 2409 auribus
1379 2383 1440 2409 ac-

779 2423 915 2474 cipiat,
954 2422 1059 2474 quod
1097 2422 1284 2465 subiicere
1316 2426 1437 2465 oculis

778 2482 899 2520 Poeta
932 2491 1015 2518 non
1052 2480 1187 2531 potuit.
1245 2480 1340 2521 Heri
1369 2483 1440 2522 ali·

780 2546 873 2588 quot
910 2534 1179 2586 adolefiemuli]
1236 2538 1344 2577 Bene
1382 2539 1439 2576 in-

778 2600 900 2633 uenta
927 2589 1093 2687 {ersolla
1116 2591 1185 2641 est,
1223 2594 1282 2633 cui
1308 2603 1437 2632 narret

888 2649 916 2690 B
982 2661 1008 2694 2
1313 2648 1441 2691 Cha-a-
