1815 3168
309 155 443 186 xxvx
579 141 666 184 DE
699 141 909 185 TRAG.
944 141 1036 185 ET
1073 141 1397 187 COMOED.

311 262 456 300 storum
476 259 772 311 vicinorumque
790 259 951 312 praesidi
972 264 1073 308 Deo,
1094 260 1312 302 constructis
1331 263 1404 302 aris
1421 263 1460 302 in
1480 260 1673 302 honorem

311 318 474 356 diuinae
494 318 547 355 rei
571 316 714 355 circum
738 319 889 357 Atticae
909 319 1023 365 vicos,
1045 318 1150 356 villas
1163 313 1189 366 ζ’
1205 331 1347 370 pagos,
1378 329 1417 358 et
1435 320 1603 370 compita
1625 321 1674 371 5)

310 373 449 413 festum
479 385 633 411 carmen
665 371 873 412 solenniter
899 384 1120 413 cantarent:
1159 386 1238 413 orta
1271 373 1324 414 est
1355 376 1569 416 Comoedia
1600 375 1672 413 ἀπὸ

311 431 378 467 τῶν
398 432 512 474 κωμῶν
531 431 590 466 καὶ
617 432 680 472 ττῆς
703 431 787 472 ω’δῆς
809 429 1017 480 compulito
1037 430 1224 479 nomine,
1254 430 1313 468 vel
1343 431 1412 469 ἂπό
1437 435 1481 470 τέ
1509 435 1672 478 κωμάζειν

310 495 367 524 xx}
395 484 504 534 ἔδειν,
541 484 644 535 quod
676 484 747 532 est,
779 484 1023 524 contestatum
1049 486 1107 524 ire
1128 497 1334 526 cantantes.
1366 486 1471 538 quod
1501 501 1522 526 a
1541 488 1672 526 Poetis

306 540 456 582 solenni
479 540 555 586 die,
582 541 640 579 vel
659 542 846 580 amatorie
867 540 1153 580 lal'ciuientibus
1177 541 1301 586 choris
1331 544 1486 583 comicis
1505 556 1582 581 non
1607 542 1671 581 ab·

308 596 462 637 surdum
490 597 553 635 est
609 599 741 647 ltaque
772 608 810 637 it
842 610 990 645 r·‚e1um
1019 599 1071 636 ita
1103 597 1222 636 etiam
1247 604 1465 648 temporum
1501 596 1672 650 ipsorum

307 666 448 704 coepto
470 652 608 691 ordine
627 653 849 706 Tragoedia
870 654 996 704 primo
1017 653 1162 705 prolata
1182 650 1258 693 effe
1279 652 1528 708 cognoscitur.
1570 657 1671 694 Nam

307 720 348 749 vt
367 709 413 747 ab
432 708 584 746 incultis
605 719 645 746 et
663 707 753 748 feris
779 708 949 747 moribus
973 710 1152 759 paulatim
1173 722 1405 774 peruentum
1425 709 1479 749 est
1496 709 1543 749 ad
1565 724 1673 750 man·

305 764 397 805 suet
399 764 564 809 idinem,
605 763 791 816 vrbesque
808 763 859 803 lu
851 776 893 803 π
913 765 1116 813 conditae,
1149 776 1188 804 et
1207 766 1282 804 vita
1300 767 1673 817 miti01·atqu·e·0tio-

305 820 379 861 fior
408 820 601 872 procellit:
641 821 694 859 ita
720 833 779 859 res
810 822 977 873 tragicae
1012 822 1132 874 longe
1161 833 1250 860 ante
1280 823 1441 861 comicas
1472 823 1669 862 inuentae.

308 877 503 928 Quamuis
538 887 664 914 autem
700 888 801 916 retro
836 877 954 927 prisca
985 878 1230 916 voluentibus
1261 880 1473 930 reperiatur
1501 876 1673 931 Thespis

304 932 554 985 Tragoediae
581 933 725 983 primus
745 935 951 971 inuentor:
983 945 1021 974 et
1041 933 1283 975 Comoediae
1312 936 1452 974 veteris
1471 945 1578 985 pater
1595 938 1671 975 Eu·

305 990 405 1040 polis
433 1002 521 1027 cum
540 990 712 1034 Cratino,
734 987 1072 1041 Aristoplianeque
1098 987 1174 1029 effe
1196 990 1353 1029 dicatur.
1407 992 1601 1030 Homerus
1621 1001 1672 1028 ta-

303 1057 422 1087 men,
456 1045 520 1094 qui
544 1043 628 1083 fere
655 1046 781 1083 omnis
811 1046 991 1085 Poeticae
1018 1046 1244 1099 largiffimus
1262 1045 1351 1085 fons
1370 1047 1442 1093 est,
1475 1048 1589 1085 etiam
1612 1046 1671 1085 his

304 1101 539 1147 carminibus
561 1102 740 1152 exempla
768 1101 956 1152 praebuit,
978 1113 1018 1140 et
1038 1103 1141 1140 velut
1159 1102 1325 1154 quadam
1346 1101 1494 1141 suorum
1508 1116 1672 1153 operum

299 1157 398 1210 lege
421 1154 677 1208 praescripsit:
708 1159 771 1207 qui
791 1157 949 1196 Iliadem
968 1158 1083 1198 instar
1102 1158 1359 1211 'si-agoediae,
1392 1156 1601 1210 Odyffeam
1623 1157 1671 1197 ad

301 1213 517 1266 imaginem
540 1213 781 1255 Comoediae
801 1211 933 1252 feciss'e
949 1214 1191 1253 monstratur.
1250 1217 1347 1254 Nam
1367 1214 1449 1264 post
1469 1215 1573 1252 illius
1595 1215 1672 1253 tale

303 1281 532 1320 tantumque
553 1268 855 1317 documentum,
888 1268 935 1307 ab
957 1269 1263 1322 ingeniosissimis
1282 1270 1536 1309 imitatoribus
1556 1282 1594 1309 et
1612 1270 1670 1308 di-

300 1325 407 1379 gesta
438 1323 519 1362 sunt
548 1325 588 1362 in
617 1325 817 1372 ordinem,
847 1336 885 1363 et
913 1324 1032 1365 diuisa
1059 1339 1122 1375 ea,
1155 1340 1256 1377 quae
1275 1327 1393 1364 etiam
1421 1337 1500 1364 tum
1519 1336 1670 1366 temere

300 1381 565 1421 stribebantur
589 1379 713 1418 adhuc
741 1381 938 1429 impolita,
971 1391 1088 1432 atque
1114 1382 1156 1420 in
1189 1381 1274 1432 ipfis
1302 1381 1530 1419 rudimentis
1550 1381 1671 1420 haud·
1704 1391 1708 1393 ’

303 1450 517 1487 quaquam,
553 1435 745 1487 rt·postea
771 1434 866 1474 facta
898 1433 1002 1481 sunt,
1033 1437 1175 1476 decora
1194 1448 1310 1488 atque
1331 1437 1468 1476 laeuia.
1524 1442 1577 1478 At
1595 1449 1669 1476 nos

302 1508 368 1543 ea,
400 1505 502 1543 quae
524 1493 682 1543 proprie
705 1491 755 1530 de
771 1492 996 1545 Tragoedia
1027 1492 1192 1532 dicenda
1221 1491 1328 1541 sunt,
1355 1494 1466 1532 titulo
1486 1492 1668 1544 propoliti

302 1549 431 1601 operis
451 1548 654 1594 instantes,
684 1548 725 1586 in
748 1548 822 1587 alia
843 1559 1016 1611 tempora
1039 1546 1283 1588 differamus:
1313 1559 1351 1588 et
1375 1549 1425 1588 de
1443 1549 1502 1588 his
1531 1548 1670 1588 fabulis

300 1607 378 1645 iim
397 1606 613 1667 loquamur,
634 1617 725 1654 quas
746 1605 957 1643 Ίειθητῐυε
975 1606 1142 1644 imitatus
1165 1605 1230 1644 est.
1280 1605 1489 1669 ..Ροίὶςυᾶηι
1507 1605 1669 1645 demon

280 1660 477 1713 ¹strandae
507 1661 669 1707 orioiniz
704 1657 813 1698 causa
842 1661 892 1698 de
925 1658 1116 1712 Vtriusque
1148 1662 1307 1714 generis
1337 1661 1452 1700 initio
1481 1661 1670 1701 diximus:

279 1716 281 1718 ’
302 1716 407 1771 quod
429 1712 583 1754 necefle
604 1714 689 1755 est
680 1728 754 1754 iam
778 1715 963 1758 dicemus.

418 1772 538 1812 CoM
551 1785 579 1812 o
595 1784 622 1810 E
638 1785 662 1810 D
680 1788 692 1810 1
709 1785 737 1810 A
772 1770 858 1810 fere
883 1782 1012 1820 vetuS,
1043 1782 1083 1811 vt
1108 1769 1186 1822 ipsa
1207 1785 1364 1823 quoque
1383 1774 1475 1811 olim
1494 1775 1665 1825 Tragoe-

302 1829 385 1877 dia,
414 1827 574 1879 simplex
592 1839 745 1867 caimen
765 1828 1144 1879 (quemadmodum
1136 1842 1210 1867 iam
1231 1829 1421 1881 diximus)
1440 1827 1529 1867 fuit:
1561 1827 1668 1880 quod

302 1886 441 1924 chorus
478 1884 577 1921 circa
608 1897 688 1922 aras
717 1881 911 1923 fumantes
937 1897 1044 1922 nunc
1072 1883 1271 1934 spatiatus,
1314 1898 1416 1924 nunc
1446 1884 1666 1933 consistens,

302 1954 408 1981 nunc
426 1939 641 1979 reuoluens
655 1952 792 1993 gyros,
824 1953 910 1978 cum
940 1940 1104 1979 tibicine
1130 1939 1373 1980 concinebat.
1431 1940 1509 1981 Sed
1538 1942 1665 1992 primo

299 2012 378 2038 vna
403 1993 565 2048 persona
594 1993 789 2034 substituta
810 1995 864 2034 est
892 1995 1130 2045 cantoribus,
1163 2009 1261 2051 quae
1283 1994 1524 2048 respondens
1554 1998 1666 2036 alter-

301 2055 362 2095 nis
385 2052 526 2098 choro,
559 2051 809 2102 locupletauit
829 2051 1068 2104 variauitque
1087 2065 1170 2091 rem
1200 2052 1390 2091 muficam.
1421 2064 1503 2091 tum
1522 2054 1669 2102 altera,

300 2122 381 2149 turn
410 2109 539 2155 tertia,
572 2118 611 2145 et
639 2107 688 2147 ad
715 2107 948 2160 postremum
969 2106 1162 2149 crescente
1184 2121 1369 2157 numero,
1397 2122 1468 2160 per
1493 2109 1664 2154 auctores

300 2163 487 2212 diuersos,
522 2161 733 2215 personae,
765 2164 910 2215 pallae,
940 2164 1139 2211 cothurni,
1171 2162 1289 2212 socci,
1319 2177 1358 2204 et
1388 2165 1531 2204 caeteri
1553 2179 1664 2204 orna·

300 2234 358 2262 tus·
377 2232 493 2272 atque
513 2219 678 2272 inlignia
699 2218 941 2259 scenicorum
956 2231 1128 2271 reperta:
1160 2231 1202 2259 et
1218 2220 1264 2260 ad
1286 2219 1360 2259 hoc
1380 2221 1593 2272 vnicuique,
1610 2218 1665 2259 su-

301 2291 344 2317 us
366 2276 535 2316 habitus:
568 2276 675 2314 etad
702 2276 880 2315 vltimum
902 2278 965 2327 qui
986 2278 1191 2329 primarum
1219 2277 1405 2327 partium,
1436 2277 1500 2328 qui
1530 2274 1665 2316 secun-

299 2334 455 2382 darum,
485 2343 527 2371 et
548 2333 757 2381 tertiarum,
789 2333 857 2385 qui
880 2343 1100 2384 quartarum
1120 2341 1238 2385 atque
1257 2333 1498 2385 quinctarum
1517 2334 1663 2428 achor-es

1528 2402 1552 2428 e
1585 2401 1664 2440 ent,

353 2505 389 2549 5)
413 2502 544 2552 Festum
554 2507 707 2547 carmen]
725 2504 767 2540 ln
781 2502 848 2540 Ms.
861 2505 957 2542 Dan.
1007 2504 1127 2555 opinor
1152 2518 1177 2541 a
1195 2503 1301 2561 pefgis
1326 2513 1362 2540 et
1383 2504 1559 2540 cantilena
1574 2517 1664 2541 com.

301 2554 472 2603 Festiuum
490 2565 543 2588 ca·
546 2565 628 2586 771er
639 2551 858 2599 sollemniter
875 2566 957 2590 can·
1002 2556 1114 2604 posito
1142 2554 1296 2597 nomine,
1322 2555 1384 2591 vel
1397 2554 1470 2594 doro*
1489 2558 1532 2595 τέ
1551 2554 1661 2601 κωμά-

299 2613 460 2643 taz··;etm
489 2600 562 2640 οἰπο
586 2602 648 2637 τῶν
676 2617 788 2647 κωμων
817 2610 870 2640 καὶ
898 2605 958 2645 τῆς
1005 2607 1073 2654 ζειν
1099 2615 1168 2642 ete
1218 2604 1260 2640 L.

300 2654 383 2698 ωόἧς
414 2650 596 2691 Comoedia
624 2651 782 2689 vccitata
812 2651 883 2703 est,
914 2662 957 2691 vt
