1815 3168
327 149 425 205 426

707 143 864 191 ACT.
901 142 970 187 IV.
1003 140 1199 186 SCEN.
1234 140 1312 185 IV.

462 275 530 320 Eo
551 270 711 332 redigis
735 287 820 323 me,
843 280 903 323 vt,
925 268 1031 332 quid
1053 270 1233 329 egerim,
1253 274 1430 328 egomet
1449 258 1648 312 nesciam*-

465 349 566 396 Eho
590 345 667 396 tu!
715 339 848 392 emin’
877 361 961 405 ego
992 344 1070 390 te?
1107 338 1219 391 Do.
1253 341 1405 388 emisti.
1442 339 1545 388 Pr.
1578 335 1698 395 iube}

563 423 673 470 mihi
697 422 844 467 denuo

376 515 439 565 ες
470 496 757 564 Respondeat.
797 492 892 541 PH.
926 510 1051 555 roga.
1097 489 1197 541 Px.
1241 483 1438 542 venistin'
1474 489 1608 538 hodie
1643 488 1699 538 ad

567 572 679 619 nos?
716 580 859 631 negat.

468 652 530 696 At
551 648 621 694 ille
644 647 748 693 alter
766 647 898 699 venit,
920 661 1058 692 annos
1079 652 1206 690 natus
1226 642 1426 695 sedecim,

470 728 621 782 Quem
642 722 784 769 secum
808 721 1220 770 adduxitParmenO.
1256 717 1354 768 ΡΗ.
1388 716 1588 778 agedum,
1608 715 1698 765 hoe

567 798 679 847 mihi
700 797 854 864 expedi

333 1019 534 1072 Mustelino
555 1018 685 1067 colore,
715 1018 807 1070 quia
817 1027 858 1058 vt
880 1031 992 1072 equo,

335 1089 402 1116 aut
423 1077 509 1114 cani
520 1088 600 1113 non
622 1087 717 1114 vnus
729 1073 783 1112 est
803 1075 922 1123 color,
941 1076 995 1114 ita

335 1145 413 1172 nec
432 1130 626 1176 mustelae,
651 1143 754 1181 quae
763 1128 849 1168 fere
859 1131 900 1169 in
911 1129 995 1169 dor-

334 1186 375 1228 so
407 1198 445 1225 et
474 1185 652 1225 lateribus
679 1185 733 1224 est
751 1187 880 1233 rutila,
908 1200 993 1226 raro

332 1242 534 1291 subfulua,
576 1241 620 1281 in
652 1251 808 1294 gutture
847 1240 1000 1294 semper

333 1298 512 1346 candida,
534 1308 574 1337 et
591 1297 788 1336 interdum
806 1308 888 1337 tota
909 1311 997 1337 can-

332 1355 428 1394 dida
456 1354 657 1405 reperitur.
713 1354 938 1393 Menander
966 1353 995 1391 i-

334 1412 556 1464 gitur-‚cuim
571 1410 725 1448 emerere
739 1410 910 1459 Donato,
921 1412 994 1449 Eu-

332 1465 511 1508 nuchum
530 1464 634 1503 hunc
644 1463 827 1514 γαλεώτῃ,
846 1465 993 1506 Stellio.

333 1535 443 1568 nem,
464 1522 626 1570 vocauit,
646 1520 883 1575 significauit,
905 1534 995 1561 eum

331 1575 449 1619 fuiffe
475 1577 574 1617 facie
598 1575 810 1623 maculosa,
841 1578 999 1631 lentigi-

332 1633 439 1676 nosa.
502 1635 755 1685 Quapropter
788 1635 998 1674 Terentius

332 1688 478 1741 scripsit
489 1689 621 1729 Colore
638 1688 874 1741 ίΙίιεΙΙίοηὶηο,
905 1690 996 1741 quia

332 1745 504 1785 stellioni
536 1746 620 1785 talis
652 1745 709 1785 est
733 1747 850 1786 color.
875 1746 994 1787 Ouid.

334 1806 434 1844 Met.
455 1814 504 1848 v,
530 1805 625 1853 460.
663 1813 858 1855 aptumque
879 1801 999 1842 colori

335 1858 487 1896 Nomen
517 1855 647 1908 habet,
693 1862 809 1897 variis
833 1857 997 1908 stellatus

334 1925 494 1963 corpora
528 1915 660 1967 guttis.
717 1915 927 1954 Caeterum
957 1924 997 1953 vt

336 1983 359 2008 a
395 1969 515 2007 leone
541 1967 725 2008 formatur
754 1968 940 2017 leoninus,
973 1982 997 2007 a

331 2037 504 2077 panone,
517 2026 800 2076 pauoninus,ita
818 2040 841 2064 a
858 2024 997 2066 stellio-

333 2094 390 2120 ne
399 2078 638 2131 stellioninus.
694 2084 734 2120 B.

388 2147 440 2188 23
476 2136 535 2183 Vt,
566 2136 660 2191 quid
677 2139 824 2191 egerim,
856 2149 995 2192 egomet

333 2191 512 2245 nesciam]
543 2195 626 2241 Pro,
639 2206 719 2231 non
732 2193 991 2244 meminerim,

332 2249 412 2298 vel,
432 2261 516 2287 non
536 2246 752 2301 agnoscam.
809 2252 856 2289 D.

389 2305 546 2358 Egomet
563 2304 738 2359 neseiam]
768 2303 841 2346 Ms.
861 2309 901 2347 R.
923 2319 990 2362 ego

331 2358 501 2412 nesciam,
555 2361 597 2399 L.

384 2419 505 2469 Lege,
527 2414 584 2455 Eo
607 2415 751 2472 rediges
760 2431 825 2464 me,
836 2430 888 2467 vt,
904 2418 998 2471 quid

329 2474 478 2511 emerim
497 2485 655 2526 egomet,
687 2473 866 2524 nesiiam?
894 2477 993 2514 Nam

329 2528 474 2582 rediges
495 2527 612 2568 habet
629 2529 762 2570 Bemb.
781 2541 821 2570 et
835 2533 990 2578 emerim,

327 2581 525 2623 Donatus.
555 2584 639 2625 Cic.
677 2586 725 2625 ad
743 2589 821 2626 Att.
853 2599 894 2637 1,
929 2599 990 2640 19.

329 2637 502 2679 Metellus
530 2638 575 2689 est
595 2640 734 2694 Confitl
749 2643 844 2693 fitne
864 2643 991 2691 bonus,

332 2707 369 2737 et
388 2708 455 2740 nos
474 2696 671 2756 admodum
689 2699 838 2758 diligit;
865 2698 991 2761 ille-alf

1599 866 1698 915 Pri-'

1041 1029 1100 1061 ter
1127 1020 1182 1058 ita
1207 1015 1306 1057 nihil
1326 1014 1394 1068 est,
1424 1023 1467 1055 vt
1488 1010 1594 1067 plane
1611 1010 1705 1066 quid

1035 1076 1174 1114 emerit
1197 1073 1348 1124 nesciat.
1404 1074 1446 1111 B.

1099 1142 1153 1182 24
1180 1128 1260 1167 Eho
1289 1131 1358 1166 tu!
1386 1125 1490 1165 emin’
1519 1138 1585 1180 ego
1612 1123 1698 1178 κεῖ]

1043 1187 1149 1227 Miro
1175 1182 1387 1231 stomacho,
1414 1180 1519 1233 quod
1540 1178 1621 1233 ipse
1646 1178 1701 1219 fe-

1047 1243 1110 1288 cit,
1145 1240 1185 1280 id
1207 1253 1255 1278 ex
1271 1240 1346 1278 alio
1366 1246 1528 1276 conatur
1546 1236 1702 1275 audire=

1047 1308 1087 1338 et
1105 1297 1232 1336 donec
1250 1295 1346 1334 haec
1365 1294 1514 1341 audiat,
1545 1305 1595 1331 an
1624 1290 1701 1330 hoc

1044 1353 1203 1400 fecerit,
1238 1351 1400 1392 dubitat,
1473 1347 1576 1396 Sine,
1608 1346 1702 1387 mihi

1043 1409 1160 1450 denuo
1172 1406 1403 1460 respondeat]
1421 1406 1508 1444 Hoc
1519 1402 1582 1451 est,
1594 1400 1702 1454 quod

1044 1466 1086 1505 in
1107 1463 1318 1506 Rhetoricis
1337 1463 1474 1504 Cicero
1494 1460 1564 1508 ait,
1602 1460 1703 1500 Con-

1048 1534 1111 1561 tra
1146 1520 1296 1572 firmam
1335 1517 1701 1573 argumentationem,

1046 1578 1160 1618 aliam
1176 1588 1288 1629 aeque
1305 1572 1455 1626 firmam
1478 1583 1546 1612 aut
1553 1569 1703 1622 firmio-

1046 1648 1124 1674 rem
1150 1635 1372 1686 opponimus.
1428 1631 1537 1669 Haec
1559 1626 1612 1666 est
1637 1640 1703 1667 au..

1046 1701 1126 1730 tem
1157 1701 1283 1740 aeque
1300 1686 1418 1725 firma.
1475 1687 1608 1727 Denuo
1631 1697 1703 1723 au-

1045 1756 1124 1786 tem
1143 1744 1193 1784 ad
1203 1743 1416 1798 respondeat
1425 1742 1605 1792 pertinet,
1617 1753 1702 1779 non

1048 1803 1098 1842 ad
1135 1800 1229 1841 iube.
1283 1799 1418 1839 Denuo
1454 1795 1699 1852 respondeat]

1048 1856 1138 1898 Iube
1157 1870 1258 1904 vero,
1278 1855 1366 1894 mihi
1383 1854 1497 1892 denuo
1517 1851 1701 1903 responde-

1045 1929 1095 1963 at,
1117 1910 1421 1963 intelligendum
1439 1907 1504 1947 est.
1560 1910 1610 1947 D.

1097 1980 1150 2020 25
1182 1968 1304 2021 Roga]
1332 1965 1433 2006 Mire
1455 1961 1645 2014 vti-iusque
1661 1961 1701 2002 fi·

1045 2026 1156 2066 ducia
1167 2022 1381 2072 confertur,
1402 2030 1442 2059 et
1449 2019 1550 2071 apud
1563 2029 1702 2058 vtrum-

1047 2095 1123 2124 (ωε
1151 2079 1206 2119 est
1230 2078 1385 2125 veritas,
1425 2088 1512 2115 cum
1540 2087 1700 2127 vterque

1044 2138 1205 2178 fallatur.
1260 2137 1309 2175 D.
1496 2183 1498 2185 ‚

1097 2199 1214 2246 Lege,
1233 2186 1359 2231 versus
1378 2189 1510 2243 gratia,
1530 2200 1619 2227 cum
1636 2187 1700 2227 tri-

1043 2250 1115 2290 bus
1137 2247 1247 2287 codd.
1270 2246 1411 2298 venisti.
1467 2247 1507 2284 Β.

1097 2309 1152 2349 26
1181 2307 1232 2345 At
1251 2302 1310 2341 ille
1329 2303 1424 2342 alter
1442 2298 1562 2348 venit]
1587 2303 1698 2341 Bene

1042 2361 1176 2410 instat,
1208 2355 1308 2412 quafi
1338 2372 1388 2398 ex
1409 2367 1518 2409 parte
1536 2357 1615 2395 iam
1634 2356 1700 2396 ob-

1045 2419 1202 2459 tinuerit
1221 2414 1385 2469 PythiaS.
1445 2415 1494 2453 D.

1097 2474 1240 2516 Melior
1259 2482 1440 2510 numerus
1460 2468 1567 2509 estin
1579 2469 1698 2509 tribus

1043 2530 1153 2572 codd.
1178 2541 1288 2569 natus
1307 2539 1422 2566 annos
1431 2525 1512 2576 sed.
1571 2530 1612 2567 Β.

1095 2597 1151 2638 27
1179 2584 1364 2640 Agedum,
1399 2579 1463 2621 hoc
1480 2580 1571 2621 mihi
1589 2593 1699 2634 expe-

1041 2644 1098 2702 dri]
1124 2645 1232 2702 Haec
1243 2640 1420 2700 Plautina
1438 2636 1534 2693 sunt,
1553 2638 1697 2733 eumd?

1637 2707 1663 2732 n
1683 2715 1696 2722 ·

1763 224 1790 262 ss
