<?xml version="1.0" encoding="UTF-8"?>
<!DOCTYPE html PUBLIC "-//W3C//DTD XHTML 1.0 Transitional//EN"
    "http://www.w3.org/TR/xhtml1/DTD/xhtml1-transitional.dtd">
<html xmlns="http://www.w3.org/1999/xhtml" xml:lang="en" lang="en">
 <head>
  <title>
</title>
<meta http-equiv="Content-Type" content="text/html;charset=utf-8" />
  <meta name='ocr-system' content='tesseract 3.04.00' />
  <meta name='ocr-capabilities' content='ocr_page ocr_carea ocr_par ocr_line ocrx_word'/>
</head>
<body>
  <div class='ocr_page' id='page_1' title='image "./comoediaesexexre01tereuoft_0572.png"; bbox 0 0 1815 3168; ppageno 0'>
   <div class='ocr_carea' id='block_1_1' title="bbox 328 152 426 208">
    <p class='ocr_par' dir='ltr' id='par_1_1' title="bbox 328 152 426 208">
     <span class='ocr_line' id='line_1_1' title="bbox 328 152 426 208; baseline 0.02 -2"><span class='ocrx_word' id='word_1_1' title='bbox 328 152 426 208; x_wconf 83' lang='lat'>476</span> 
     </span>
    </p>
   </div>
   <div class='ocr_carea' id='block_1_2' title="bbox 725 147 1297 195">
    <p class='ocr_par' dir='ltr' id='par_1_2' title="bbox 725 147 1297 195">
     <span class='ocr_line' id='line_1_2' title="bbox 725 147 1297 195; baseline 0.002 -4"><span class='ocrx_word' id='word_1_2' title='bbox 725 147 880 194; x_wconf 85' lang='lat' dir='ltr'><strong>ACT.</strong></span> <span class='ocrx_word' id='word_1_3' title='bbox 916 149 968 192; x_wconf 88' lang='lat' dir='ltr'>V.</span> <span class='ocrx_word' id='word_1_4' title='bbox 1016 147 1212 195; x_wconf 31' lang='lat' dir='ltr'>SCENi</span> <span class='ocrx_word' id='word_1_5' title='bbox 1245 147 1297 192; x_wconf 85' lang='lat'>11.</span> 
     </span>
    </p>
   </div>
   <div class='ocr_carea' id='block_1_3' title="bbox 462 263 1692 415">
    <p class='ocr_par' dir='ltr' id='par_1_3' title="bbox 462 263 1692 415">
     <span class='ocr_line' id='line_1_3' title="bbox 462 263 1558 339; baseline 0.002 -18"><span class='ocrx_word' id='word_1_6' title='bbox 462 272 553 322; x_wconf 72' lang='grc' dir='ltr'>ΡΥ.</span> <span class='ocrx_word' id='word_1_7' title='bbox 587 277 745 322; x_wconf 81' lang='lat' dir='ltr'>Parum</span> <span class='ocrx_word' id='word_1_8' title='bbox 767 271 1021 339; x_wconf 75' lang='lat' dir='ltr'>perspexisse</span> <span class='ocrx_word' id='word_1_9' title='bbox 1044 276 1135 319; x_wconf 86' lang='lat' dir='ltr'>cius</span> <span class='ocrx_word' id='word_1_10' title='bbox 1156 275 1303 322; x_wconf 89' lang='lat' dir='ltr'>videre</span> <span class='ocrx_word' id='word_1_11' title='bbox 1325 263 1558 323; x_wconf 73' lang='lat' dir='ltr'>audaeiam.</span> 
     </span>
     <span class='ocr_line' id='line_1_4' title="bbox 462 343 1692 415; baseline 0.002 -19"><span class='ocrx_word' id='word_1_12' title='bbox 462 346 571 396; x_wconf 84' lang='lat' dir='ltr'>CH.</span> <span class='ocrx_word' id='word_1_13' title='bbox 619 355 729 397; x_wconf 87' lang='lat' dir='ltr'>Non</span> <span class='ocrx_word' id='word_1_14' title='bbox 752 351 938 402; x_wconf 71' lang='lat' dir='ltr'>faciam,</span> <span class='ocrx_word' id='word_1_15' title='bbox 973 349 1163 411; x_wconf 82' lang='lat' dir='ltr'>Pythias,</span> <span class='ocrx_word' id='word_1_16' title='bbox 1201 347 1293 396; x_wconf 83' lang='lat' dir='ltr'>PY.</span> <span class='ocrx_word' id='word_1_17' title='bbox 1330 369 1424 396; x_wconf 81' lang='lat' dir='ltr'>non</span> <span class='ocrx_word' id='word_1_18' title='bbox 1448 351 1523 415; x_wconf 83' lang='lat' dir='ltr'>pol</span> <span class='ocrx_word' id='word_1_19' title='bbox 1545 343 1692 406; x_wconf 76' lang='lat' dir='ltr'>eredo,</span> 
     </span>
    </p>
   </div>
   <div class='ocr_carea' id='block_1_4' title="bbox 563 426 766 479">
    <p class='ocr_par' dir='ltr' id='par_1_4' title="bbox 563 426 766 479">
     <span class='ocr_line' id='line_1_5' title="bbox 563 426 766 479; baseline -0.01 -7"><span class='ocrx_word' id='word_1_20' title='bbox 563 426 766 479; x_wconf 80' lang='lat' dir='ltr'>Chaerea,</span> 
     </span>
    </p>
   </div>
   <div class='ocr_carea' id='block_1_5' title="bbox 327 488 1694 794">
    <p class='ocr_par' dir='ltr' id='par_1_5' title="bbox 460 488 1660 642">
     <span class='ocr_line' id='line_1_6' title="bbox 460 488 1660 565; baseline 0 -17"><span class='ocrx_word' id='word_1_21' title='bbox 460 501 556 549; x_wconf 77' lang='lat' dir='ltr'>Nifi</span> <span class='ocrx_word' id='word_1_22' title='bbox 580 500 609 547; x_wconf 78' lang='lat' dir='ltr'>si</span> <span class='ocrx_word' id='word_1_23' title='bbox 632 497 905 548; x_wconf 75' lang='lat' dir='ltr'>commissum</span> <span class='ocrx_word' id='word_1_24' title='bbox 928 488 1020 546; x_wconf 72' lang='lat' dir='ltr'>noh</span> <span class='ocrx_word' id='word_1_25' title='bbox 1045 501 1142 547; x_wconf 85' lang='lat' dir='ltr'>erit.</span> <span class='ocrx_word' id='word_1_26' title='bbox 1181 497 1287 547; x_wconf 78' lang='lat' dir='ltr'>CH.</span> <span class='ocrx_word' id='word_1_27' title='bbox 1328 503 1449 564; x_wconf 80' lang='lat' dir='ltr'>quin,</span> <span class='ocrx_word' id='word_1_28' title='bbox 1471 502 1660 565; x_wconf 85' lang='lat' dir='ltr'>Pythias,</span> 
     </span>
     <span class='ocr_line' id='line_1_7' title="bbox 462 573 1634 642; baseline -0.001 -18"><span class='ocrx_word' id='word_1_29' title='bbox 462 583 541 625; x_wconf 89' lang='lat' dir='ltr'>Tu</span> <span class='ocrx_word' id='word_1_30' title='bbox 563 595 633 624; x_wconf 82' lang='lat' dir='ltr'>me</span> <span class='ocrx_word' id='word_1_31' title='bbox 654 578 836 623; x_wconf 85' lang='lat' dir='ltr'>seruato.</span> <span class='ocrx_word' id='word_1_32' title='bbox 876 573 970 622; x_wconf 80' lang='grc' dir='ltr'>ΡΥ.</span> <span class='ocrx_word' id='word_1_33' title='bbox 1009 594 1154 640; x_wconf 86' lang='lat' dir='ltr'>neque</span> <span class='ocrx_word' id='word_1_34' title='bbox 1172 577 1250 642; x_wconf 87' lang='lat' dir='ltr'>pol</span> <span class='ocrx_word' id='word_1_35' title='bbox 1274 578 1533 624; x_wconf 78' lang='lat' dir='ltr'>seruandum</span> <span class='ocrx_word' id='word_1_36' title='bbox 1554 578 1634 624; x_wconf 88' lang='lat' dir='ltr'>tibi</span> 
     </span>
    </p>

    <p class='ocr_par' dir='ltr' id='par_1_6' title="bbox 327 649 1694 794">
     <span class='ocr_line' id='line_1_8' title="bbox 327 649 1692 718; baseline -0.001 -19"><span class='ocrx_word' id='word_1_37' title='bbox 327 700 331 703; x_wconf 78' lang='grc'>,</span> <span class='ocrx_word' id='word_1_38' title='bbox 364 656 425 718; x_wconf 79' lang='lat'>65</span> <span class='ocrx_word' id='word_1_39' title='bbox 465 655 713 716; x_wconf 83' lang='lat' dir='ltr'><strong>Quicquam</strong></span> <span class='ocrx_word' id='word_1_40' title='bbox 738 653 838 699; x_wconf 85' lang='lat' dir='ltr'>dare</span> <span class='ocrx_word' id='word_1_41' title='bbox 859 649 1011 704; x_wconf 64' lang='grc' dir='ltr'>ἱιίιῐῖιῃ,Α</span> <span class='ocrx_word' id='word_1_42' title='bbox 1026 651 1174 716; x_wconf 67' lang='lat' dir='ltr'>&#39;neque</span> <span class='ocrx_word' id='word_1_43' title='bbox 1196 665 1238 716; x_wconf 84' lang='lat' dir='ltr'>te</span> <span class='ocrx_word' id='word_1_44' title='bbox 1261 653 1452 700; x_wconf 81' lang='lat' dir='ltr'>seruare:</span> <span class='ocrx_word' id='word_1_45' title='bbox 1486 669 1621 717; x_wconf 77' lang='lat' dir='ltr'>apage</span> <span class='ocrx_word' id='word_1_46' title='bbox 1638 669 1692 699; x_wconf 84' lang='lat' dir='ltr'>te.</span> 
     </span>
     <span class='ocr_line' id='line_1_9' title="bbox 457 726 1694 794; baseline -0.002 -16"><span class='ocrx_word' id='word_1_47' title='bbox 457 728 573 778; x_wconf 83' lang='grc' dir='ltr'>ΤΗ.</span> <span class='ocrx_word' id='word_1_48' title='bbox 619 727 751 775; x_wconf 87' lang='lat' dir='ltr'>Adest</span> <span class='ocrx_word' id='word_1_49' title='bbox 782 740 965 793; x_wconf 84' lang='lat' dir='ltr'>optume</span> <span class='ocrx_word' id='word_1_50' title='bbox 999 729 1088 794; x_wconf 89' lang='lat' dir='ltr'>ipse</span> <span class='ocrx_word' id='word_1_51' title='bbox 1121 729 1269 778; x_wconf 74' lang='lat' dir='ltr'>frater.</span> <span class='ocrx_word' id='word_1_52' title='bbox 1306 726 1414 776; x_wconf 73' lang='lat' dir='ltr'>Cu.</span> <span class='ocrx_word' id='word_1_53' title='bbox 1450 731 1563 793; x_wconf 86' lang='lat' dir='ltr'>perii</span> <span class='ocrx_word' id='word_1_54' title='bbox 1595 728 1694 775; x_wconf 85' lang='lat' dir='ltr'>her·</span> 
     </span>
    </p>
   </div>
   <div class='ocr_carea' id='block_1_6' title="bbox 561 804 879 859">
    <p class='ocr_par' dir='ltr' id='par_1_7' title="bbox 561 804 879 859">
     <span class='ocr_line' id='line_1_10' title="bbox 561 804 879 859; baseline 0 -8"><span class='ocrx_word' id='word_1_55' title='bbox 561 804 649 859; x_wconf 81' lang='lat' dir='ltr'>cle3</span> <span class='ocrx_word' id='word_1_56' title='bbox 688 804 879 857; x_wconf 86' lang='lat' dir='ltr'>obsecro,</span> 
     </span>
    </p>
   </div>
   <div class='ocr_carea' id='block_1_7' title="bbox 458 880 1430 932">
    <p class='ocr_par' dir='ltr' id='par_1_8' title="bbox 458 880 1430 932">
     <span class='ocr_line' id='line_1_11' title="bbox 458 880 1430 932; baseline -0.002 -4"><span class='ocrx_word' id='word_1_57' title='bbox 458 880 681 928; x_wconf 83' lang='lat' dir='ltr'>Abeamus</span> <span class='ocrx_word' id='word_1_58' title='bbox 706 882 838 932; x_wconf 84' lang='lat' dir='ltr'>intro,</span> <span class='ocrx_word' id='word_1_59' title='bbox 859 880 1024 927; x_wconf 84' lang='lat' dir='ltr'>Thais:</span> <span class='ocrx_word' id='word_1_60' title='bbox 1065 881 1171 928; x_wconf 87' lang='lat' dir='ltr'>nolo</span> <span class='ocrx_word' id='word_1_61' title='bbox 1194 897 1264 926; x_wconf 87' lang='lat' dir='ltr'>me</span> <span class='ocrx_word' id='word_1_62' title='bbox 1290 882 1334 925; x_wconf 83' lang='lat' dir='ltr'>in</span> <span class='ocrx_word' id='word_1_63' title='bbox 1362 882 1430 926; x_wconf 83' lang='lat' dir='ltr'>via</span> 
     </span>
    </p>
   </div>
   <div class='ocr_carea' id='block_1_8' title="bbox 460 954 992 1005">
    <p class='ocr_par' dir='ltr' id='par_1_9' title="bbox 460 954 992 1005">
     <span class='ocr_line' id='line_1_12' title="bbox 460 954 992 1005; baseline 0 -1"><span class='ocrx_word' id='word_1_64' title='bbox 460 961 576 1005; x_wconf 90' lang='lat' dir='ltr'>Cum</span> <span class='ocrx_word' id='word_1_65' title='bbox 600 956 680 1001; x_wconf 86' lang='lat' dir='ltr'>hac</span> <span class='ocrx_word' id='word_1_66' title='bbox 701 954 814 1001; x_wconf 83' lang='lat' dir='ltr'>veste</span> <span class='ocrx_word' id='word_1_67' title='bbox 836 955 992 1004; x_wconf 85' lang='lat' dir='ltr'>videat.</span> 
     </span>
    </p>
   </div>
   <div class='ocr_carea' id='block_1_9' title="bbox 558 1029 932 1095">
    <p class='ocr_par' dir='ltr' id='par_1_10' title="bbox 558 1029 932 1095">
     <span class='ocr_line' id='line_1_13' title="bbox 558 1029 932 1095; baseline 0.003 -19"><span class='ocrx_word' id='word_1_68' title='bbox 558 1049 611 1076; x_wconf 83' lang='lat' dir='ltr'>an</span> <span class='ocrx_word' id='word_1_69' title='bbox 639 1032 739 1094; x_wconf 88' lang='lat' dir='ltr'>quia</span> <span class='ocrx_word' id='word_1_70' title='bbox 762 1029 932 1095; x_wconf 84' lang='lat' dir='ltr'>pudet?</span> 
     </span>
    </p>
   </div>
   <div class='ocr_carea' id='block_1_10' title="bbox 316 1249 986 2716">
    <p class='ocr_par' dir='ltr' id='par_1_11' title="bbox 318 1249 986 1588">
     <span class='ocr_line' id='line_1_14' title="bbox 380 1249 986 1303; baseline -0.007 -9"><span class='ocrx_word' id='word_1_71' title='bbox 380 1253 431 1294; x_wconf 84' lang='lat'>61</span> <span class='ocrx_word' id='word_1_72' title='bbox 481 1252 622 1291; x_wconf 88' lang='lat' dir='ltr'><em>Parum</em></span> <span class='ocrx_word' id='word_1_73' title='bbox 650 1249 874 1303; x_wconf 63' lang='lat' dir='ltr'>perspexiffi’</span> <span class='ocrx_word' id='word_1_74' title='bbox 909 1252 986 1290; x_wconf 81' lang='lat' dir='ltr'>eius</span> 
     </span>
     <span class='ocr_line' id='line_1_15' title="bbox 321 1309 983 1358; baseline -0.006 -10"><span class='ocrx_word' id='word_1_75' title='bbox 321 1310 447 1354; x_wconf 74' lang='lat' dir='ltr'>videre</span> <span class='ocrx_word' id='word_1_76' title='bbox 478 1309 689 1358; x_wconf 80' lang='lat' dir='ltr'><em>audaciam]</em></span> <span class='ocrx_word' id='word_1_77' title='bbox 730 1309 870 1348; x_wconf 88' lang='lat' dir='ltr'><em>Parum</em></span> <span class='ocrx_word' id='word_1_78' title='bbox 897 1313 983 1350; x_wconf 77' lang='grc' dir='ltr'><em>εἰρω-</em></span> 
     </span>
     <span class='ocr_line' id='line_1_16' title="bbox 319 1360 983 1414; baseline -0.003 -10"><span class='ocrx_word' id='word_1_79' title='bbox 319 1374 388 1404; x_wconf 69' lang='grc' dir='ltr'>νεῖαι</span> <span class='ocrx_word' id='word_1_80' title='bbox 418 1364 482 1404; x_wconf 86' lang='lat' dir='ltr'>est.</span> <span class='ocrx_word' id='word_1_81' title='bbox 537 1367 586 1404; x_wconf 89' lang='lat' dir='ltr'>Et</span> <span class='ocrx_word' id='word_1_82' title='bbox 613 1377 696 1401; x_wconf 83' lang='lat' dir='ltr'>non</span> <span class='ocrx_word' id='word_1_83' title='bbox 721 1364 789 1403; x_wconf 72' lang='lat' dir='ltr'>Seri</span> <span class='ocrx_word' id='word_1_84' title='bbox 808 1362 883 1414; x_wconf 80' lang='lat' dir='ltr'>zsse,</span> <span class='ocrx_word' id='word_1_85' title='bbox 916 1360 983 1402; x_wconf 87' lang='lat' dir='ltr'>sed</span> 
     </span>
     <span class='ocr_line' id='line_1_17' title="bbox 321 1419 982 1474; baseline -0.008 -13"><span class='ocrx_word' id='word_1_86' title='bbox 321 1419 545 1474; x_wconf 74' lang='lat' dir='ltr'>PerspexistZ’</span> <span class='ocrx_word' id='word_1_87' title='bbox 581 1420 696 1458; x_wconf 82' lang='lat' dir='ltr'>dixit:</span> <span class='ocrx_word' id='word_1_88' title='bbox 724 1429 764 1457; x_wconf 88' lang='lat' dir='ltr'>vt</span> <span class='ocrx_word' id='word_1_89' title='bbox 794 1419 872 1457; x_wconf 83' lang='lat' dir='ltr'>iam</span> <span class='ocrx_word' id='word_1_90' title='bbox 899 1432 982 1457; x_wconf 85' lang='lat' dir='ltr'>non</span> 
     </span>
     <span class='ocr_line' id='line_1_18' title="bbox 318 1475 978 1529; baseline -0.008 -10"><span class='ocrx_word' id='word_1_91' title='bbox 318 1479 362 1519; x_wconf 81' lang='lat' dir='ltr'>fit</span> <span class='ocrx_word' id='word_1_92' title='bbox 398 1475 639 1529; x_wconf 65' lang='lat' dir='ltr'>experienda</span> <span class='ocrx_word' id='word_1_93' title='bbox 675 1476 776 1514; x_wconf 85' lang='lat' dir='ltr'>illius</span> <span class='ocrx_word' id='word_1_94' title='bbox 806 1475 978 1525; x_wconf 84' lang='lat' dir='ltr'>audacia,</span> 
     </span>
     <span class='ocr_line' id='line_1_19' title="bbox 320 1531 940 1588; baseline -0.005 -14"><span class='ocrx_word' id='word_1_95' title='bbox 320 1549 423 1588; x_wconf 85' lang='lat' dir='ltr'>quae</span> <span class='ocrx_word' id='word_1_96' title='bbox 442 1534 483 1572; x_wconf 85' lang='lat' dir='ltr'>fit</span> <span class='ocrx_word' id='word_1_97' title='bbox 500 1531 675 1586; x_wconf 69' lang='lat' dir='ltr'>perfeGe</span> <span class='ocrx_word' id='word_1_98' title='bbox 694 1531 859 1584; x_wconf 86' lang='lat' dir='ltr'>cognita.</span> <span class='ocrx_word' id='word_1_99' title='bbox 890 1534 940 1571; x_wconf 96' lang='lat' dir='ltr'>D</span> 
     </span>
    </p>

    <p class='ocr_par' dir='ltr' id='par_1_12' title="bbox 317 1587 983 1858">
     <span class='ocr_line' id='line_1_20' title="bbox 373 1587 983 1644; baseline -0.008 -14"><span class='ocrx_word' id='word_1_100' title='bbox 373 1594 506 1644; x_wconf 85' lang='lat' dir='ltr'>Lege,</span> <span class='ocrx_word' id='word_1_101' title='bbox 540 1590 682 1629; x_wconf 85' lang='lat' dir='ltr'><em>Parum</em></span> <span class='ocrx_word' id='word_1_102' title='bbox 706 1587 884 1640; x_wconf 81' lang='lat' dir='ltr'>perspexe</span> <span class='ocrx_word' id='word_1_103' title='bbox 905 1589 983 1626; x_wconf 81' lang='lat' dir='ltr'>eius</span> 
     </span>
     <span class='ocr_line' id='line_1_21' title="bbox 319 1644 976 1687; baseline -0.009 0"><span class='ocrx_word' id='word_1_104' title='bbox 319 1647 412 1687; x_wconf 63' lang='lat' dir='ltr'>mihi</span> <span class='ocrx_word' id='word_1_105' title='bbox 452 1661 488 1685; x_wconf 87' lang='lat' dir='ltr'>v.</span> <span class='ocrx_word' id='word_1_106' title='bbox 522 1659 557 1685; x_wconf 92' lang='lat' dir='ltr'>a.</span> <span class='ocrx_word' id='word_1_107' title='bbox 615 1645 680 1684; x_wconf 83' lang='lat' dir='ltr'>Sic</span> <span class='ocrx_word' id='word_1_108' title='bbox 715 1644 822 1682; x_wconf 86' lang='lat' dir='ltr'>enim</span> <span class='ocrx_word' id='word_1_109' title='bbox 853 1644 976 1684; x_wconf 83' lang='lat' dir='ltr'>Plaut.</span> 
     </span>
     <span class='ocr_line' id='line_1_22' title="bbox 317 1699 980 1754; baseline -0.011 -10"><span class='ocrx_word' id='word_1_110' title='bbox 317 1705 402 1745; x_wconf 80' lang='lat' dir='ltr'>Mil.</span> <span class='ocrx_word' id='word_1_111' title='bbox 426 1717 454 1750; x_wconf 80' lang='grc' dir='ltr'>Ι,</span> <span class='ocrx_word' id='word_1_112' title='bbox 475 1703 512 1749; x_wconf 86' lang='grc'>6,</span> <span class='ocrx_word' id='word_1_113' title='bbox 534 1712 604 1754; x_wconf 87' lang='lat'>72.</span> <span class='ocrx_word' id='word_1_114' title='bbox 635 1699 699 1740; x_wconf 90' lang='lat' dir='ltr'>vbi</span> <span class='ocrx_word' id='word_1_115' title='bbox 717 1699 784 1751; x_wconf 88' lang='lat' dir='ltr'>est,</span> <span class='ocrx_word' id='word_1_116' title='bbox 813 1699 980 1752; x_wconf 70' lang='lat' dir='ltr'>despexe,</span> 
     </span>
     <span class='ocr_line' id='line_1_23' title="bbox 319 1756 983 1812; baseline -0.009 -12"><span class='ocrx_word' id='word_1_117' title='bbox 319 1772 359 1800; x_wconf 75' lang='lat' dir='ltr'>et</span> <span class='ocrx_word' id='word_1_118' title='bbox 379 1762 432 1799; x_wconf 83' lang='lat' dir='ltr'>ita</span> <span class='ocrx_word' id='word_1_119' title='bbox 448 1758 611 1812; x_wconf 55' lang='lat' dir='ltr'>respexis</span> <span class='ocrx_word' id='word_1_120' title='bbox 632 1756 835 1809; x_wconf 85' lang='lat' dir='ltr'>aliquoties</span> <span class='ocrx_word' id='word_1_121' title='bbox 855 1769 983 1795; x_wconf 84' lang='lat' dir='ltr'>occur-</span> 
     </span>
     <span class='ocr_line' id='line_1_24' title="bbox 319 1813 749 1858; baseline -0.014 0"><span class='ocrx_word' id='word_1_122' title='bbox 319 1818 380 1858; x_wconf 80' lang='lat' dir='ltr'>rit.</span> <span class='ocrx_word' id='word_1_123' title='bbox 436 1817 479 1855; x_wconf 91' lang='lat' dir='ltr'>B.</span> <span class='ocrx_word' id='word_1_124' title='bbox 691 1813 709 1856; x_wconf 56' lang='lat' dir='ltr'><em>J</em></span> <span class='ocrx_word' id='word_1_125' title='bbox 748 1831 749 1835; x_wconf 45' lang='lat'>¹</span> 
     </span>
    </p>

    <p class='ocr_par' dir='ltr' id='par_1_13' title="bbox 317 1867 979 2036">
     <span class='ocr_line' id='line_1_25' title="bbox 375 1867 979 1922; baseline -0.002 -13"><span class='ocrx_word' id='word_1_126' title='bbox 375 1875 429 1915; x_wconf 84' lang='lat'>62</span> <span class='ocrx_word' id='word_1_127' title='bbox 461 1870 555 1909; x_wconf 86' lang='lat' dir='ltr'>Non</span> <span class='ocrx_word' id='word_1_128' title='bbox 585 1868 757 1922; x_wconf 69' lang='lat' dir='ltr'>fficiam,</span> <span class='ocrx_word' id='word_1_129' title='bbox 792 1867 979 1922; x_wconf 70' lang='lat' dir='ltr'>Pythias]</span> 
     </span>
     <span class='ocr_line' id='line_1_26' title="bbox 317 1923 974 1975; baseline -0.009 -6"><span class='ocrx_word' id='word_1_130' title='bbox 317 1933 430 1970; x_wconf 82' lang='lat' dir='ltr'>Bene</span> <span class='ocrx_word' id='word_1_131' title='bbox 460 1937 498 1967; x_wconf 83' lang='lat' dir='ltr'>et</span> <span class='ocrx_word' id='word_1_132' title='bbox 523 1925 722 1964; x_wconf 82' lang='lat' dir='ltr'>moraliter</span> <span class='ocrx_word' id='word_1_133' title='bbox 748 1923 974 1975; x_wconf 75' lang='lat' dir='ltr'>appositum,</span> 
     </span>
     <span class='ocr_line' id='line_1_27' title="bbox 318 1984 593 2036; baseline -0.015 -11"><span class='ocrx_word' id='word_1_134' title='bbox 318 1984 489 2036; x_wconf 32' lang='lat' dir='ltr'>Pychias</span> <span class='ocrx_word' id='word_1_135' title='bbox 542 1984 593 2021; x_wconf 92' lang='lat' dir='ltr'>D.</span> 
     </span>
    </p>

    <p class='ocr_par' dir='ltr' id='par_1_14' title="bbox 316 2035 981 2250">
     <span class='ocr_line' id='line_1_28' title="bbox 378 2035 981 2090; baseline -0.007 -12"><span class='ocrx_word' id='word_1_136' title='bbox 378 2041 469 2080; x_wconf 87' lang='lat' dir='ltr'>Non</span> <span class='ocrx_word' id='word_1_137' title='bbox 491 2037 560 2090; x_wconf 84' lang='lat' dir='ltr'>pol</span> <span class='ocrx_word' id='word_1_138' title='bbox 581 2036 704 2083; x_wconf 77' lang='lat' dir='ltr'><em>credo]</em></span> <span class='ocrx_word' id='word_1_139' title='bbox 736 2035 874 2075; x_wconf 86' lang='lat' dir='ltr'><strong>Verbis</strong></span> <span class='ocrx_word' id='word_1_140' title='bbox 900 2036 981 2074; x_wconf 85' lang='lat' dir='ltr'>tali-</span> 
     </span>
     <span class='ocr_line' id='line_1_29' title="bbox 317 2091 979 2143; baseline -0.008 -6"><span class='ocrx_word' id='word_1_141' title='bbox 317 2098 390 2137; x_wconf 86' lang='lat' dir='ltr'>bus</span> <span class='ocrx_word' id='word_1_142' title='bbox 416 2095 534 2135; x_wconf 86' lang='lat' dir='ltr'>fidem</span> <span class='ocrx_word' id='word_1_143' title='bbox 559 2106 640 2132; x_wconf 87' lang='lat' dir='ltr'>non</span> <span class='ocrx_word' id='word_1_144' title='bbox 661 2091 810 2140; x_wconf 83' lang='lat' dir='ltr'>habeo,</span> <span class='ocrx_word' id='word_1_145' title='bbox 835 2105 979 2143; x_wconf 86' lang='lat' dir='ltr'>neque,</span> 
     </span>
     <span class='ocr_line' id='line_1_30' title="bbox 319 2148 978 2218; baseline -0.008 -25"><span class='ocrx_word' id='word_1_146' title='bbox 319 2152 425 2218; x_wconf 64' lang='lat' dir='ltr'>qued</span> <span class='ocrx_word' id='word_1_147' title='bbox 448 2151 551 2198; x_wconf 83' lang='lat' dir='ltr'>dicit,</span> <span class='ocrx_word' id='word_1_148' title='bbox 571 2148 801 2196; x_wconf 80' lang='lat' dir='ltr'>fiericredo,</span> <span class='ocrx_word' id='word_1_149' title='bbox 831 2148 901 2187; x_wconf 77' lang='lat' dir='ltr'>nifi</span> <span class='ocrx_word' id='word_1_150' title='bbox 923 2148 978 2195; x_wconf 81' lang='lat' dir='ltr'>fu-</span> 
     </span>
     <span class='ocr_line' id='line_1_31' title="bbox 316 2207 662 2250; baseline -0.018 0"><span class='ocrx_word' id='word_1_151' title='bbox 316 2211 392 2250; x_wconf 85' lang='lat' dir='ltr'>erit</span> <span class='ocrx_word' id='word_1_152' title='bbox 412 2207 564 2248; x_wconf 53' lang='lat' dir='ltr'>mium.</span> <span class='ocrx_word' id='word_1_153' title='bbox 619 2208 662 2245; x_wconf 92' lang='grc' dir='ltr'>Ε</span> 
     </span>
    </p>

    <p class='ocr_par' dir='ltr' id='par_1_15' title="bbox 317 2260 981 2599">
     <span class='ocr_line' id='line_1_32' title="bbox 374 2260 974 2319; baseline 0 -18"><span class='ocrx_word' id='word_1_154' title='bbox 374 2270 426 2319; x_wconf 85' lang='lat'>63</span> <span class='ocrx_word' id='word_1_155' title='bbox 466 2264 556 2302; x_wconf 81' lang='lat' dir='ltr'>Nan</span> <span class='ocrx_word' id='word_1_156' title='bbox 570 2262 639 2313; x_wconf 87' lang='lat' dir='ltr'>pol</span> <span class='ocrx_word' id='word_1_157' title='bbox 666 2261 783 2309; x_wconf 76' lang='lat' dir='ltr'><em>credo,</em></span> <span class='ocrx_word' id='word_1_158' title='bbox 799 2260 974 2311; x_wconf 77' lang='lat' dir='ltr'><em>Chaerea,</em></span> 
     </span>
     <span class='ocr_line' id='line_1_33' title="bbox 318 2317 978 2374; baseline -0.008 -11"><span class='ocrx_word' id='word_1_159' title='bbox 318 2322 398 2374; x_wconf 79' lang='lat' dir='ltr'>nist</span> <span class='ocrx_word' id='word_1_160' title='bbox 411 2319 456 2372; x_wconf 83' lang='lat' dir='ltr'><em>st</em></span> <span class='ocrx_word' id='word_1_161' title='bbox 467 2317 685 2369; x_wconf 65' lang='lat' dir='ltr'>commifficm</span> <span class='ocrx_word' id='word_1_162' title='bbox 706 2332 779 2356; x_wconf 82' lang='lat' dir='ltr'>non</span> <span class='ocrx_word' id='word_1_163' title='bbox 799 2318 885 2365; x_wconf 81' lang='lat' dir='ltr'>erit]</span> <span class='ocrx_word' id='word_1_164' title='bbox 917 2321 978 2358; x_wconf 93' lang='lat' dir='ltr'>Io-</span> 
     </span>
     <span class='ocr_line' id='line_1_34' title="bbox 319 2374 977 2425; baseline -0.005 -7"><span class='ocrx_word' id='word_1_165' title='bbox 319 2378 509 2425; x_wconf 85' lang='lat' dir='ltr'>culariter‚</span> <span class='ocrx_word' id='word_1_166' title='bbox 531 2386 570 2414; x_wconf 89' lang='lat' dir='ltr'>vt</span> <span class='ocrx_word' id='word_1_167' title='bbox 590 2375 666 2421; x_wconf 87' lang='lat' dir='ltr'>ille,</span> <span class='ocrx_word' id='word_1_168' title='bbox 686 2374 840 2424; x_wconf 84' lang='lat' dir='ltr'>Pythias</span> <span class='ocrx_word' id='word_1_169' title='bbox 861 2375 977 2415; x_wconf 84' lang='lat' dir='ltr'>dicit:</span> 
     </span>
     <span class='ocr_line' id='line_1_35' title="bbox 319 2429 981 2485; baseline -0.011 -9"><span class='ocrx_word' id='word_1_170' title='bbox 319 2437 372 2476; x_wconf 88' lang='lat' dir='ltr'>ita</span> <span class='ocrx_word' id='word_1_171' title='bbox 401 2433 494 2472; x_wconf 87' lang='lat' dir='ltr'>haec</span> <span class='ocrx_word' id='word_1_172' title='bbox 517 2431 691 2472; x_wconf 77' lang='lat' dir='ltr'>Chaerea.</span> <span class='ocrx_word' id='word_1_173' title='bbox 746 2429 871 2485; x_wconf 62' lang='lat' dir='ltr'>Qun,</span> <span class='ocrx_word' id='word_1_174' title='bbox 904 2431 981 2482; x_wconf 74' lang='lat' dir='ltr'>Py-¹</span> 
     </span>
     <span class='ocr_line' id='line_1_36' title="bbox 317 2485 979 2534; baseline -0.002 -5"><span class='ocrx_word' id='word_1_175' title='bbox 317 2491 436 2534; x_wconf 78' lang='lat' dir='ltr'><em>thius]</em></span> <span class='ocrx_word' id='word_1_176' title='bbox 465 2492 607 2528; x_wconf 80' lang='lat' dir='ltr'>Iterum</span> <span class='ocrx_word' id='word_1_177' title='bbox 636 2500 783 2527; x_wconf 86' lang='lat' dir='ltr'>nomen</span> <span class='ocrx_word' id='word_1_178' title='bbox 811 2485 979 2528; x_wconf 82' lang='lat' dir='ltr'>vultuose</span> 
     </span>
     <span class='ocr_line' id='line_1_37' title="bbox 319 2544 973 2599; baseline -0.006 -11"><span class='ocrx_word' id='word_1_179' title='bbox 319 2545 566 2588; x_wconf 76' lang='lat' dir='ltr'>estadditum.</span> <span class='ocrx_word' id='word_1_180' title='bbox 595 2544 894 2599; x_wconf 77' lang='lat' dir='ltr'>an,p101mo</span> <span class='ocrx_word' id='word_1_181' title='bbox 922 2546 973 2584; x_wconf 91' lang='lat' dir='ltr'>D.</span> 
     </span>
    </p>

    <p class='ocr_par' dir='ltr' id='par_1_16' title="bbox 320 2599 975 2716">
     <span class='ocr_line' id='line_1_38' title="bbox 372 2599 975 2656; baseline -0.002 -17"><span class='ocrx_word' id='word_1_182' title='bbox 372 2607 428 2656; x_wconf 88' lang='lat'>64</span> <span class='ocrx_word' id='word_1_183' title='bbox 459 2601 589 2653; x_wconf 81' lang='lat' dir='ltr'><strong><em>Neque</em></strong></span> <span class='ocrx_word' id='word_1_184' title='bbox 601 2600 667 2653; x_wconf 86' lang='lat' dir='ltr'>pol</span> <span class='ocrx_word' id='word_1_185' title='bbox 682 2599 909 2650; x_wconf 53' lang='lat' dir='ltr'><em>seruandum</em></span> <span class='ocrx_word' id='word_1_186' title='bbox 930 2603 975 2640; x_wconf 85' lang='lat' dir='ltr'>ti</span> 
     </span>
     <span class='ocr_line' id='line_1_39' title="bbox 320 2654 974 2716; baseline -0.006 -14"><span class='ocrx_word' id='word_1_187' title='bbox 320 2659 356 2702; x_wconf 82' lang='lat' dir='ltr'>bi</span> <span class='ocrx_word' id='word_1_188' title='bbox 368 2660 566 2716; x_wconf 75' lang='lat' dir='ltr'>quicquam</span> <span class='ocrx_word' id='word_1_189' title='bbox 577 2657 647 2699; x_wconf 83' lang='lat' dir='ltr'>dar</span> <span class='ocrx_word' id='word_1_190' title='bbox 648 2654 798 2709; x_wconf 61' lang='lat' dir='ltr'>eaofim]</span> <span class='ocrx_word' id='word_1_191' title='bbox 829 2661 974 2700; x_wconf 80' lang='lat' dir='ltr'>sotum</span> 
     </span>
    </p>
   </div>
   <div class='ocr_carea' id='block_1_11' title="bbox 1026 953 1693 1020">
    <p class='ocr_par' dir='ltr' id='par_1_17' title="bbox 1026 953 1693 1020">
     <span class='ocr_line' id='line_1_40' title="bbox 1026 953 1693 1020; baseline -0.001 -17"><span class='ocrx_word' id='word_1_192' title='bbox 1026 953 1078 1003; x_wconf 96' lang='lat' dir='ltr'>T</span> <span class='ocrx_word' id='word_1_193' title='bbox 1092 969 1142 1004; x_wconf 84' lang='lat' dir='ltr'>H.</span> <span class='ocrx_word' id='word_1_194' title='bbox 1181 956 1470 1020; x_wconf 83' lang='lat' dir='ltr'>quamobrem</span> <span class='ocrx_word' id='word_1_195' title='bbox 1482 955 1657 1002; x_wconf 84' lang='lat' dir='ltr'>tandem</span> <span class='ocrx_word' id='word_1_196' title='bbox 1667 955 1693 1002; x_wconf 66' lang='grc' dir='ltr'>’ἓ</span> 
     </span>
    </p>
   </div>
   <div class='ocr_carea' id='block_1_12' title="bbox 1591 1109 1692 1153">
    <p class='ocr_par' dir='ltr' id='par_1_18' title="bbox 1591 1109 1692 1153">
     <span class='ocr_line' id='line_1_41' title="bbox 1591 1109 1692 1153; baseline 0 0"><span class='ocrx_word' id='word_1_197' title='bbox 1591 1109 1692 1153; x_wconf 73' lang='lat' dir='ltr'>Cu.</span> 
     </span>
    </p>
   </div>
   <div class='ocr_carea' id='block_1_13' title="bbox 1024 1247 1705 2651">
    <p class='ocr_par' dir='ltr' id='par_1_19' title="bbox 1033 1247 1697 1403">
     <span class='ocr_line' id='line_1_42' title="bbox 1035 1247 1697 1305; baseline 0 -15"><span class='ocrx_word' id='word_1_198' title='bbox 1035 1251 1190 1305; x_wconf 76' lang='lat' dir='ltr'>garrule</span> <span class='ocrx_word' id='word_1_199' title='bbox 1207 1259 1249 1289; x_wconf 90' lang='lat' dir='ltr'>et</span> <span class='ocrx_word' id='word_1_200' title='bbox 1266 1247 1526 1303; x_wconf 85' lang='lat' dir='ltr'>gesticulose,</span> <span class='ocrx_word' id='word_1_201' title='bbox 1530 1261 1570 1290; x_wconf 81' lang='lat' dir='ltr'>vt</span> <span class='ocrx_word' id='word_1_202' title='bbox 1588 1251 1697 1302; x_wconf 86' lang='lat' dir='ltr'>puel·</span> 
     </span>
     <span class='ocr_line' id='line_1_43' title="bbox 1033 1304 1694 1346; baseline 0 0"><span class='ocrx_word' id='word_1_203' title='bbox 1033 1308 1109 1346; x_wconf 80' lang='lat' dir='ltr'>lam</span> <span class='ocrx_word' id='word_1_204' title='bbox 1131 1320 1219 1345; x_wconf 87' lang='lat' dir='ltr'>cum</span> <span class='ocrx_word' id='word_1_205' title='bbox 1240 1304 1530 1346; x_wconf 81' lang='lat' dir='ltr'>adolescentulo</span> <span class='ocrx_word' id='word_1_206' title='bbox 1547 1306 1694 1346; x_wconf 60' lang='lat' dir='ltr'>fabula»-</span> 
     </span>
     <span class='ocr_line' id='line_1_44' title="bbox 1034 1362 1343 1403; baseline 0.006 -2"><span class='ocrx_word' id='word_1_207' title='bbox 1034 1364 1067 1402; x_wconf 88' lang='lat' dir='ltr'>ri</span> <span class='ocrx_word' id='word_1_208' title='bbox 1095 1362 1236 1402; x_wconf 82' lang='lat' dir='ltr'>videas.</span> <span class='ocrx_word' id='word_1_209' title='bbox 1295 1365 1343 1403; x_wconf 91' lang='lat' dir='ltr'>D.</span> 
     </span>
    </p>

    <p class='ocr_par' dir='ltr' id='par_1_20' title="bbox 1030 1400 1694 1628">
     <span class='ocr_line' id='line_1_45' title="bbox 1087 1400 1692 1473; baseline -0.002 -16"><span class='ocrx_word' id='word_1_210' title='bbox 1087 1422 1142 1462; x_wconf 87' lang='lat'>66</span> <span class='ocrx_word' id='word_1_211' title='bbox 1166 1418 1276 1470; x_wconf 82' lang='lat' dir='ltr'>Adest</span> <span class='ocrx_word' id='word_1_212' title='bbox 1295 1428 1442 1472; x_wconf 79' lang='lat' dir='ltr'><em>optume</em></span> <span class='ocrx_word' id='word_1_213' title='bbox 1458 1419 1532 1473; x_wconf 75' lang='lat' dir='ltr'>ipfi</span> <span class='ocrx_word' id='word_1_214' title='bbox 1543 1400 1692 1473; x_wconf 67' lang='lat' dir='ltr'>frater]</span> 
     </span>
     <span class='ocr_line' id='line_1_46' title="bbox 1034 1475 1692 1527; baseline -0.002 -13"><span class='ocrx_word' id='word_1_215' title='bbox 1034 1476 1196 1527; x_wconf 80' lang='lat' dir='ltr'><em>Optume,</em></span> <span class='ocrx_word' id='word_1_216' title='bbox 1219 1487 1425 1527; x_wconf 83' lang='lat' dir='ltr'>oportune,</span> <span class='ocrx_word' id='word_1_217' title='bbox 1478 1479 1525 1524; x_wconf 85' lang='lat' dir='ltr'>Et</span> <span class='ocrx_word' id='word_1_218' title='bbox 1542 1489 1622 1526; x_wconf 78' lang='lat' dir='ltr'>non</span> <span class='ocrx_word' id='word_1_219' title='bbox 1636 1475 1692 1514; x_wconf 87' lang='lat' dir='ltr'>est</span> 
     </span>
     <span class='ocr_line' id='line_1_47' title="bbox 1031 1530 1694 1583; baseline 0.002 -13"><span class='ocrx_word' id='word_1_220' title='bbox 1031 1531 1227 1580; x_wconf 84' lang='lat' dir='ltr'>additum,</span> <span class='ocrx_word' id='word_1_221' title='bbox 1256 1532 1361 1570; x_wconf 84' lang='lat' dir='ltr'>cuius</span> <span class='ocrx_word' id='word_1_222' title='bbox 1380 1530 1546 1583; x_wconf 36' lang='lat' dir='ltr'>,fi-ater:</span> <span class='ocrx_word' id='word_1_223' title='bbox 1561 1542 1694 1582; x_wconf 81' lang='lat' dir='ltr'>vtpote</span> 
     </span>
     <span class='ocr_line' id='line_1_48' title="bbox 1030 1586 1478 1628; baseline 0.002 -1"><span class='ocrx_word' id='word_1_224' title='bbox 1030 1589 1072 1627; x_wconf 86' lang='lat' dir='ltr'>in</span> <span class='ocrx_word' id='word_1_225' title='bbox 1092 1601 1134 1626; x_wconf 88' lang='lat' dir='ltr'>re</span> <span class='ocrx_word' id='word_1_226' title='bbox 1156 1586 1370 1627; x_wconf 84' lang='lat' dir='ltr'>manifesta.</span> <span class='ocrx_word' id='word_1_227' title='bbox 1427 1590 1478 1628; x_wconf 93' lang='lat' dir='ltr'>D.</span> 
     </span>
    </p>

    <p class='ocr_par' dir='ltr' id='par_1_21' title="bbox 1031 1642 1693 1964">
     <span class='ocr_line' id='line_1_49' title="bbox 1084 1642 1693 1696; baseline 0.003 -15"><span class='ocrx_word' id='word_1_228' title='bbox 1084 1644 1193 1682; x_wconf 79' lang='lat' dir='ltr'>Perii</span> <span class='ocrx_word' id='word_1_229' title='bbox 1212 1643 1340 1695; x_wconf 83' lang='lat' dir='ltr'>hercle]</span> <span class='ocrx_word' id='word_1_230' title='bbox 1370 1648 1428 1685; x_wconf 82' lang='lat' dir='ltr'>Ex</span> <span class='ocrx_word' id='word_1_231' title='bbox 1448 1646 1519 1696; x_wconf 84' lang='lat' dir='ltr'>(Et</span> <span class='ocrx_word' id='word_1_232' title='bbox 1536 1647 1594 1693; x_wconf 77' lang='lat' dir='ltr'>Z.)</span> <span class='ocrx_word' id='word_1_233' title='bbox 1612 1642 1693 1683; x_wconf 86' lang='lat' dir='ltr'>hoc</span> 
     </span>
     <span class='ocr_line' id='line_1_50' title="bbox 1032 1696 1691 1753; baseline -0.002 -14"><span class='ocrx_word' id='word_1_234' title='bbox 1032 1700 1260 1752; x_wconf 77' lang='lat' dir='ltr'>exprimitur</span> <span class='ocrx_word' id='word_1_235' title='bbox 1297 1700 1414 1752; x_wconf 83' lang='lat' dir='ltr'>quod</span> <span class='ocrx_word' id='word_1_236' title='bbox 1436 1696 1548 1753; x_wconf 78' lang='lat' dir='ltr'>supra</span> <span class='ocrx_word' id='word_1_237' title='bbox 1584 1700 1691 1750; x_wconf 80' lang='lat' dir='ltr'>dixit,</span> 
     </span>
     <span class='ocr_line' id='line_1_51' title="bbox 1031 1755 1688 1810; baseline 0 -16"><span class='ocrx_word' id='word_1_238' title='bbox 1031 1756 1148 1795; x_wconf 81' lang='lat' dir='ltr'><em>Immo</em></span> <span class='ocrx_word' id='word_1_239' title='bbox 1194 1760 1387 1810; x_wconf 79' lang='lat' dir='ltr'><em>percupio.</em></span> <span class='ocrx_word' id='word_1_240' title='bbox 1442 1755 1532 1806; x_wconf 80' lang='lat' dir='ltr'>Viso</span> <span class='ocrx_word' id='word_1_241' title='bbox 1578 1757 1688 1795; x_wconf 87' lang='lat' dir='ltr'>enim</span> 
     </span>
     <span class='ocr_line' id='line_1_52' title="bbox 1034 1812 1688 1860; baseline 0 -10"><span class='ocrx_word' id='word_1_242' title='bbox 1034 1813 1245 1856; x_wconf 82' lang='lat' dir='ltr'>Chremete</span> <span class='ocrx_word' id='word_1_243' title='bbox 1274 1824 1367 1852; x_wconf 86' lang='lat' dir='ltr'>noto</span> <span class='ocrx_word' id='word_1_244' title='bbox 1394 1824 1432 1851; x_wconf 88' lang='lat' dir='ltr'>et</span> <span class='ocrx_word' id='word_1_245' title='bbox 1453 1812 1574 1851; x_wconf 83' lang='lat' dir='ltr'>nobili</span> <span class='ocrx_word' id='word_1_246' title='bbox 1593 1813 1688 1860; x_wconf 86' lang='lat' dir='ltr'>viro,</span> 
     </span>
     <span class='ocr_line' id='line_1_53' title="bbox 1031 1866 1689 1919; baseline -0.003 -11"><span class='ocrx_word' id='word_1_247' title='bbox 1031 1869 1289 1908; x_wconf 81' lang='lat' dir='ltr'>vehementer</span> <span class='ocrx_word' id='word_1_248' title='bbox 1329 1866 1533 1917; x_wconf 85' lang='lat' dir='ltr'>erubescit,</span> <span class='ocrx_word' id='word_1_249' title='bbox 1584 1868 1689 1919; x_wconf 83' lang='lat' dir='ltr'>quod</span> 
     </span>
     <span class='ocr_line' id='line_1_54' title="bbox 1031 1923 1610 1964; baseline -0.003 0"><span class='ocrx_word' id='word_1_250' title='bbox 1031 1938 1118 1964; x_wconf 89' lang='lat' dir='ltr'>cum</span> <span class='ocrx_word' id='word_1_251' title='bbox 1133 1923 1321 1964; x_wconf 73' lang='lat' dir='ltr'>&#39;Eunuchi</span> <span class='ocrx_word' id='word_1_252' title='bbox 1339 1923 1441 1962; x_wconf 83' lang='lat' dir='ltr'>veste</span> <span class='ocrx_word' id='word_1_253' title='bbox 1462 1923 1513 1963; x_wconf 78' lang='lat' dir='ltr'>fit.</span> <span class='ocrx_word' id='word_1_254' title='bbox 1568 1927 1610 1964; x_wconf 85' lang='lat' dir='ltr'>E.</span> 
     </span>
    </p>

    <p class='ocr_par' dir='ltr' id='par_1_22' title="bbox 1024 1979 1705 2302">
     <span class='ocr_line' id='line_1_55' title="bbox 1082 1979 1688 2032; baseline -0.002 -13"><span class='ocrx_word' id='word_1_255' title='bbox 1082 1984 1136 2032; x_wconf 90' lang='lat'>67</span> <span class='ocrx_word' id='word_1_256' title='bbox 1167 1980 1267 2019; x_wconf 85' lang='lat' dir='ltr'><em>Nolo</em></span> <span class='ocrx_word' id='word_1_257' title='bbox 1284 1994 1338 2018; x_wconf 85' lang='lat' dir='ltr'>me</span> <span class='ocrx_word' id='word_1_258' title='bbox 1364 1983 1402 2019; x_wconf 85' lang='lat' dir='ltr'>in</span> <span class='ocrx_word' id='word_1_259' title='bbox 1430 1984 1492 2019; x_wconf 78' lang='lat' dir='ltr'>via</span> <span class='ocrx_word' id='word_1_260' title='bbox 1522 1993 1601 2018; x_wconf 83' lang='lat' dir='ltr'>cum</span> <span class='ocrx_word' id='word_1_261' title='bbox 1621 1979 1688 2019; x_wconf 82' lang='lat' dir='ltr'>hac</span> 
     </span>
     <span class='ocr_line' id='line_1_56' title="bbox 1028 2034 1689 2088; baseline -0.003 -12"><span class='ocrx_word' id='word_1_262' title='bbox 1028 2037 1120 2088; x_wconf 85' lang='lat' dir='ltr'>veste</span> <span class='ocrx_word' id='word_1_263' title='bbox 1145 2036 1285 2084; x_wconf 75' lang='lat' dir='ltr'>videat]</span> <span class='ocrx_word' id='word_1_264' title='bbox 1320 2036 1517 2076; x_wconf 82' lang='lat' dir='ltr'>Subtiliter</span> <span class='ocrx_word' id='word_1_265' title='bbox 1545 2034 1689 2075; x_wconf 81' lang='lat' dir='ltr'>adoles-</span> 
     </span>
     <span class='ocr_line' id='line_1_57' title="bbox 1029 2090 1705 2156; baseline -0.001 -24"><span class='ocrx_word' id='word_1_266' title='bbox 1029 2106 1137 2139; x_wconf 81' lang='lat' dir='ltr'>cens,</span> <span class='ocrx_word' id='word_1_267' title='bbox 1167 2094 1256 2143; x_wconf 84' lang='lat' dir='ltr'>quia</span> <span class='ocrx_word' id='word_1_268' title='bbox 1272 2090 1370 2130; x_wconf 81' lang='lat' dir='ltr'>nihil</span> <span class='ocrx_word' id='word_1_269' title='bbox 1391 2091 1609 2156; x_wconf 83' lang='lat' dir='ltr'><strong>profecerat</strong></span> <span class='ocrx_word' id='word_1_270' title='bbox 1633 2091 1705 2132; x_wconf 66' lang='lat' dir='ltr'>di-,</span> 
     </span>
     <span class='ocr_line' id='line_1_58' title="bbox 1027 2149 1684 2200; baseline -0.003 -12"><span class='ocrx_word' id='word_1_271' title='bbox 1027 2150 1167 2198; x_wconf 69' lang='lat' dir='ltr'>cencio,</span> <span class='ocrx_word' id='word_1_272' title='bbox 1190 2150 1389 2200; x_wconf 85' lang='lat' dir='ltr'>Percupi0‚</span> <span class='ocrx_word' id='word_1_273' title='bbox 1420 2149 1578 2188; x_wconf 84' lang='lat' dir='ltr'>inuenit</span> <span class='ocrx_word' id='word_1_274' title='bbox 1597 2162 1684 2188; x_wconf 87' lang='lat' dir='ltr'>cau-</span> 
     </span>
     <span class='ocr_line' id='line_1_59' title="bbox 1024 2201 1688 2258; baseline -0.003 -13"><span class='ocrx_word' id='word_1_275' title='bbox 1024 2204 1121 2256; x_wconf 82' lang='lat' dir='ltr'>sam,</span> <span class='ocrx_word' id='word_1_276' title='bbox 1152 2219 1226 2256; x_wconf 84' lang='lat' dir='ltr'>qua</span> <span class='ocrx_word' id='word_1_277' title='bbox 1254 2204 1411 2244; x_wconf 85' lang='lat' dir='ltr'>tandem</span> <span class='ocrx_word' id='word_1_278' title='bbox 1428 2204 1585 2258; x_wconf 78' lang='lat' dir='ltr'>ingiedi</span> <span class='ocrx_word' id='word_1_279' title='bbox 1602 2201 1688 2257; x_wconf 85' lang='lat' dir='ltr'>pos-</span> 
     </span>
     <span class='ocr_line' id='line_1_60' title="bbox 1025 2262 1184 2303; baseline -0.013 -1"><span class='ocrx_word' id='word_1_280' title='bbox 1025 2262 1077 2303; x_wconf 83' lang='lat' dir='ltr'>fit.</span> <span class='ocrx_word' id='word_1_281' title='bbox 1135 2265 1184 2302; x_wconf 93' lang='lat' dir='ltr'>D.</span> 
     </span>
    </p>

    <p class='ocr_par' dir='ltr' id='par_1_23' title="bbox 1024 2315 1685 2651">
     <span class='ocr_line' id='line_1_61' title="bbox 1084 2315 1683 2372; baseline 0 -16"><span class='ocrx_word' id='word_1_282' title='bbox 1084 2322 1135 2367; x_wconf 82' lang='lat'>68</span> <span class='ocrx_word' id='word_1_283' title='bbox 1182 2315 1427 2372; x_wconf 68' lang='lat' dir='ltr'><em>Quamobrem</em></span> <span class='ocrx_word' id='word_1_284' title='bbox 1474 2317 1621 2357; x_wconf 75' lang='lat' dir='ltr'><em>tandem</em></span> <span class='ocrx_word' id='word_1_285' title='bbox 1639 2317 1683 2372; x_wconf 81' lang='lat'>?]</span> 
     </span>
     <span class='ocr_line' id='line_1_62' title="bbox 1028 2373 1684 2427; baseline -0.002 -13"><span class='ocrx_word' id='word_1_286' title='bbox 1028 2377 1103 2415; x_wconf 85' lang='lat' dir='ltr'>Pro</span> <span class='ocrx_word' id='word_1_287' title='bbox 1127 2388 1260 2414; x_wconf 79' lang='lat' dir='ltr'><em>tamen.</em></span> <span class='ocrx_word' id='word_1_288' title='bbox 1316 2373 1684 2427; x_wconf 83' lang='lat' dir='ltr'>Interrogatiohaec</span> 
     </span>
     <span class='ocr_line' id='line_1_63' title="bbox 1026 2431 1683 2482; baseline -0.003 -11"><span class='ocrx_word' id='word_1_289' title='bbox 1026 2431 1332 2482; x_wconf 82' lang='lat' dir='ltr'>increpationem</span> <span class='ocrx_word' id='word_1_290' title='bbox 1355 2431 1529 2473; x_wconf 84' lang='lat' dir='ltr'>eontinet</span> <span class='ocrx_word' id='word_1_291' title='bbox 1555 2431 1683 2482; x_wconf 86' lang='lat' dir='ltr'>impu·</span> 
     </span>
     <span class='ocr_line' id='line_1_64' title="bbox 1028 2485 1685 2539; baseline -0.005 -12"><span class='ocrx_word' id='word_1_292' title='bbox 1028 2486 1236 2527; x_wconf 83' lang='lat' dir='ltr'>dentiffimi</span> <span class='ocrx_word' id='word_1_293' title='bbox 1261 2485 1360 2526; x_wconf 59' lang='lat' dir='ltr'>faeti.</span> <span class='ocrx_word' id='word_1_294' title='bbox 1417 2487 1483 2526; x_wconf 83' lang='lat' dir='ltr'>An</span> <span class='ocrx_word' id='word_1_295' title='bbox 1510 2488 1595 2539; x_wconf 84' lang='lat' dir='ltr'>quia</span> <span class='ocrx_word' id='word_1_296' title='bbox 1618 2498 1685 2538; x_wconf 88' lang='lat' dir='ltr'>pu-</span> 
     </span>
     <span class='ocr_line' id='line_1_65' title="bbox 1028 2543 1683 2598; baseline -0.006 -14"><span class='ocrx_word' id='word_1_297' title='bbox 1028 2544 1142 2598; x_wconf 66' lang='grc' dir='ltr'>ιίετὲ]</span> <span class='ocrx_word' id='word_1_298' title='bbox 1176 2546 1283 2583; x_wconf 84' lang='lat' dir='ltr'>Haec</span> <span class='ocrx_word' id='word_1_299' title='bbox 1321 2543 1573 2595; x_wconf 74' lang='lat' dir='ltr'>interrogatio</span> <span class='ocrx_word' id='word_1_300' title='bbox 1602 2543 1683 2581; x_wconf 86' lang='lat' dir='ltr'>irri-</span> 
     </span>
     <span class='ocr_line' id='line_1_66' title="bbox 1024 2598 1684 2651; baseline 0 -12"><span class='ocrx_word' id='word_1_301' title='bbox 1024 2600 1138 2639; x_wconf 74' lang='lat' dir='ltr'>sionis</span> <span class='ocrx_word' id='word_1_302' title='bbox 1159 2601 1275 2650; x_wconf 87' lang='lat' dir='ltr'>plena</span> <span class='ocrx_word' id='word_1_303' title='bbox 1296 2598 1350 2638; x_wconf 89' lang='lat' dir='ltr'>est</span> <span class='ocrx_word' id='word_1_304' title='bbox 1368 2599 1410 2638; x_wconf 84' lang='lat' dir='ltr'>in</span> <span class='ocrx_word' id='word_1_305' title='bbox 1429 2612 1529 2648; x_wconf 83' lang='lat' dir='ltr'>eum,</span> <span class='ocrx_word' id='word_1_306' title='bbox 1567 2612 1684 2651; x_wconf 86' lang='lat' dir='ltr'>quem</span> 
     </span>
    </p>
   </div>
   <div class='ocr_carea' id='block_1_14' title="bbox 1024 2654 1381 2711">
    <p class='ocr_par' dir='ltr' id='par_1_24' title="bbox 1024 2654 1381 2711">
     <span class='ocr_line' id='line_1_67' title="bbox 1024 2654 1381 2711; baseline -0.017 -11"><span class='ocrx_word' id='word_1_307' title='bbox 1024 2655 1123 2700; x_wconf 78' lang='lat' dir='ltr'>nihil</span> <span class='ocrx_word' id='word_1_308' title='bbox 1142 2654 1277 2711; x_wconf 88' lang='lat' dir='ltr'>pudet.</span> <span class='ocrx_word' id='word_1_309' title='bbox 1333 2658 1381 2700; x_wconf 91' lang='lat' dir='ltr'>D.</span> 
     </span>
    </p>
   </div>
  </div>
 </body>
</html>
