1815 3168
373 161 470 209 374

751 150 906 196 ACT.
938 148 1006 194 111.
1052 149 1248 200 SCEN.
1281 151 1335 196 II.

504 269 618 320 GN.
654 277 751 323 Vix.
787 274 933 322 PAR.
975 275 1046 324 vbi
1069 287 1116 323 tu
1142 293 1212 331 ες,
1255 264 1410 325 Dore?
1445 271 1729 331 accede'huc.

601 350 705 397 hcm
731 353 997 397 Eunuchum
1023 352 1115 401 tibi.

412 443 473 475 20
507 429 654 482 Quam
675 426 842 474 liberali
862 427 983 481 facie,
1005 444 1135 492 quam
1161 438 1294 477 aetate
1319 431 1509 491 integra!

365 626 486 667 modo
513 626 743 667 aduerbium
771 627 821 667 de
841 628 927 667 loco
948 628 1022 667 est:

364 693 427 727 vt,
463 683 584 722 Siculo
612 683 813 737 prospexit
839 683 883 724 ab
913 685 1023 738 vsque

363 738 559 778 Pachinno
598 744 717 791 (Aen.
752 754 838 789 vu,
886 743 1020 793 289.).

361 795 440 834 Hic
466 796 561 846 sunt
590 809 663 835 tres
692 796 829 850 minae]
870 798 1021 838 Callide

360 863 506 890 munus
534 852 584 890 ad
609 854 777 903 pretium
804 854 1020 900 reuocauit,

361 918 402 946 vt
443 908 490 946 ad
528 909 728 947 auaritiam
775 920 1023 950 conuerteret

358 964 606 1002 meretricem
619 976 630 1008 ;
659 976 711 1002 ne
734 963 862 1003 officio
873 965 1018 1004 donan-

359 1019 407 1057 tis
428 1030 466 1058 et
487 1020 609 1071 gratia
629 1019 827 1068 leniretur.
870 1020 1020 1060 Etideo

359 1087 445 1112 non
476 1074 593 1117 dixit,
629 1075 751 1112 tribus
776 1077 886 1114 minis
905 1076 1016 1123 valet,

354 1127 433 1176 sed,
464 1129 523 1167 hic
541 1129 639 1179 sunt
658 1144 732 1170 tres
749 1133 888 1171 minae:
917 1129 1020 1184 quali

355 1186 435 1226 iam
456 1185 664 1226 vendenda
679 1184 733 1226 fit.
788 1188 841 1227 D.

409 1300 472 1340 Ex
489 1297 711 1353 Aethiopia]
742 1300 818 1338 Hic
830 1299 1020 1351 quoniam

352 1350 466 1405 supra
487 1352 723 1394 aduersarius
743 1355 910 1403 dixerat,
933 1362 1016 1406 per-

347 1410 507 1462 pulchra
528 1412 637 1454 dona,
665 1411 755 1450 haut
774 1410 906 1463 nostris
921 1409 1020 1460 fi'mi-

351 1464 424 1515 Iia,
455 1479 571 1518 quam
588 1470 798 1520 Aegyptus
827 1467 1018 1518 produxe·

351 1533 428 1570 rat,
467 1537 489 1561 a
519 1524 688 1574 corporis
719 1524 833 1562 bonis
859 1523 1020 1563 laudare

350 1592 433 1617 non
453 1579 600 1631 potuit,
634 1580 806 1619 laudauit
832 1578 1020 1619 extrinse-

350 1647 442 1683 cus,
475 1633 618 1675 scilicet
647 1649 698 1675 ex
725 1637 813 1674 loco
835 1647 875 1675 et
896 1647 1021 1676 caete-

348 1691 402 1730 ris
422 1690 613 1743 partibus:
646 1702 686 1730 vt
712 1704 762 1744 ex
789 1693 1020 1746 longinqui·

348 1757 430 1786 tate
456 1748 631 1800 regionis
662 1748 827 1800 gratiam
864 1750 1020 1789 muneri

348 1814 608 1855 praepararet.
654 1804 729 1843 Hic
737 1804 833 1855 fient
852 1818 931 1845 tres
950 1807 1036 1846 mi-‘

349 1860 437 1912 nae]
469 1860 543 1898 Hic
563 1860 800 1910 vituperatio
820 1858 944 1899 rursus
957 1874 1020 1900 ex-

348 1912 535 1953 trinsecus
552 1913 651 1954 facia
672 1914 727 1953 est
744 1915 792 1954 ab
814 1917 1019 1966 opinione,

347 1970 397 2009 ab
409 1970 702 2019 existimatione,
719 1985 741 2009 a
752 1972 900 2023 proprii
921 1972 1016 2022 (pre-

347 2027 408 2074 tii,
426 2038 588 2076 vterque
599 2024 687 2077 Ms.)
700 2027 896 2078 qualitate.
936 2027 1015 2066 Vbi

348 2093 475 2123 totum
504 2082 655 2121 donum

346 2151 524 2180 menone
551 2137 692 2177 saelum
720 2139 784 2189 <in
808 2135 893 2179 Mss.
913 2140 1015 2178 lacu-

346 2209 439 2235 nam
459 2194 633 2246 repperit
651 2195 798 2234 nullam
820 2194 1013 2234 Westerh.

344 2255 403 2293 Vt
447 2250 642 2291 laboranti
678 2250 767 2289 loco
808 2250 1013 2299 medearis,

347 2322 420 2360 pro
438 2308 610 2360 fac‘tum,
644 2307 759 2361 lege,
791 2305 1012 2354 exhibitum,

348 2363 429 2411 seu,
452 2375 632 2404 ornatum
653 2366 737 2414 Z.):
767 2364 820 2402 vti
844 2364 1014 2415 primum

346 2419 484 2472 (forte,
510 2423 684 2460 nimirum
706 2420 769 2472 Z.)
801 2433 847 2459 ea
858 2420 1015 2471 quaein

348 2489 514 2529 corpore
542 2490 623 2516 non
655 2475 852 2528 placebat,
885 2478 1013 2528 primo

347 2534 653 2586 promitteretur:
685 2531 770 2584 post
787 2531 1009 2580 Eunuchus,

346 2590 416 2641 qui
442 2591 573 2640 vtique
601 2598 685 2628 erat
718 2587 1011 2640 pulcherrimus,

344 2646 435 2697 quia
454 2642 679 2686 adolescens
701 2643 888 2693 Chaerea.
937 2645 1013 2684 Hic

348 2703 474 2745 omnis
492 2701 575 2745 laus
599 2715 622 2744 a
642 2714 816 2757 corpore,
835 2700 1014 2762 quod-di-

683 2082 703 2102 *
732 2082 870 2122 callide
888 2098 910 2122 a
927 2087 1027 2124 Par-⁷

1595 509 1730 554 Tim.

1071 631 1136 676 xit,
1159 630 1372 670 Eunuchum
1389 628 1462 670 tibi
1473 629 1481 670 !
1513 643 1620 684 quam
1645 628 1735 669 libe-

1071 686 1271 737 ralifizcie,
1295 700 1400 739 quam
1420 699 1542 725 aetate
1561 686 1729 740 integra!

1071 745 1180 782 Haec
1215 743 1374 794 quidem
1412 754 1514 781 aetas
1551 742 1733 781 naturalis

1071 798 1145 838 est:
1178 809 1219 838 et
1235 798 1446 841 Eunuchus
1471 798 1653 849 equidem
1668 811 1734 837 na-

1073 867 1180 894 turae
1200 854 1322 894 datur.
1381 854 1459 895 Sed
1485 853 1580 893 haec
1603 854 1734 893 omnia

1071 908 1260 963 personae
1278 909 1364 950 sunt
1382 909 1572 950 attributa.
1626 912 1669 950 E.

1127 969 1190 1006 Ex
1223 967 1424 1019 Aethiopia
1461 966 1527 1020 est]
1573 966 1735 1006 Seruius

1069 1023 1240 1063 Aeneid.
1263 1037 1297 1069 1,
1326 1027 1420 1076 647.
1466 1023 1590 1062 Iliacis
1609 1032 1735 1073 erepta

1072 1080 1206 1117 ruinis.
1236 1080 1367 1118 lunius
1382 1078 1732 1132 PliyL011·g.1v‚293.

1071 1135 1216 1187 Georg.
1237 1135 1350 1186 vsque
1366 1134 1551 1174 coloratis.
1609 1137 1648 1174 L.

1127 1201 1176 1242 19
1210 1190 1303 1243 Vix]
1324 1192 1412 1241 >Aut
1431 1190 1579 1245 diffi‘cile
1595 1188 1736 1242 fignifi-

1071 1255 1151 1294 cat,
1181 1256 1248 1285 aut
1275 1259 1372 1293 n0n3
1401 1256 1440 1283 vt
1467 1245 1529 1294 fit,
1561 1259 1625 1284 nec
1653 1245 1734 1284 hoc.

1069 1302 1264 1341 Lucilius:
1309 1303 1449 1342 carcer
1490 1303 1560 1339 vix
1596 1315 1736 1341 carcere

1070 1358 1221 1413 dignus]
1270 1357 1342 1397 Vbi
1362 1372 1403 1397 tu
1423 1371 1468 1405 es,
1484 1358 1616 1401 Dore?
1633 1359 1669 1396 T
1670 1371 1738 1396 an-

1071 1428 1186 1465 quam
1208 1425 1364 1466 quaerat
1383 1427 1494 1459 eum,
1526 1423 1564 1451 vt
1586 1426 1737 1452 nomen

1069 1470 1238 1509 indicet:
1267 1484 1345 1521 quo
1375 1469 1507 1508 audito
1525 1470 1650 1522 magis
1668 1466 1738 1507 dis-

1069 1526 1220 1566 simulet
1232 1526 1462 1567 Chaeream.
1493 1526 1632 1565 Accede
1644 1525 1734 1578 huc]

1071 1583 1191 1622 Vultu
1219 1596 1267 1623 eo
1303 1582 1466 1630 dicitur,
1501 1595 1578 1633 quo
1602 1581 1739 1627 debuit

1071 1638 1214 1686 dicere,
1233 1650 1272 1678 et
1293 1638 1393 1678 dicio
1406 1638 1737 1677 aemulorumlae-

1069 1692 1151 1741 suS,
1185 1705 1225 1734 et
1252 1693 1494 1734 confidentia
1525 1693 1734 1740 destitutus,

1069 1751 1178 1791 velut
1195 1752 1237 1791 in
1255 1764 1302 1790 eo
1326 1750 1509 1789 duntaxat
1528 1747 1734 1802 conspec‘m

1070 1806 1274 1847 Chaereae
1292 1805 1509 1846 confidens.
1555 1807 1646 1845 Hem
1658 1805 1734 1843 Eu-

1069 1863 1231 1902 nuchum
1257 1861 1346 1915 tibi]
1379 1863 1503 1902 Mire:
1531 1860 1734 1913 postquam

1070 1918 1180 1966 dixit,
1212 1942 1266 1948 —
1294 1916 1511 1956 Eunuchum
1519 1929 1635 1969 porro
1649 1918 1734 1956 dix-

1065 1976 1098 2014 ti
1124 1974 1216 2013 velle
1233 1986 1287 2019 te,
1320 1975 1427 2029 Qia
1449 1971 1556 2026 solae
1572 1985 1733 2012 vtuntur

1068 2029 1126 2068 his
1157 2032 1304 2083 reginae
1315 2044 1330 2071 ,·
1371 2029 1513 2081 repperi
1540 2031 1650 2082 (Leg.
1683 2042 1733 2068 ex
1802 2063 1803 2075 2

1066 2095 1158 2124 vett·
1181 2084 1369 2138 vestigiis:
1400 2087 1522 2133 Mire,
1544 2086 1732 2138 postquam
1774 2108 1778 2112 «

1064 2153 1377 2182 ΕνΝνσΗνΜ
1418 2141 1557 2189 dixit,
1595 2154 1729 2181 'r1131
1783 2143 1788 2144 ⁷

1064 2197 1216 2246 intulit,
1251 2209 1288 2250 q.
1320 2197 1356 2236 d.
1385 2197 1597 2237 Eunuchum
1627 2197 1729 2236 dixti

1064 2252 1150 2292 velle
1181 2267 1235 2300 te,
1268 2251 1486 2292 Eunuchum
1512 2253 1584 2293 tibi
1609 2265 1731 2307 reppe-

1064 2311 1131 2360 ri).
1187 2311 1236 2349 D.

1118 2375 1172 2406 20
1182 2363 1303 2419 Qum
1315 2364 1565 2417 liberalifacie
1575 2365 1608 2419 2]
1636 2367 1726 2405 Non

1064 2421 1259 2460 narratiue
1280 2422 1419 2469 laudat,
1441 2420 1505 2461 sed
1517 2435 1588 2473 per
1607 2423 1729 2461 inter-

1064 2477 1333 2530 rogationem,
1374 2491 1473 2529 quae
1493 2478 1615 2516 maior
1633 2476 1728 2516 fidu-

1065 2534 1123 2572 cia
1144 2531 1210 2572 est.
1256 2533 1380 2588 Qum
1398 2547 1521 2574 aetate
1533 2535 1679 2588 integra
1689 2533 1725 2587 2]

1063 2589 1109 2629 ld
1128 2588 1193 2637 est,
1214 2603 1289 2641 qua
1314 2590 1455 2630 florent
1474 2589 1658 2640 puber-<353
1687 2600 1728 2628 vt

1063 2645 1248 2699 Virgilius
1277 2648 1397 2699 (Aen.
1421 2660 1476 2694 IX,
1505 2648 1639 2700 255.):
1671 2658 1728 2685 at-

1062 2715 1131 2759 que
1150 2704 1293 2759 integer
1313 2704 1393 2744 aeui
1416 2702 1604 2755 Ascanius.
1635 2704 1687 2745 D.
