1815 3168
601 124 675 168 IN
706 124 1022 171 EVNVCH.

1404 132 1498 191 269

170 271 230 303 20
259 251 495 299 Menandri
518 252 798 305 Eunuchum,
821 251 1050 317 postquam
1072 254 1248 302 Aediles
1280 270 1497 314 emerunt,

182 332 185 335 '
262 329 457 379 Perfecit,
482 326 557 374 fibi
581 339 626 373 vt
651 328 908 391 inspiciundi
930 326 1032 375 effet
1053 333 1191 393 copia.

260 402 537 464 Magistratus
560 420 660 449 cum
681 404 742 449 ibi
766 401 935 457 adesset,
958 400 1179 468 occepta'st
1204 407 1288 468 agi,

261 479 494 532 Exclamat,
516 478 674 532 furem,
701 496 790 526 non
813 483 1002 534 Poetam,
1025 480 1216 529 fabulam

128 717 282 757 Graeca.

129 783 185 812 tra
206 773 340 825 legem
354 770 454 820 fecit,
477 771 581 824 quod
600 784 648 810 ex
667 773 785 811 Grae-

129 842 172 868 ca
192 828 391 876 transtulit,
420 829 602 879 quoniam
634 838 672 866 et
690 828 782 869 Lati-

126 898 203 925 nae
219 884 446 923 comoediae
465 881 562 923 sunt.
602 884 715 923 Redit
733 882 780 922 ad

125 941 320 980 venialem
341 939 486 989 statum,
508 951 547 979 vt
566 937 723 980 nescisse
744 937 781 978 se

127 996 250 1042 dicat3
281 996 351 1035 Sed
387 1010 447 1036 eas
476 995 631 1047 fabulas
653 997 781 1049 facias

120 1058 233 1107 prius
257 1054 416 1093 Latinas
427 1052 531 1105 fiiffe
541 1052 604 1103 fi,
635 1067 721 1092 vero
741 1052 784 1092 id

120 1110 320 1164 pernegat]
358 1110 420 1150 Sic
457 1109 636 1163 iungitur
664 1110 783 1160 quali-

125 1177 181 1205 tas
207 1163 378 1204 absoluta
413 1164 464 1204 de
500 1166 593 1205 iuris
619 1166 781 1212 ratione,

124 1222 231 1274 quod
250 1222 393 1260 licitum
415 1221 469 1261 est
496 1235 545 1261 ex
561 1223 783 1262 neceffitate

127 1291 274 1325 rerum,
307 1288 345 1316 vt
364 1288 455 1316 nota
473 1276 678 1316 similitudo
698 1290 782 1328 per·

127 1332 240 1373 sonas
267 1332 431 1386 {iugulas
456 1331 635 1372 reseruet.
695 1336 782 1372 Hoc

127 1389 183 1429 est
214 1389 320 1428 enim
350 1388 455 1440 quod
476 1388 593 1427 dicit:
621 1386 789 1443 Qodfi

118 1445 292 1500 personis*
326 1445 454 1499 iffa'em
483 1444 566 1485 aliis
592 1456 666 1485 non
699 1445 782 1484 licet

123 1502 200 1556 vti]
231 1504 337 1541 Haec
359 1502 465 1540 enim
484 1499 635 1551 semper
654 1499 782 1542 neces-

124 1557 231 1598 fitate
258 1557 420 1596 naturali
448 1554 534 1596 sunt
559 1567 646 1606 apta
671 1569 709 1597 et
727 1559 783 1596 in-

339 717 445 769 Ergo
472 714 549 755 iam
586 727 666 754 non
697 727 789 754 con-

122 1615 242 1667 ligata
261 1610 439 1664 personis.
496 1616 551 1652 Ita
575 1612 617 1651 fit
645 1624 683 1651 vt
701 1614 782 1664 qui-

122 1682 291 1720 cumque
308 1666 508 1719 personam
527 1668 694 1720 aliquam
705 1670 782 1708 col-

121 1727 233 1773 locat,
253 1726 335 1763 eius
354 1724 494 1765 debeat
513 1737 640 1764 mores
660 1726 781 1777 expri-

121 1793 253 1822 mere:
292 1794 410 1832 quam
442 1793 525 1820 rem
561 1781 780 1821 concludit:

123 1838 293 1889 Denique
312 1839 447 1875 mavum
459 1837 593 1876 dietum
610 1837 666 1889 est,
687 1839 783 1890 quod

121 1890 430 1947 monadic‘i‘umszt]
461 1893 537 1933 Sed
560 1893 624 1932 hic
645 1907 705 1932 res
722 1895 780 1933 in·

119 1950 361 2002 telligamus‚
397 1962 478 1988 non
507 1949 620 1989 verba
631 1964 642 1998 3
682 1950 780 1990 haec

122 2019 223 2059 quae
251 2005 384 2044 dicunt
410 2006 548 2045 Graeci
576 2004 778 2055 πράγματα,

119 2062 345 2103 naturaliter
370 2058 457 2100 sunt
482 2062 661 2102 omnibus
689 2061 782 2103 sem-

122 2130 193 2169 per
210 2119 395 2169 aequalia.
448 2121 502 2157 At
522 2118 629 2169 dic‘ia,
661 2119 778 2160 verba

123 2171 220 2214 sunt.
277 2174 354 2215 Sed
385 2172 480 2213 haec
521 2175 778 2216 controueriia

122 2228 189 2269 est.
243 2231 423 2282 Sequitur
454 2231 530 2269 iam
559 2232 657 2270 ratio
685 2246 777 2283 pro·

121 2285 224 2338 logi,
248 2298 362 2337 quam
387 2287 429 2325 in
455 2286 643 2327 Andriam
671 2302 778 2340 prae-

125 2341 232 2391 cepi,
268 2352 305 2380 vt
333 2342 569 2395 audientiam
589 2358 610 2383 a
629 2346 776 2397 populo

124 2407 247 2448 petat,
279 2398 516 2438 concludens
553 2398 659 2439 fimul
689 2414 777 2441 cum

120 2453 266 2492 veniali
281 2453 372 2492 statu
398 2456 621 2508 prologum:
649 2457 778 2512 Qtare

121 2521 273 2561 aequum
299 2509 364 2559 est,
393 2524 458 2549 vos
485 2512 698 2566 cognoscere
721 2529 776 2554 at-

99 2568 101 2570 '
119 2576 191 2616 que
211 2565 408 2620 igmfiere]
438 2570 489 2617 Vt
514 2567 574 2608 hic
595 2569 648 2610 est
670 2568 774 2609 abso-

121 2618 200 2661 luta
220 2622 378 2673 qualitas
391 2635 460 2675 per
471 2626 659 2679 exempla,
682 2639 771 2669 cum

1405 578 1498 622 De-

834 716 946 755 tacita
972 714 1033 755 fit:
1074 715 1221 755 deinde
1252 715 1303 757 fic
1336 718 1495 768 audien-

833 772 885 810 tia
909 773 1071 822 petitur:
1100 772 1151 811 Et
1181 786 1258 812 cum
1281 773 1432 825 fiYentio
1452 791 1494 815 a·

831 829 1116 878 nimaduertire‚
1163 843 1207 868 vt
1237 831 1489 881 peruastatis,

832 885 923 937 quid
930 884 1004 937 fibi
1022 886 1128 938 velit]
1167 886 1324 925 Hiciam
1340 900 1492 928 comoe-

833 941 920 979 diae
954 940 1067 992 ipsius
1095 953 1154 979 res
1185 942 1493 996 potestatemque

830 994 1034 1037 noscimus.
1091 1000 1133 1037 E.

884 1065 940 1094 20
985 1051 1177 1106 Postquam
1223 1054 1359 1095 aediles
1402 1071 1492 1096 eme-

831 1109 941 1162 runt]
973 1110 1093 1157 Mire3
1124 1123 1210 1149 cum
1233 1111 1329 1150 ordo
1348 1115 1492 1154 melior

832 1165 1038 1212 videretur,
1066 1165 1092 1205 fi
1115 1164 1164 1204 fic
1185 1166 1354 1208 diceret:
1389 1170 1492 1210 Post-

833 1235 948 1273 quam
982 1221 1127 1261 aediles
1154 1235 1344 1272 emerunt,
1375 1239 1493 1277 quam

831 1291 939 1316 nunc
960 1278 1077 1316 asturi
1088 1276 1224 1327 sumus,
1246 1279 1412 1332 perfecit
1421 1282 1492 1322 {ibi

831 1344 869 1371 vt
886 1331 1121 1384 inspiciundi
1144 1332 1238 1373 efi'et
1260 1338 1383 1388 copia.
1441 1338 1493 1377 E·

830 1402 976 1427 merum.
1003 1401 1151 1438 autem,
1179 1391 1350 1431 mediam
1377 1396 1492 1434 corri-

832 1457 892 1497 pe.
922 1456 959 1484 vt
976 1446 1106 1499 (virg.
1126 1447 1202 1485 Ecl.
1218 1459 1275 1496 lv,
1294 1449 1380 1498 61),
1397 1450 1491 1490 Ma·

832 1503 886 1540 tri
910 1501 1019 1555 longa
1045 1502 1161 1540 decem
1187 1504 1355 1550 ‚tulerunt
1376 1506 1492 1559 fasti·

832 1557 894 1596 dia
913 1557 1061 1607 merfi’s.
1120 1560 1169 1597 D.

887 1613 1032 1652 Aediles
1068 1614 1258 1669 emerunt]
1303 1616 1489 1658 Diomed-

831 1668 949 1708 lib.1.
1002 1672 1040 1709 L.

886 1736 936 1766 21
972 1723 1151 1780 Perftcit]
1183 1726 1296 1774 Mire,
1308 1728 1409 1779 quafi
1421 1729 1491 1770 dif—

830 1779 930 1820 ficile
948 1792 988 1820 et
1006 1781 1194 1821 illicitum.
1253 1786 1303 1826 D,

882 1848 933 1878 22
967 1837 1207 1890 Magistratus
1231 1837 1294 1878 hic
1316 1841 1490 1882 cumfint

828 1893 1002 1942 Aediles,
1022 1894 1126 1934 refile
1145 1905 1220 1934 tres
1257 1895 1370 1940 codd.
1392 1910 1487 1939 vett.

829 1949 997 2001 adzffint.
1055 1954 1094 1991 Β.

883 2019 934 2060 23
966 2006 1172 2055 Exclamat,
1183 2006 1325 2057 fiwem,
1337 2013 1484 2063 rionpo·

828 2063 943 2118 etam]
980 2064 1084 2104 Mire
1110 2063 1363 2115 reprehendit
1394 2077 1488 2106 ante

829 2121 975 2167 vitium,
997 2133 1112 2171 quam
1132 2120 1181 2159 de
1200 2118 1308 2158 causa
1325 2122 1486 2162 maledi-

829 2175 876 2213 <sti
916 2175 1030 2214 dicat.
1085 2177 1303 2225 Exclamat,
1341 2174 1485 2229 furem,

827 2244 902 2270 non
926 2231 1093 2286 poetam]
1125 2230 1267 2271 Adhuc
1296 2232 1402 2272 nulla
1430 2249 1489 2276 re.

827 2285 1031 2338 prehenfio
1056 2288 1133 2326 est:
1162 2287 1188 2326 ii
1215 2287 1376 2340 quidem
1396 2291 1488 2332 licet

825 2342 1034 2382 transferre
1062 2343 1113 2382 de
1136 2344 1282 2384 Graeco
1315 2345 1357 2383 in
1383 2349 1488 2387 Lati-

826 2412 933 2440 num.
993 2399 1044 2439 D.

880 2454 942 2496 Est
968 2453 1089 2497 Luscti
1115 2456 1221 2495 iocus
1242 2456 1284 2494 in
1306 2458 1486 2498 Terenti·

826 2525 905 2561 um>
927 2512 1041 2564 paulo
1064 2510 1265 2551 obscurior.
1304 2511 1485 2565 Fabulam

824 2569 912 2607 dare
940 2567 993 2606 est
1020 2567 1143 2618 ipsum
1172 2568 1339 2619 quodam
1362 2571 1482 2610 modo

824 2624 1054 2677 verbadare,
1067 2622 1128 2664 seu
1142 2623 1299 2667 tancre:
1317 2636 1357 2666 et
1367 2626 1482 2666 verba

1358 2697 1482 2724 tamen
