1815 3168
3 2761 7 2804 l

3 2808 8 2859 l

3 2878 8 2924 l

4 2926 8 3039 l

4 3052 8 3076 ι

580 148 724 194 EVN
743 148 994 195 VCHV8‚

1367 163 1464 218 483

237 272 375 322 Nosse
401 274 546 320 omnia
566 273 684 324 haec,
709 272 814 318 salus
838 271 897 318 cst
915 273 1251 325 adolescentulis.

237 349 330 395 ΡΥ.
368 353 462 408 Ego
485 349 560 411 pol
584 359 625 393 te
651 365 732 410 pro
755 347 840 393 illis
864 345 988 395 (ligiis
1013 360 1056 395 et
1079 349 1216 405 faffis,
1239 354 1386 408 scelus,

142 444 202 474 20
236 424 440 471 Vlciscar:
478 435 521 470 vt
542 425 792 486 neimpune
814 425 857 468 in
883 441 962 469 nos
985 424 1180 472 illuseris.

233 502 348 546 Proh
381 497 513 542 fidem
547 497 700 545 deum!
752 498 916 545 facinus
950 498 1144 549 foedum.
1183 519 1211 549 o
1241 504 1461 555 infelicem

327 571 690 620 adolescentulum
701 571 711 619 ‚¹

370 767 385 783 Χ

94 793 276 836 hesterno
294 793 337 833 fit
357 792 631 834 comedendus.
673 792 749 835 Cui

95 852 325 891 contrarium
337 852 527 891 Sallustius
541 862 547 893 ζ
560 853 643 900 lug.
656 851 748 903 44.)

94 904 229 959 posuit,
259 907 308 945 de
329 906 476 945 deliciis
495 906 662 946 militnm
690 905 747 943 lo-

93 976 230 1014 quens,
255 964 372 1001 Panes
390 964 485 1000 enim
503 965 541 1000 in
560 962 636 1001 dies
653 974 746 1000 mer-

93 1022 183 1066 cari,
206 1019 343 1069 inquit.
398 1017 460 1055 Ex
485 1019 565 1056 iure
585 1016 745 1068 hesterno

89 1087 216 1128 panem
241 1087 366 1112 atrum
389 1074 538 1121 vorent]
569 1075 655 1113 Hoc
682 1072 746 1121 est,

92 1143 131 1170 vt
154 1129 308 1182 quidam
329 1131 481 1176 volunt,
511 1142 558 1167 ex
572 1128 746 1179 antiqui-

93 1198 170 1226 tate
191 1184 409 1225 mucidum:
438 1184 539 1235 quali
551 1184 661 1233 dicat,
683 1198 746 1235 pa-

92 1256 186 1282 nem
218 1242 417 1280 mucidum
450 1240 630 1280 hesterno
663 1241 748 1279 iure

91 1299 327 1349 accipientes
348 1296 579 1348 deglutiunt.
635 1298 682 1336 D.

146 1356 233 1410 Qo
257 1353 362 1404 paCt'o
389 1366 436 1389 ex
465 1350 563 1398 iure]
587 1349 747 1402 Expres-

91 1410 137 1451 {it
153 1409 401 1448 meretricum
412 1406 551 1446 sordes.
605 1408 644 1448 Si
666 1408 748 1458 qui-

92 1466 183 1505 dem
215 1474 364 1514 praeter
391 1474 540 1502 caetera
561 1465 675 1502 etius
697 1461 748 1500 di-

92 1523 149 1561 xit
165 1519 384 1572 hesternum,
415 1518 545 1570 (quod
566 1516 749 1570 significat

92 1590 234 1629 aquam
264 1577 473 1627 pinguem)
503 1574 608 1625 quod
641 1573 688 1612 ab
715 1587 748 1612 a·

91 1645 241 1672 mature
265 1632 453 1676 tulerunt3
483 1640 548 1668 aut
568 1629 672 1667 domi
690 1627 747 1667 fu-

92 1690 166 1727 erit
192 1702 233 1726 ac
254 1684 493 1734 remanserit,
522 1685 625 1736 quod
653 1683 746 1722 foris

91 1743 358 1784 coenauerint.
409 1744 450 1780 E.

150 1807 194 1848 18
223 1802 348 1850 Lege,
371 1797 494 1848 saluti
512 1795 569 1847 est,
597 1797 649 1835 vti
668 1792 746 1834 sua-

87 1857 184 1895 uitas
208 1853 300 1902 soni,
328 1864 366 1893 et
388 1854 548 1906 linguae
567 1853 663 1891 ratio
682 1865 747 1902 po-

87 1913 205 1953 stulat.
264 1913 305 1949 B.

149 1979 197 2018 19
227 1965 305 2021 Ego
322 1965 386 2017 pol
404 1978 438 2003 te
452 1976 523 2016 pro
544 1962 618 2014 istis
637 1962 743 2002 dietis

89 2038 126 2064 et
140 2024 262 2073 fastis,
284 2021 416 2072 scelus,
441 2020 608 2070 vlcifiar]
639 2019 740 2058 Miro

89 2078 248 2120 artificio
257 2082 408 2126 Poetae,
428 2088 465 2116 et
475 2076 521 2115 ab
535 2076 647 2114 initio
659 2088 739 2113 non

89 2137 256 2187 placatur
277 2132 440 2187 Pythias,
469 2145 542 2171 nec
569 2132 611 2169 in
629 2132 742 2183 grati-

88 2205 149 2230 am
185 2190 285 2229 redit
308 2188 516 2231 Chaereae.
570 2189 619 2226 Et
643 2184 741 2224 insu-

90 2260 163 2298 per
194 2255 295 2284 nunc
325 2246 423 2284 mire
448 2259 469 2283 a
495 2248 740 2284 Parmenone

91 2303 254 2341 irritatur
280 2301 431 2353 magis:
479 2311 516 2338 vt
550 2312 621 2350 per
655 2311 740 2337 eam

90 2362 280 2399 Parmeno
299 2366 494 2398 terreatur,
517 2366 556 2394 et
576 2356 740 2405 perPar-

87 2422 299 2452 menonem
318 2411 467 2464 ingredi
489 2411 536 2450 ad
547 2409 740 2449 Thaidem

88 2480 247 2521 cogatur
269 2465 409 2507 senex:
443 2467 649 2514 etdemum
667 2478 739 2516 per

88 2523 222 2563 senem
257 2525 415 2575 nuptiae
450 2521 737 2562 confirmentur.

87 2582 196 2619 Haec
217 2592 312 2631 ergo
330 2577 531 2617 artificibus
555 2590 592 2617 et
610 2577 736 2617 erudi-

90 2637 147 2682 tis,
166 2646 313 2674 caetera
335 2631 599 2685 speetatoribus
619 2636 735 2676 Poeta

90 2690 257 2734 exhibet.
312 2693 361 2732 D.

1307 657 1349 701 O
1370 655 1457 703 sce-

852 806 906 837 20
946 793 1010 835 Ne
1040 795 1186 848 impune
1213 797 1254 835 in
1283 797 1364 845 nor]
1395 803 1458 841 Ne

797 848 877 888 fine
898 864 1028 902 poena
1047 852 1159 892 nobis
1190 854 1373 895 iniuriam
1397 856 1458 896 se·

798 908 905 945 ceris.
962 910 1006 947 E.

847 963 961 1009 Dele,
983 965 1033 1008 in,
1066 975 1153 1003 cum
1171 963 1321 1005 duobus
1340 967 1456 1008 codd.

795 1018 856 1058 Sic
883 1020 989 1058 enirn
1017 1017 1168 1059 illudere
1194 1023 1357 1061 occurrit
1376 1025 1460 1064 He-

795 1084 872 1112 aut.
892 1087 949 1170 ul}
966 1087 1005 1127 4‚
1029 1088 1090 1129 19.
1121 1086 1161 1115 et
1179 1076 1330 1119 Phor-m.
1349 1092 1388 1129 v,
1419 1086 1456 1129 8,

794 1141 859 1170 22.
948 1160 955 1169 .

849 1197 899 1227 21
943 1185 1046 1225 Proh
1063 1185 1174 1238 fidem
1201 1187 1320 1236 deum]
1364 1191 1455 1231 Vim

794 1254 976 1294 magnam
996 1241 1174 1290 ostendit,
1205 1244 1367 1285 deorum
1387 1246 1455 1286 ini·

795 1297 952 1348 plorans
979 1296 1118 1337 fidem:
1157 1299 1259 1350 quafi
1294 1301 1335 1340 iu
1376 1301 1456 1341 hoe

797 1354 959 1404 negotio
971 1354 1071 1392 nihil
1080 1355 1192 1405 poffit
1209 1356 1350 1408 (profit,
1363 1358 1449 1397 cod.

796 1410 977 1459 vterque)
1006 1407 1220 1454 humanum
1238 1412 1454 1454 confilium.

798 1462 898 1502 Proh
937 1461 1050 1513 fidem
1091 1466 1226 1512 deum]
1268 1467 1454 1508 Simulata

798 1519 1088 1570 perturbatione
1098 1518 1454 1570 sui‚Pa1·menonem

798 1585 917 1613 terret
926 1574 1091 1627 Pythias,
1151 1576 1254 1616 Proh
1266 1576 1381 1629 fidem
1392 1581 1453 1619 de·

795 1635 880 1675 um]
927 1633 1034 1670 Haec
1064 1631 1213 1684 {iugula
1241 1638 1453 1684 pronunci-

795 1685 896 1724 anda
930 1684 1016 1725 sunt
1043 1687 1186 1738 pauido
1217 1699 1258 1726 et
1288 1692 1450 1730 attonito

795 1742 910 1780 vultu.
964 1742 1141 1790 foedum]
1172 1744 1354 1785 Crudele.
1374 1748 1453 1787 Sal·

793 1797 922 1836 Iustius
951 1798 1080 1850 (Catil.
1105 1801 1243 1851 15.).)‚
1278 1800 1394 1840 Foedi
1413 1816 1454 1840 o-

795 1851 876 1892 culi.
933 1854 968 1891 O
995 1853 1174 1905 infelicem
1209 1855 1451 1907 adolescemu-

792 1911 884 1962 lum]
917 1910 1004 1947 Pius
1037 1909 1109 1957 est,
1138 1908 1327 1952 miseriam
1359 1913 1451 1952 ado-

790 1962 967 2003 lescentis
985 1964 1116 2003 dicere
1137 1966 1246 2017 (Plus
1268 1967 1322 2018 est,
1342 1971 1449 2020 mtfi-

791 2023 870 2060 reri
900 2024 971 2059 iam
1009 2020 1255 2071 adolefientis,
1294 2021 1363 2065 Ms.
1395 2027 1441 2064 H.

788 2077 828 2116 Si
858 2076 950 2127 quid
979 2076 1205 2118 mutandum
1233 2078 1306 2127 est,
1334 2080 1443 2132 lege;

791 2133 834 2171 P.
859 2145 886 2170 e.
907 2133 950 2171 de
973 2133 1118 2182 mifiria
1138 2144 1210 2174 etc.
1237 2137 1296 2184 Z.)
1313 2135 1447 2188 Pythi-

789 2202 860 2234 am,
882 2200 996 2239 quam
1013 2186 1119 2226 irasci
1138 2189 1189 2230 ei.
1244 2192 1294 2230 D.

842 2244 916 2283 Pro
927 2245 1032 2282 deum
1045 2242 1157 2293 fidem
1168 2244 1210 2298 J]
1241 2246 1347 2286 Dum
1357 2259 1446 2298 pro-

791 2300 966 2351 greditur
982 2298 1148 2351 Pythias,
1170 2299 1285 2352 fingit
1299 2299 1447 2342 adoles-

791 2367 943 2394 centem
985 2354 1202 2395 Chaeream
1239 2359 1343 2396 intus
1385 2372 1444 2397 ca-

791 2421 921 2461 ptum,
951 2420 991 2449 et
1020 2423 1092 2461 pro
1120 2411 1287 2450 moecho
1307 2412 1446 2463 depre:

787 2465 966 2513 hensum,
996 2479 1072 2517 quo
1090 2464 1234 2506 facilius
1250 2471 1442 2509 Parmeno

786 2534 984 2562 terreatur.
1040 2523 1082 2562 E·

838 2580 986 2627 Omnes
1012 2577 1110 2626 libri,
1139 2574 1302 2631 excento
1328 2582 1441 2620 Remu

784 2634 890 2684 bino,
911 2635 1122 2685 collocanta
1153 2635 1254 2676 Proh
1279 2635 1441 2686 deumfi'-

893 2689 971 2733 Hll
998 2701 1025 2733 2
1345 2693 1435 2732 dem.
