1815 3168
325 158 420 212 428

703 145 861 194 ACT.
895 146 970 192 IV.
1002 144 1195 190 SCEN.
1223 145 1300 192 IV.

459 275 558 327 PH.
590 275 719 324 Vnde
740 277 875 337 igitur
895 273 1071 322 fratrem
1091 288 1242 320 meum
1263 269 1346 319 effe
1370 270 1523 319 sciebas
1537 272 1559 317 ⁰?
1589 268 1687 319 Do.

562 356 776 401 Parmeno

460 428 646 479 Dicebat
675 444 777 475 eum
803 422 911 473 effe:
945 426 981 471 is
1015 424 1133 471 dedit
1163 425 1272 472 mihi
1303 423 1428 470 hanc.
1476 422 1574 471 ΡΗ.
1614 438 1690 470 oc-

559 504 658 552 cidi.

328 604 335 612 ·
364 591 427 649 35
458 578 570 629 Do,
606 582 757 626 Meam
784 577 873 645 ipse
902 566 1082 625 induiti
1102 574 1201 643 post
1232 593 1317 625 vna
1337 573 1467 622 ambo
1490 573 1691 621 abierunt

558 656 688 703 foras.

459 731 554 781 ΡΥ.
593 734 684 777 Iam
706 730 799 778 satis
821 730 959 777 credis
980 729 1163 777 sobriam
1190 724 1271 774 effe
1292 743 1378 780 me,
1398 734 1441 773 et
1452 725 1560 771 nihil
1570 741 1692 772 men·

562 809 686 854 titam
714 806 825 854 tibi?

461 886 554 931 Iam
585 882 677 928 satis
710 878 950 934 certum'st,
981 881 1200 943 virginem
1221 880 1412 927 vitiatam
1442 873 1556 924 effe?
1592 872 1691 923 ΡΗ.

558 974 638 1019 age
659 974 793 1011 nunc,
816 956 973 1009 bellua,

315 1178 473 1234 scibas?
519 1176 572 1216 D.
612 1176 809 1215 Parmeno.
852 1174 982 1223 Reffle,

325 1234 564 1280 dummodo,
592 1229 717 1271 versus
739 1228 868 1280 causa,
901 1243 988 1269 cum

325 1292 414 1334 eod.
435 1293 480 1333 C.
502 1291 547 1331 C.
568 1289 730 1328 eieceris
750 1289 879 1340 igitur.
909 1289 950 1326 B.

382 1360 434 1401 33
468 1346 571 1386 Vnde
591 1347 709 1399 igitur
725 1342 894 1394 fratrem
913 1356 988 1381 me-

1539 1027 1694 1076 Credis

1033 1173 1157 1223 bino,
1184 1171 1332 1212 habent
1350 1171 1488 1226 vestem.
1541 1175 1649 1226 Lege
1667 1172 1697 1211 i-

1039 1230 1142 1283 gitur
1161 1259 1171 1278 ,
1221 1231 1253 1268 is
1287 1230 1339 1268 mi
1380 1229 1474 1268 hanc
1504 1228 1608 1268 dedit
1640 1242 1698 1269 ve·

1029 1287 1135 1339 stem.
1189 1288 1234 1327 Β.

1090 1344 1144 1394 36
1184 1342 1266 1381 Iam
1281 1339 1381 1391 fitis
1405 1340 1522 1380 credis
1551 1353 1606 1379 me
1634 1338 1698 1392 ‘ffi

323 1418 387 1444 um
405 1403 469 1456 effe
480 1399 688 1463 sciebas?].
709 1401 860 1450 thote
877 1399 990 1437 noui·
1026 1396 1221 1453 sobriam]
1253 1397 1356 1448 Quia
1376 1394 1482 1450 supra
1503 1396 1606 1445 dixit,
1631 1398 1701 1437 Te-

326 1463 423 1500 tius:
454 1471 494 1498 et
512 1470 605 1497 eum
625 1469 690 1508 qui
711 1468 760 1494 ex
778 1455 915 1495 Piraeo
933 1468 990 1493 ra-

325 1530 372 1556 ro
396 1512 623 1555 discesserit:
654 1522 695 1551 et
727 1512 850 1563 longo
870 1511 990 1551 inter-

324 1573 434 1612 uallo
470 1578 517 1614 εἶς
542 1568 587 1607 τδ
620 1566 682 1607 o’t'w
720 1567 885 1606 venerit.
941 1569 989 1607 Et

322 1628 424 1669 haec
450 1624 538 1666 sunt
564 1623 747 1676 obliquae
776 1623 990 1676 interroga-

322 1686 480 1733 tiones,
510 1681 651 1734 quibus
677 1680 729 1718 vti
749 1690 917 1719 oratores
935 1679 988 1717 vi-

327 1742 478 1787 demus,
498 1751 587 1778 cum
615 1736 794 1776 deriuare
823 1735 990 1775 testimo-

323 1799 442 1838 -nium
480 1796 670 1835 nituntur.

329 1855 383 1893 ait
411 1850 616 1898 Phaedria,
653 1858 692 1886 vt
722 1846 923 1895 frustretur
952 1861 991 1886 o-

321 1910 454 1958 nmia,
487 1917 590 1959 quae
618 1900 820 1942 confessus‘
841 1903 894 1943 est
911 1906 991 1943 Do-

323 1978 405 2005 .1·uS.
443 1964 538 2005 Vult
557 1960 666 2001 enim
682 1957 790 1998 fratri
811 1956 888 1998 effe
901 1971 991 1999 eon-

328 2020 482 2062 fultum.
540 2019 593 2058 D.

365 2071 368 2075 ⁴
386 2089 443 2130 34
463 2075 644 2114 Parmeno
655 2070 801 2111 dicebat
819 2084 899 2110 eum
909 2071 989 2126 effe]

328 2128 459 2186 Prope
476 2128 712 2169 infirmatum
728 2127 991 2167 testimonium

331 2189 399 2231 est,
455 2186 578 2237 Quod
606 2185 713 2224 enim
731 2183 780 2224 fic
801 2184 871 2233 ait,
899 2185 989 2224 Par-

330 2258 434 2285 meno
462 2242 605 2282 dicebat
633 2254 712 2280 eum
739 2239 821 2292 esse,
854 2239 989 2280 falsum

331 2299 411 2343 effe
437 2297 573 2352 potest.
630 2301 678 2338 Et
703 2298 801 2336 mire
830 2295 887 2336 fic·
913 2297 987 2336 ait:

331 2369 393 2405 vt,
421 2356 511 2396 Sola
539 2353 629 2393 mihi
655 2354 757 2393 tales
775 2353 876 2404 casus
903 2352 990 2405 Cast

319 2413 469 2470 findra
489 2409 639 2451 canebat
655 2411 774 2462 (Aen.
787 2423 854 2459 111,
870 2413 988 2462 183.).

330 2468 396 2512 Sic
406 2479 533 2508 autem
545 2467 718 2513 dicimus,
741 2465 895 2517 quando
908 2480 991 2506 non

332 2524 463 2573 semel,
483 2523 589 2576 quod
609 2522 750 2562 saelum
768 2521 896 2572 fuerit,
925 2519 991 2562 sed

334 2580 480 2634 saepius
499 2578 816 2618 demonstramus.
870 2583 921 2620 D.

387 2640 538 2681 Omnes
557 2635 666 2688 libri,
699 2645 867 2691 excepto
883 2637 993 2678 Bem-

733 1795 783 1832 Et
816 1791 907 1831 ideo
941 1790 991 1830 fic
1032 1814 1041 1819 ·-

1036 1455 1204 1493 mulenta
1241 1468 1298 1493 es:
1335 1464 1374 1492 et
1408 1452 1509 1505 quasi
1535 1465 1700 1506 grauem

1038 1511 1217 1549 iniuriam
1251 1509 1326 1548 hoe
1365 1508 1466 1548 dic'to
1501 1506 1604 1561 paffa
1639 1508 1698 1556 fit,

1037 1567 1265 1607 memoriter
1295 1564 1438 1604 dietum
1472 1566 1611 1605 retulit.
1647 1575 1699 1614 vt,

1037 1622 1098 1663 En
1122 1636 1189 1678 ego
1220 1623 1318 1661 vic‘ta
1342 1620 1424 1671 sztu
1460 1623 1582 1673 (Aen.
1611 1633 1699 1671 vn,

1036 1681 1164 1733 452).
1191 1688 1240 1727 et‚
1253 1678 1385 1728 Pulfias
1403 1678 1495 1733 ego?
1509 1680 1631 1731 (Aen.
1642 1689 1701 1728 xl,

1040 1738 1170 1790 392).
1224 1736 1274 1775 D.

1082 1789 1151 1845 '37
1177 1791 1258 1830 Iam
1271 1789 1375 1840 finis
1401 1801 1538 1831 certum
1557 1789 1603 1842 est
1620 1791 1700 1830 vir-

1040 1848 1163 1903 ginem
1190 1849 1366 1886 vitiatam
1393 1845 1508 1900 ‘’sse-²]
1546 1845 1701 1886 Ordine

1042 1905 1105 1949 ait,
1124 1916 1244 1953 quum
1261 1902 1428 1952 primum
1457 1901 1507 1940 de
1526 1899 1583 1950 se,
1614 1913 1699 1942 tum

1042 1959 1093 1999 de
1108 1955 1323 1998 aduersario
1340 1954 1522 2008 loquitur.
1585 1960 1634 1999 D.

1095 2016 1169 2054 Hic
1207 2012 1513 2052 conclufionibus
1555 2013 1701 2053 nihilo«

1040 2071 1169 2110 minus
1198 2080 1346 2123 pugnat
1370 2067 1614 2119 adolescens,
1645 2068 1702 2109 di·

1029 2140 1133 2166 cens
1167 2124 1353 2166 Eunucho
1386 2139 1471 2164 non
1510 2123 1589 2164 effe
1620 2139 1699 2165 cre-

1033 2182 1235 2223 dendum:
1266 2184 1345 2236 Age
1366 2195 1460 2221 nunc
1479 2181 1601 2235 belua]
1629 2182 1701 2222 Illa

1033 2240 1157 2279 'rarius
1180 2237 1297 2290 (forte
1315 2241 1475 2291 apertius
1500 2240 1576 2291 Z),
1596 2250 1702 2289 quae

1040 2292 1235 2335 accusabat
1265 2309 1285 2333 a
1312 2293 1492 2345 persona,
1531 2308 1615 2333 rem
1648 2292 1701 2334 ad

1038 2352 1136 2392 faifa
1158 2349 1324 2390 deducit.
1379 2350 1589 2392 Conuiftus
1608 2350 1700 2390 ado-

1041 2405 1197 2456 lescens,
1217 2408 1332 2446 etiarn
1353 2420 1437 2446 curn
1455 2407 1568 2446 tacito
1578 2407 1702 2446 inter-

1032 2461 1204 2517 ⁷1·ogasset
1226 2463 1470 2510 Eunuchum,
1498 2475 1552 2503 ne
1567 2476 1699 2503 verea-

1040 2531 1102 2560 tur
1126 2521 1309 2560 iniuriam
1336 2517 1470 2560 secisse
1493 2518 1698 2568 meretrici,

1040 2587 1180 2617 monet
1208 2587 1270 2627 vt,
1301 2575 1408 2630 quod
1436 2575 1595 2627 dixerat,
1625 2587 1694 2618 ne·

1041 2645 1120 2690 get.
1178 2636 1221 2675 E.
