1815 3168
612 118 1020 166 EVNVCHVS.

1396 143 1491 189 307

255 239 351 291 ΡΗ.
391 246 519 309 Opus
537 243 704 296 faciam,
727 257 775 293 vt
801 244 1009 305 defatiger
1029 246 1183 310 vsque,
1225 252 1418 313 ingratiis
1443 265 1490 303 vt

356 319 584 365 dormiam.

149 375 222 458 χις
257 394 400 443 PAR.
441 393 650 455 Vigilabis
685 392 835 441 lassus:
872 395 1071 462 hocplus
1091 396 1241 445 facies:
1279 398 1374 450 PH.
1414 404 1486 461 ah,

351 469 463 515 nihil
486 471 605 522 dicis,
628 474 860 519 Parmeno.

251 544 480 592 Eiiciunda
509 545 653 592 hercle
685 546 793 592 haec
829 543 889 593 est
915 546 1118 594 mollities
1148 551 1307 597 animi:
1352 554 1484 600 nimis

348 636 420 665 me
448 620 673 681 indulgeo.

248 695 456 742 Tandem
479 713 570 742 non
594 712 676 756 ego
697 694 768 742 illa
789 711 969 750 caream,
992 695 1021 742 fi
1045 695 1097 745 fit
1109 716 1235 764 OPUS,
1258 702 1324 750 vel
1338 712 1482 751 totum

345 767 575 820 triduum?
611 768 750 816 PAR.
791 772 894 819 hui!

246 844 516 894 Vniuorsum
558 845 785 894 triduum?
831 847 931 895 vide
964 848 1072 913 quid
1102 835 1217 911 agas]
1262 851 1300 900 P
1315 866 1365 900 Η.
1404 853 1482 903 stat

341 920 563 969 sententia.

769 1018 881 1063 V2

169 1167 222 1210 14
252 1156 303 1197 Vt
328 1155 513 1213 definiger
538 1156 667 1213 vsque]
698 1160 770 1198 Or-

111 1211 164 1252 do
185 1212 251 1259 est,
273 1211 389 1265 vsque
408 1225 446 1252 vt
464 1213 667 1267 defatiger.
705 1217 768 1253 ln-

110 1270 249 1323 gratiis
271 1282 315 1307 vt
334 1270 533 1322 dormiam]
559 1270 602 1309 Id
621 1269 685 1318 est,
716 1280 769 1309 et-

110 1325 187 1362 iarn
223 1325 368 1363 inuitus
396 1335 434 1364 et
452 1325 609 1365 eoassus.
667 1327 768 1364 Nam

110 1381 304 1433 ingratiis,
331 1393 412 1419 non
441 1380 537 1419 vlu-o
566 1379 763 1433 fignificat.

112 1435 203 1486 quia
235 1436 405 1476 vltronea
433 1446 539 1489 grata
562 1433 668 1475 sunt:
709 1436 768 1474 in-

108 1501 237 1544 grata,
267 1505 367 1544 quae
384 1491 431 1530 ab
455 1492 624 1530 inimicis
645 1492 766 1544 (lege,

107 1548 258 1598 inuitis)
305 1545 404 1586 fiunt
420 1577 431 1597 ‚
482 1560 526 1587 ac
563 1544 766 1587 recusanti-

108 1601 191 1642 bus.
244 1604 294 1644 D.

165 1659 267 1710 Opus
284 1659 449 1711 fficiam,
488 1671 533 1698 vt
559 1656 761 1713 defiztiger]

103 1714 296 1754 Alexand.
315 1713 489 1766 Aphrod.
514 1713 580 1753 lib.
606 1727 643 1755 2.
674 1718 759 1754 Pro-

103 1768 221 1809 blem.
252 1768 317 1808 Aac)
335 1777 372 1808 τί
389 1777 405 1807 ὁ
423 1769 525 1814 κόπος
551 1776 639 1808 ποιεῖ
663 1769 760 1810 ὕπνον

102 1825 178 1868 &c.
233 1830 274 1867 L.

157 1882 322 1933 Antiqui
358 1880 447 1921 libri
483 1882 586 1921 reae
613 1880 761 1924 habent

100 1935 289 1991 defetiger.
346 1940 416 1976 Pro
444 1939 591 1991 vulgari
607 1939 678 1977 illo
704 1943 759 1979 in-

100 2007 244 2048 gratus,
267 2003 306 2032 et
322 1995 476 2040 Donati,
498 1994 757 2047 Bembinique

100 2050 271 2103 ingfratis,
285 2050 436 2102 corrige
450 2053 638 2103 ingratiis.
671 2054 713 2092 Β.

157 2106 206 2146 16
238 2106 364 2144 Nimis
380 2119 434 2144 me
459 2106 651 2161 indulgeo]
691 2109 757 2148 Me

100 2157 150 2198 fic
177 2172 333 2207 veteres,
369 2161 474 2212 quod
498 2176 569 2201 nos
592 2162 686 2201 mihi
703 2164 757 2202 di-

1336 1024 1480 1070 Pan.

819 1158 980 1213 duum3]
1011 1159 1073 1199 Sic
1096 1163 1224 1213 coepit
1242 1174 1424 1217 tanquam
1440 1183 1478 1208 a-

818 1215 942 1266 liquid
975 1214 1075 1255 foret
1104 1217 1272 1258 diCtums
1300 1224 1478 1276 magnifi-

818 1283 926 1310 cum:
957 1285 1038 1310 non
1051 1284 1179 1312 autem
1192 1276 1247 1313 est
1264 1279 1358 1324 mag-ci
1377 1296 1477 1326 προσ-

817 1331 940 1376 δοκίαν,
959 1325 1022 1366 sed
1034 1341 1124 1367 vere
1135 1343 1278 1371 amator
1288 1347 1476 1386 magnum

817 1379 892 1419 hoc
926 1392 1047 1432 putat.
1104 1385 1172 1424 Vel
1205 1400 1323 1426 totum
1351 1393 1476 1428 niciu-

816 1437 928 1490 um?]
973 1441 1123 1490 Magna
1150 1441 1329 1492 profeffio
1361 1448 1474 1485 virtu-

819 1493 876 1541 tis,
898 1506 987 1532 cum
1011 1493 1128 1534 biduo
1150 1497 1193 1535 lit
1212 1510 1320 1549 opus,
1346 1502 1473 1542 triduo

816 1546 922 1600 posse
939 1549 1088 1589 durare.
1145 1555 1193 1592 Et
1213 1567 1331 1594 totum
1351 1561 1474 1596 tridu-

813 1617 895 1653 um,
937 1604 1029 1643 dicit
1066 1608 1276 1657 vniucrfitm
1305 1614 1473 1654 triduum

814 1660 981 1711 (eXCidit
1008 1661 1143 1711 filum
1178 1665 1236 1716 Ζ.)
1282 1673 1470 1713 sigusium-¹34:

812 1715 916 1766 quali
943 1715 988 1754 fit
1005 1717 1176 1758 triduum
1203 1720 1244 1761 in
1263 1725 1384 1763 multo
1405 1740 1473 1766 nm

811 1784 933 1812 mero.
990 1775 1038 1813 D.

865 1883 944 1938 Ego
963 1883 1028 1923 illa
1048 1884 1103 1925 est
1122 1888 1360 1939 anapaestus.
1397 1894 1440 1933 B.

865 2002 913 2044 18
950 1996 1043 2035 Vide
1070 1999 1164 2050 quid
1189 2000 1299 2054 agas]
1329 2003 1390 2042 Sic
1412 2004 1467 2042 di-

807 2051 904 2090 citur
941 2065 1085 2105 magna
1128 2056 1461 2107 aggredientibus.
1488 2061 1499 2081 ’·

805 2106 893 2146 Stat
908 2108 1120 2162 fintentia]
1151 2114 1201 2151 Et
1218 2113 1324 2150 vultu
1345 2124 1383 2152 et
1398 2128 1466 2168 ge-

806 2162 860 2201 stu
884 2164 1006 2217 magis
1029 2162 1233 2215 spectabile
1252 2168 1356 2219 quod
1368 2170 1466 2211 dixit

101 2216 220 2254 cimus
286 2217 402 2266 Alibi,
433 2218 483 2257 Te
501 2218 755 2274 indulgebant,
797 2218 875 2269 flat
889 2219 1106 2268 fintentia:
1136 2223 1198 2260 vel
1217 2226 1385 2264 maxime
1400 2241 1460 2276 eo,

102 2268 175 2311 tibi
195 2273 344 2313 dabant.
401 2276 449 2314 D.

157 2327 281 2367 Nimis
309 2343 361 2381 me
386 2330 576 2386 indulgeo]
607 2328 680 2371 Ms.
711 2334 754 2373 R.

101 2384 207 2422 nimis
228 2383 326 2423 mihi.
378 2388 417 2426 L.

154 2438 296 2479 Melior
320 2441 414 2480 ordo
443 2440 497 2481 est
515 2443 557 2482 in
578 2442 663 2484 cod.
685 2446 754 2485 Re-

101 2494 168 2547 gio
181 2496 323 2545 aliquo,
342 2496 388 2546 esc'
409 2496 507 2536 haec.
565 2501 604 2538 B.

159 2563 209 2603 17
238 2551 395 2590 Tandem
420 2567 494 2592 non
520 2568 587 2608 ego
613 2554 677 2594 illa
697 2569 752 2595 ca-

99 2618 210 2656 ream,
218 2605 316 2659 fifi't
335 2620 439 2662 epm,
466 2609 526 2649 vel
539 2623 663 2652 totum
683 2615 751 2652 tri-

808 2275 910 2326 quod
939 2286 1044 2314 tanto
1073 2274 1201 2315 sonitu
1231 2278 1326 2318 haee
1353 2281 1462 2322 dese

805 2331 1004 2383 promittat
1043 2332 1228 2372 Phaedria
1271 2339 1460 2378 continuo

805 2386 1018 2433 rediturus,
1056 2389 1118 2427 vel
1143 2392 1265 2440 potiUs
1296 2406 1377 2433 nou
1403 2409 1462 2433 ac-

803 2441 966 2482 cessurus
1003 2443 1050 2482 ad
1094 2445 1231 2484 villam.
1289 2451 1461 2490 Tantum

802 2511 930 2541 autem
948 2498 1082 2548 aberit,
1107 2513 1292 2551 quantum
1314 2515 1461 2556 tempo-

803 2555 852 2593 ris
883 2567 978 2606 opus
1011 2555 1065 2594 est
1091 2558 1140 2596 ad
1161 2558 1368 2601 vitiandam
1387 2563 1458 2602 vii·-

803 2612 949 2666 ginem.
1011 2613 1063 2652 D.
