<?xml version="1.0" encoding="UTF-8"?>
<!DOCTYPE html PUBLIC "-//W3C//DTD XHTML 1.0 Transitional//EN"
    "http://www.w3.org/TR/xhtml1/DTD/xhtml1-transitional.dtd">
<html xmlns="http://www.w3.org/1999/xhtml" xml:lang="en" lang="en">
 <head>
  <title>
</title>
<meta http-equiv="Content-Type" content="text/html;charset=utf-8" />
  <meta name='ocr-system' content='tesseract 3.04.00' />
  <meta name='ocr-capabilities' content='ocr_page ocr_carea ocr_par ocr_line ocrx_word'/>
</head>
<body>
  <div class='ocr_page' id='page_1' title='image "./comoediaesexexre01tereuoft_0545.png"; bbox 0 0 1815 3168; ppageno 0'>
   <div class='ocr_carea' id='block_1_1' title="bbox 516 48 956 132">
    <p class='ocr_par' dir='ltr' id='par_1_1' title="bbox 516 48 956 132">
     <span class='ocr_line' id='line_1_1' title="bbox 516 48 956 132; baseline 0.007 -3"><span class='ocrx_word' id='word_1_1' title='bbox 516 48 956 132; x_wconf 18' lang='lat' dir='ltr'>*EVNVCHVR</span> 
     </span>
    </p>
   </div>
   <div class='ocr_carea' id='block_1_2' title="bbox 1337 93 1438 150">
    <p class='ocr_par' dir='ltr' id='par_1_2' title="bbox 1337 93 1438 150">
     <span class='ocr_line' id='line_1_2' title="bbox 1337 93 1438 150; baseline 0.02 -2"><span class='ocrx_word' id='word_1_2' title='bbox 1337 93 1438 150; x_wconf 69' lang='lat'>449</span> 
     </span>
    </p>
   </div>
   <div class='ocr_carea' id='block_1_3' title="bbox 146 209 1436 278">
    <p class='ocr_par' dir='ltr' id='par_1_3' title="bbox 146 209 1436 278">
     <span class='ocr_line' id='line_1_3' title="bbox 146 209 1436 278; baseline 0.002 -18"><span class='ocrx_word' id='word_1_3' title='bbox 146 232 172 278; x_wconf 81' lang='grc' dir='ltr'><strong><em>ς</em></strong></span> <span class='ocrx_word' id='word_1_4' title='bbox 210 217 302 265; x_wconf 91' lang='lat' dir='ltr'>Tu,</span> <span class='ocrx_word' id='word_1_5' title='bbox 327 210 528 264; x_wconf 87' lang='lat' dir='ltr'>Simalio,</span> <span class='ocrx_word' id='word_1_6' title='bbox 560 212 606 256; x_wconf 88' lang='lat' dir='ltr'>in</span> <span class='ocrx_word' id='word_1_7' title='bbox 627 209 843 258; x_wconf 77' lang='lat' dir='ltr'>sinistrum</span> <span class='ocrx_word' id='word_1_8' title='bbox 866 228 1029 258; x_wconf 87' lang='lat' dir='ltr'>cornu:</span> <span class='ocrx_word' id='word_1_9' title='bbox 1064 222 1127 266; x_wconf 86' lang='lat' dir='ltr'>tu,</span> <span class='ocrx_word' id='word_1_10' title='bbox 1163 214 1341 276; x_wconf 77' lang='lat' dir='ltr'>SyrIsce,</span> <span class='ocrx_word' id='word_1_11' title='bbox 1387 219 1436 266; x_wconf 88' lang='lat' dir='ltr'>in</span> 
     </span>
    </p>
   </div>
   <div class='ocr_carea' id='block_1_4' title="bbox 305 287 545 334">
    <p class='ocr_par' dir='ltr' id='par_1_4' title="bbox 305 287 545 334">
     <span class='ocr_line' id='line_1_4' title="bbox 305 287 545 334; baseline -0.008 0"><span class='ocrx_word' id='word_1_12' title='bbox 305 287 545 334; x_wconf 84' lang='lat' dir='ltr'>dexterum.</span> 
     </span>
    </p>
   </div>
   <div class='ocr_carea' id='block_1_5' title="bbox 202 357 1434 654">
    <p class='ocr_par' dir='ltr' id='par_1_5' title="bbox 203 357 1433 486">
     <span class='ocr_line' id='line_1_5' title="bbox 203 357 1433 429; baseline 0.003 -18"><span class='ocrx_word' id='word_1_13' title='bbox 203 364 325 423; x_wconf 86' lang='lat' dir='ltr'><strong>Cedo</strong></span> <span class='ocrx_word' id='word_1_14' title='bbox 349 363 479 409; x_wconf 81' lang='lat' dir='ltr'>alios:</span> <span class='ocrx_word' id='word_1_15' title='bbox 519 363 592 410; x_wconf 90' lang='lat' dir='ltr'>vbi</span> <span class='ocrx_word' id='word_1_16' title='bbox 626 357 875 409; x_wconf 79' lang='lat' dir='ltr'>centurio&#39;st</span> <span class='ocrx_word' id='word_1_17' title='bbox 904 366 1069 424; x_wconf 86' lang='lat' dir='ltr'>Sanga,</span> <span class='ocrx_word' id='word_1_18' title='bbox 1109 372 1153 410; x_wconf 90' lang='lat' dir='ltr'>et</span> <span class='ocrx_word' id='word_1_19' title='bbox 1182 367 1433 429; x_wconf 84' lang='lat' dir='ltr'>manipulus</span> 
     </span>
     <span class='ocr_line' id='line_1_6' title="bbox 299 435 948 486; baseline -0.003 0"><span class='ocrx_word' id='word_1_20' title='bbox 299 438 479 486; x_wconf 88' lang='lat' dir='ltr'>furum?</span> <span class='ocrx_word' id='word_1_21' title='bbox 512 435 606 484; x_wconf 79' lang='lat' dir='ltr'>SA.</span> <span class='ocrx_word' id='word_1_22' title='bbox 643 455 795 485; x_wconf 88' lang='lat' dir='ltr'>eccum</span> <span class='ocrx_word' id='word_1_23' title='bbox 819 438 948 485; x_wconf 86' lang='lat' dir='ltr'>adest.</span> 
     </span>
    </p>

    <p class='ocr_par' dir='ltr' id='par_1_6' title="bbox 202 509 1434 654">
     <span class='ocr_line' id='line_1_7' title="bbox 202 509 1434 581; baseline 0.002 -19"><span class='ocrx_word' id='word_1_24' title='bbox 202 509 298 562; x_wconf 71' lang='lat' dir='ltr'>Ta</span> <span class='ocrx_word' id='word_1_25' title='bbox 313 528 357 559; x_wconf 86' lang='lat' dir='ltr'>R.</span> <span class='ocrx_word' id='word_1_26' title='bbox 411 514 547 568; x_wconf 85' lang='lat' dir='ltr'><strong>Quid,</strong></span> <span class='ocrx_word' id='word_1_27' title='bbox 591 516 772 574; x_wconf 81' lang='lat' dir='ltr'>ignaue,</span> <span class='ocrx_word' id='word_1_28' title='bbox 805 513 1058 578; x_wconf 81' lang='lat' dir='ltr'>peniculon&#39;</span> <span class='ocrx_word' id='word_1_29' title='bbox 1085 530 1312 581; x_wconf 86' lang='lat' dir='ltr'>pugnare,</span> <span class='ocrx_word' id='word_1_30' title='bbox 1356 519 1434 580; x_wconf 86' lang='lat' dir='ltr'>qui</span> 
     </span>
     <span class='ocr_line' id='line_1_8' title="bbox 298 587 919 654; baseline -0.002 -18"><span class='ocrx_word' id='word_1_31' title='bbox 298 587 405 636; x_wconf 90' lang='lat' dir='ltr'>istuc</span> <span class='ocrx_word' id='word_1_32' title='bbox 427 589 515 636; x_wconf 90' lang='lat' dir='ltr'>huc</span> <span class='ocrx_word' id='word_1_33' title='bbox 536 600 702 654; x_wconf 83' lang='lat' dir='ltr'>portes,</span> <span class='ocrx_word' id='word_1_34' title='bbox 723 588 919 650; x_wconf 78' lang='lat' dir='ltr'>cogitas?</span> 
     </span>
    </p>
   </div>
   <div class='ocr_carea' id='block_1_6' title="bbox 62 786 724 1569">
    <p class='ocr_par' dir='ltr' id='par_1_7' title="bbox 63 786 724 1010">
     <span class='ocr_line' id='line_1_9' title="bbox 66 786 724 841; baseline -0.006 -11"><span class='ocrx_word' id='word_1_35' title='bbox 66 798 107 830; x_wconf 87' lang='lat' dir='ltr'>vt</span> <span class='ocrx_word' id='word_1_36' title='bbox 124 786 320 841; x_wconf 84' lang='lat' dir='ltr'><strong>Omphale</strong></span> <span class='ocrx_word' id='word_1_37' title='bbox 335 787 547 828; x_wconf 84' lang='lat' dir='ltr'><strong>Herculem</strong></span> <span class='ocrx_word' id='word_1_38' title='bbox 567 787 724 827; x_wconf 86' lang='lat' dir='ltr'>commi-</span> 
     </span>
     <span class='ocr_line' id='line_1_10' title="bbox 64 844 723 898; baseline -0.005 -13"><span class='ocrx_word' id='word_1_39' title='bbox 64 846 204 898; x_wconf 82' lang='lat' dir='ltr'>tigauit</span> <span class='ocrx_word' id='word_1_40' title='bbox 222 844 417 893; x_wconf 87' lang='lat' dir='ltr'>Sandalio,</span> <span class='ocrx_word' id='word_1_41' title='bbox 438 854 516 892; x_wconf 81' lang='lat' dir='ltr'>aut,</span> <span class='ocrx_word' id='word_1_42' title='bbox 539 855 581 884; x_wconf 91' lang='lat' dir='ltr'>vt</span> <span class='ocrx_word' id='word_1_43' title='bbox 590 857 723 898; x_wconf 83' lang='lat' dir='ltr'>gracu-</span> 
     </span>
     <span class='ocr_line' id='line_1_11' title="bbox 64 898 724 953; baseline -0.003 -13"><span class='ocrx_word' id='word_1_44' title='bbox 64 901 123 940; x_wconf 83' lang='lat' dir='ltr'>lus</span> <span class='ocrx_word' id='word_1_45' title='bbox 141 898 332 953; x_wconf 58' lang='lat' dir='ltr'>superbus</span> <span class='ocrx_word' id='word_1_46' title='bbox 352 899 444 939; x_wconf 81' lang='lat' dir='ltr'>male</span> <span class='ocrx_word' id='word_1_47' title='bbox 471 900 649 940; x_wconf 74' lang='lat' dir='ltr'>mulcatus</span> <span class='ocrx_word' id='word_1_48' title='bbox 669 898 724 938; x_wconf 89' lang='lat' dir='ltr'>est</span> 
     </span>
     <span class='ocr_line' id='line_1_12' title="bbox 63 956 665 1010; baseline -0.005 -12"><span class='ocrx_word' id='word_1_49' title='bbox 63 971 87 998; x_wconf 82' lang='lat' dir='ltr'>a</span> <span class='ocrx_word' id='word_1_50' title='bbox 104 956 336 1010; x_wconf 84' lang='lat' dir='ltr'>pauonibus.</span> <span class='ocrx_word' id='word_1_51' title='bbox 362 956 503 995; x_wconf 83' lang='lat' dir='ltr'>Phaed.</span> <span class='ocrx_word' id='word_1_52' title='bbox 525 957 548 996; x_wconf 91' lang='lat' dir='ltr'>l.</span> <span class='ocrx_word' id='word_1_53' title='bbox 571 957 594 996; x_wconf 86' lang='lat' dir='ltr'>l.</span> <span class='ocrx_word' id='word_1_54' title='bbox 623 959 665 998; x_wconf 91' lang='lat' dir='ltr'>Z.</span> 
     </span>
    </p>

    <p class='ocr_par' dir='ltr' id='par_1_8' title="bbox 62 1011 724 1500">
     <span class='ocr_line' id='line_1_13' title="bbox 118 1011 723 1066; baseline -0.01 -11"><span class='ocrx_word' id='word_1_55' title='bbox 118 1027 144 1066; x_wconf 89' lang='lat'>5</span> <span class='ocrx_word' id='word_1_56' title='bbox 174 1011 343 1066; x_wconf 78' lang='lat' dir='ltr'><em>Simalio]</em></span> <span class='ocrx_word' id='word_1_57' title='bbox 382 1016 421 1053; x_wconf 92' lang='lat' dir='ltr'>A</span> <span class='ocrx_word' id='word_1_58' title='bbox 449 1012 580 1062; x_wconf 76' lang='lat' dir='ltr'>firmo,</span> <span class='ocrx_word' id='word_1_59' title='bbox 612 1012 674 1051; x_wconf 91' lang='lat' dir='ltr'>vel</span> <span class='ocrx_word' id='word_1_60' title='bbox 699 1023 723 1049; x_wconf 84' lang='lat' dir='ltr'>a</span> 
     </span>
     <span class='ocr_line' id='line_1_14' title="bbox 62 1067 720 1116; baseline -0.003 -7"><span class='ocrx_word' id='word_1_61' title='bbox 62 1069 170 1110; x_wconf 84' lang='lat' dir='ltr'>fimia</span> <span class='ocrx_word' id='word_1_62' title='bbox 189 1068 499 1116; x_wconf 53' lang='lat' dir='ltr'>deriuatumest,</span> <span class='ocrx_word' id='word_1_63' title='bbox 523 1067 573 1107; x_wconf 86' lang='lat' dir='ltr'>ob</span> <span class='ocrx_word' id='word_1_64' title='bbox 594 1067 720 1107; x_wconf 82' lang='lat' dir='ltr'>foedi-</span> 
     </span>
     <span class='ocr_line' id='line_1_15' title="bbox 63 1123 719 1178; baseline -0.002 -14"><span class='ocrx_word' id='word_1_65' title='bbox 63 1135 185 1164; x_wconf 85' lang='lat' dir='ltr'><strong>tatem</strong></span> <span class='ocrx_word' id='word_1_66' title='bbox 213 1125 291 1164; x_wconf 89' lang='lat' dir='ltr'>oris</span> <span class='ocrx_word' id='word_1_67' title='bbox 319 1125 380 1163; x_wconf 85' lang='lat' dir='ltr'>vel</span> <span class='ocrx_word' id='word_1_68' title='bbox 413 1124 504 1164; x_wconf 76' lang='lat' dir='ltr'>nasi.</span> <span class='ocrx_word' id='word_1_69' title='bbox 557 1123 719 1178; x_wconf 76' lang='lat' dir='ltr'>Syrifie]</span> 
     </span>
     <span class='ocr_line' id='line_1_16' title="bbox 62 1178 720 1234; baseline -0.003 -12"><span class='ocrx_word' id='word_1_70' title='bbox 62 1183 142 1222; x_wconf 81' lang='lat' dir='ltr'>Iam</span> <span class='ocrx_word' id='word_1_71' title='bbox 171 1181 451 1220; x_wconf 85' lang='lat' dir='ltr'>diminutiuum</span> <span class='ocrx_word' id='word_1_72' title='bbox 482 1178 537 1219; x_wconf 85' lang='lat' dir='ltr'>est</span> <span class='ocrx_word' id='word_1_73' title='bbox 563 1195 586 1219; x_wconf 84' lang='lat' dir='ltr'>a</span> <span class='ocrx_word' id='word_1_74' title='bbox 609 1183 720 1234; x_wconf 81' lang='lat' dir='ltr'>Syro.</span> 
     </span>
     <span class='ocr_line' id='line_1_17' title="bbox 68 1234 719 1287; baseline -0.006 -10"><span class='ocrx_word' id='word_1_75' title='bbox 68 1238 128 1277; x_wconf 82' lang='lat' dir='ltr'>Tu</span> <span class='ocrx_word' id='word_1_76' title='bbox 148 1237 297 1276; x_wconf 82' lang='lat' dir='ltr'><em>Simalio</em></span> <span class='ocrx_word' id='word_1_77' title='bbox 325 1239 366 1275; x_wconf 85' lang='lat' dir='ltr'>in</span> <span class='ocrx_word' id='word_1_78' title='bbox 380 1234 563 1287; x_wconf 69' lang='lat' dir='ltr'>fimflrum</span> <span class='ocrx_word' id='word_1_79' title='bbox 583 1249 719 1276; x_wconf 84' lang='lat' dir='ltr'>cornu:</span> 
     </span>
     <span class='ocr_line' id='line_1_18' title="bbox 62 1292 724 1347; baseline -0.005 -15"><span class='ocrx_word' id='word_1_80' title='bbox 62 1306 106 1333; x_wconf 79' lang='lat' dir='ltr'>zu</span> <span class='ocrx_word' id='word_1_81' title='bbox 143 1293 290 1347; x_wconf 65' lang='lat' dir='ltr'>Syrijee</span> <span class='ocrx_word' id='word_1_82' title='bbox 326 1295 365 1330; x_wconf 85' lang='lat' dir='ltr'>in</span> <span class='ocrx_word' id='word_1_83' title='bbox 400 1292 611 1345; x_wconf 78' lang='lat' dir='ltr'>dexterum]</span> <span class='ocrx_word' id='word_1_84' title='bbox 648 1292 724 1331; x_wconf 88' lang='lat' dir='ltr'>Hic</span> 
     </span>
     <span class='ocr_line' id='line_1_19' title="bbox 64 1347 723 1402; baseline -0.006 -14"><span class='ocrx_word' id='word_1_85' title='bbox 64 1362 208 1402; x_wconf 81' lang='lat' dir='ltr'>agmen</span> <span class='ocrx_word' id='word_1_86' title='bbox 253 1347 458 1387; x_wconf 84' lang='lat' dir='ltr'>instruitur.</span> <span class='ocrx_word' id='word_1_87' title='bbox 541 1350 723 1386; x_wconf 88' lang='lat' dir='ltr'>Facetum</span> 
     </span>
     <span class='ocr_line' id='line_1_20' title="bbox 65 1402 722 1456; baseline -0.003 -13"><span class='ocrx_word' id='word_1_88' title='bbox 65 1416 194 1444; x_wconf 84' lang='lat' dir='ltr'>autem</span> <span class='ocrx_word' id='word_1_89' title='bbox 215 1403 279 1453; x_wconf 74' lang='lat' dir='ltr'>est,</span> <span class='ocrx_word' id='word_1_90' title='bbox 298 1416 386 1442; x_wconf 85' lang='lat' dir='ltr'>cum</span> <span class='ocrx_word' id='word_1_91' title='bbox 404 1418 425 1442; x_wconf 89' lang='lat' dir='ltr'>a</span> <span class='ocrx_word' id='word_1_92' title='bbox 442 1402 558 1443; x_wconf 85' lang='lat' dir='ltr'>rebus</span> <span class='ocrx_word' id='word_1_93' title='bbox 569 1403 722 1456; x_wconf 85' lang='lat' dir='ltr'>magnis</span> 
     </span>
     <span class='ocr_line' id='line_1_21' title="bbox 64 1458 665 1500; baseline -0.005 0"><span class='ocrx_word' id='word_1_94' title='bbox 64 1473 127 1500; x_wconf 84' lang='lat' dir='ltr'>res</span> <span class='ocrx_word' id='word_1_95' title='bbox 145 1460 331 1499; x_wconf 83' lang='lat' dir='ltr'><strong>ridiculae</strong></span> <span class='ocrx_word' id='word_1_96' title='bbox 352 1458 586 1498; x_wconf 76' lang='lat' dir='ltr'>deriuantur.</span> <span class='ocrx_word' id='word_1_97' title='bbox 615 1461 665 1498; x_wconf 95' lang='lat' dir='ltr'>D.</span> 
     </span>
    </p>

    <p class='ocr_par' dir='ltr' id='par_1_9' title="bbox 120 1513 721 1569">
     <span class='ocr_line' id='line_1_22' title="bbox 120 1513 721 1569; baseline -0.005 -12"><span class='ocrx_word' id='word_1_98' title='bbox 120 1519 146 1558; x_wconf 92' lang='lat'><strong>6</strong></span> <span class='ocrx_word' id='word_1_99' title='bbox 177 1517 274 1557; x_wconf 84' lang='lat' dir='ltr'>Cedo</span> <span class='ocrx_word' id='word_1_100' title='bbox 304 1515 411 1569; x_wconf 74' lang='lat' dir='ltr'>alios]</span> <span class='ocrx_word' id='word_1_101' title='bbox 438 1517 529 1555; x_wconf 82' lang='lat' dir='ltr'>Non</span> <span class='ocrx_word' id='word_1_102' title='bbox 558 1513 721 1567; x_wconf 77' lang='lat' dir='ltr'>reliquos</span> 
     </span>
    </p>
   </div>
   <div class='ocr_carea' id='block_1_7' title="bbox 0 1570 719 1622">
    <p class='ocr_par' dir='ltr' id='par_1_10' title="bbox 0 1570 719 1622">
     <span class='ocr_line' id='line_1_23' title="bbox 0 1570 719 1622; baseline -0.004 -11"><span class='ocrx_word' id='word_1_103' title='bbox 0 1596 1 1617; x_wconf 68' lang='lat'>;</span> <span class='ocrx_word' id='word_1_104' title='bbox 64 1570 174 1619; x_wconf 84' lang='lat' dir='ltr'>dixit,</span> <span class='ocrx_word' id='word_1_105' title='bbox 191 1571 254 1611; x_wconf 88' lang='lat' dir='ltr'>sed</span> <span class='ocrx_word' id='word_1_106' title='bbox 271 1572 373 1619; x_wconf 85' lang='lat' dir='ltr'>alios,</span> <span class='ocrx_word' id='word_1_107' title='bbox 396 1570 498 1622; x_wconf 78' lang='lat' dir='ltr'>quafi</span> <span class='ocrx_word' id='word_1_108' title='bbox 509 1570 620 1610; x_wconf 86' lang='lat' dir='ltr'>multi</span> <span class='ocrx_word' id='word_1_109' title='bbox 641 1570 719 1608; x_wconf 72' lang='lat' dir='ltr'>iint.</span> 
     </span>
    </p>
   </div>
   <div class='ocr_carea' id='block_1_8' title="bbox 0 1621 724 2637">
    <p class='ocr_par' dir='ltr' id='par_1_11' title="bbox 0 1621 724 2637">
     <span class='ocr_line' id='line_1_24' title="bbox 0 1621 722 1683; baseline -0.004 -16"><span class='ocrx_word' id='word_1_110' title='bbox 0 1621 1 1625; x_wconf 31' lang='lat'>¹</span> <span class='ocrx_word' id='word_1_111' title='bbox 64 1628 210 1683; x_wconf 85' lang='lat' dir='ltr'>Sanga]</span> <span class='ocrx_word' id='word_1_112' title='bbox 237 1630 321 1667; x_wconf 88' lang='lat' dir='ltr'>Nec</span> <span class='ocrx_word' id='word_1_113' title='bbox 342 1623 558 1679; x_wconf 83' lang='lat' dir='ltr'>sangarius,</span> <span class='ocrx_word' id='word_1_114' title='bbox 588 1624 722 1665; x_wconf 82' lang='lat' dir='ltr'>saltem</span> 
     </span>
     <span class='ocr_line' id='line_1_25' title="bbox 64 1681 724 1735; baseline -0.005 -12"><span class='ocrx_word' id='word_1_115' title='bbox 64 1696 105 1724; x_wconf 89' lang='lat' dir='ltr'>vt</span> <span class='ocrx_word' id='word_1_116' title='bbox 122 1697 271 1723; x_wconf 86' lang='lat' dir='ltr'>nomen</span> <span class='ocrx_word' id='word_1_117' title='bbox 283 1681 401 1723; x_wconf 84' lang='lat' dir='ltr'>effet?</span> <span class='ocrx_word' id='word_1_118' title='bbox 431 1681 724 1735; x_wconf 77' lang='lat' dir='ltr'>Manipulusfu—</span> 
     </span>
     <span class='ocr_line' id='line_1_26' title="bbox 63 1737 723 1792; baseline -0.002 -14"><span class='ocrx_word' id='word_1_119' title='bbox 63 1742 199 1792; x_wconf 72' lang='lat' dir='ltr'>mm?]</span> <span class='ocrx_word' id='word_1_120' title='bbox 229 1738 450 1791; x_wconf 84' lang='lat' dir='ltr'>Manipulus</span> <span class='ocrx_word' id='word_1_121' title='bbox 481 1740 639 1790; x_wconf 82' lang='lat' dir='ltr'><strong>proprie</strong></span> <span class='ocrx_word' id='word_1_122' title='bbox 669 1737 723 1777; x_wconf 89' lang='lat' dir='ltr'>est</span> 
     </span>
     <span class='ocr_line' id='line_1_27' title="bbox 61 1796 718 1836; baseline -0.003 0"><span class='ocrx_word' id='word_1_123' title='bbox 61 1796 208 1836; x_wconf 88' lang='lat' dir='ltr'>militis.</span> <span class='ocrx_word' id='word_1_124' title='bbox 268 1797 372 1836; x_wconf 85' lang='lat' dir='ltr'>Cum</span> <span class='ocrx_word' id='word_1_125' title='bbox 399 1796 562 1835; x_wconf 81' lang='lat' dir='ltr'>Romani</span> <span class='ocrx_word' id='word_1_126' title='bbox 592 1806 629 1832; x_wconf 84' lang='lat' dir='ltr'>et</span> <span class='ocrx_word' id='word_1_127' title='bbox 657 1797 718 1834; x_wconf 92' lang='lat' dir='ltr'>La·</span> 
     </span>
     <span class='ocr_line' id='line_1_28' title="bbox 60 1847 724 1891; baseline -0.003 -1"><span class='ocrx_word' id='word_1_128' title='bbox 60 1853 136 1891; x_wconf 81' lang='lat' dir='ltr'>tini</span> <span class='ocrx_word' id='word_1_129' title='bbox 166 1847 233 1890; x_wconf 89' lang='lat' dir='ltr'>sub</span> <span class='ocrx_word' id='word_1_130' title='bbox 259 1863 336 1889; x_wconf 91' lang='lat' dir='ltr'>vno</span> <span class='ocrx_word' id='word_1_131' title='bbox 364 1851 610 1890; x_wconf 82' lang='lat' dir='ltr'>Centurione</span> <span class='ocrx_word' id='word_1_132' title='bbox 643 1849 724 1888; x_wconf 87' lang='lat' dir='ltr'>bel-</span> 
     </span>
     <span class='ocr_line' id='line_1_29' title="bbox 61 1903 720 1960; baseline -0.005 -13"><span class='ocrx_word' id='word_1_133' title='bbox 61 1907 143 1947; x_wconf 88' lang='lat' dir='ltr'>lum</span> <span class='ocrx_word' id='word_1_134' title='bbox 178 1903 390 1960; x_wconf 70' lang='lat' dir='ltr'>aggressuri</span> <span class='ocrx_word' id='word_1_135' title='bbox 423 1905 720 1958; x_wconf 82' lang='lat' dir='ltr'>deputabantur,</span> 
     </span>
     <span class='ocr_line' id='line_1_30' title="bbox 62 1960 721 2003; baseline -0.003 0"><span class='ocrx_word' id='word_1_136' title='bbox 62 1964 131 2003; x_wconf 83' lang='lat' dir='ltr'>{ibi</span> <span class='ocrx_word' id='word_1_137' title='bbox 148 1960 289 2003; x_wconf 84' lang='lat' dir='ltr'>sertum</span> <span class='ocrx_word' id='word_1_138' title='bbox 307 1964 368 2002; x_wconf 88' lang='lat' dir='ltr'>vel</span> <span class='ocrx_word' id='word_1_139' title='bbox 390 1975 571 2001; x_wconf 87' lang='lat' dir='ltr'>coronam</span> <span class='ocrx_word' id='word_1_140' title='bbox 582 1975 633 2001; x_wconf 86' lang='lat' dir='ltr'>ex</span> <span class='ocrx_word' id='word_1_141' title='bbox 643 1975 721 2001; x_wconf 88' lang='lat' dir='ltr'>ma·</span> 
     </span>
     <span class='ocr_line' id='line_1_31' title="bbox 64 2016 721 2072; baseline -0.005 -12"><span class='ocrx_word' id='word_1_142' title='bbox 64 2020 200 2072; x_wconf 89' lang='lat' dir='ltr'>nipulo</span> <span class='ocrx_word' id='word_1_143' title='bbox 230 2017 376 2059; x_wconf 84' lang='lat' dir='ltr'><strong>herbae</strong></span> <span class='ocrx_word' id='word_1_144' title='bbox 406 2019 472 2058; x_wconf 88' lang='lat' dir='ltr'>vel</span> <span class='ocrx_word' id='word_1_145' title='bbox 501 2016 721 2057; x_wconf 86' lang='lat' dir='ltr'>huiusmodi</span> 
     </span>
     <span class='ocr_line' id='line_1_32' title="bbox 64 2073 721 2128; baseline -0.002 -14"><span class='ocrx_word' id='word_1_146' title='bbox 64 2074 340 2124; x_wconf 82' lang='lat' dir='ltr'>conficiebant,</span> <span class='ocrx_word' id='word_1_147' title='bbox 371 2087 491 2126; x_wconf 84' lang='lat' dir='ltr'>quem</span> <span class='ocrx_word' id='word_1_148' title='bbox 517 2087 589 2126; x_wconf 86' lang='lat' dir='ltr'>pro</span> <span class='ocrx_word' id='word_1_149' title='bbox 609 2073 721 2128; x_wconf 79' lang='lat' dir='ltr'>{igno</span> 
     </span>
     <span class='ocr_line' id='line_1_33' title="bbox 63 2129 723 2183; baseline 0.002 -14"><span class='ocrx_word' id='word_1_150' title='bbox 63 2129 128 2182; x_wconf 83' lang='lat' dir='ltr'>seq</span> <span class='ocrx_word' id='word_1_151' title='bbox 134 2131 332 2170; x_wconf 64' lang='lat' dir='ltr'>uebantur-</span> <span class='ocrx_word' id='word_1_152' title='bbox 376 2132 518 2171; x_wconf 89' lang='lat' dir='ltr'>Merito</span> <span class='ocrx_word' id='word_1_153' title='bbox 529 2143 625 2183; x_wconf 78' lang='lat' dir='ltr'>ergo</span> <span class='ocrx_word' id='word_1_154' title='bbox 633 2144 723 2170; x_wconf 84' lang='lat' dir='ltr'>cen-</span> 
     </span>
     <span class='ocr_line' id='line_1_34' title="bbox 65 2186 720 2240; baseline 0 -14"><span class='ocrx_word' id='word_1_155' title='bbox 65 2187 258 2239; x_wconf 77' lang='lat' dir='ltr'>turionem</span> <span class='ocrx_word' id='word_1_156' title='bbox 296 2187 456 2236; x_wconf 83' lang='lat' dir='ltr'>videns,</span> <span class='ocrx_word' id='word_1_157' title='bbox 496 2186 720 2240; x_wconf 74' lang='lat' dir='ltr'>mampulum</span> 
     </span>
     <span class='ocr_line' id='line_1_35' title="bbox 67 2241 720 2291; baseline 0.003 -11"><span class='ocrx_word' id='word_1_158' title='bbox 67 2241 324 2283; x_wconf 79' lang='lat' dir='ltr'>defiderauit:</span> <span class='ocrx_word' id='word_1_159' title='bbox 379 2242 455 2282; x_wconf 86' lang='lat' dir='ltr'>hoc</span> <span class='ocrx_word' id='word_1_160' title='bbox 514 2242 570 2282; x_wconf 88' lang='lat' dir='ltr'>est</span> <span class='ocrx_word' id='word_1_161' title='bbox 588 2272 598 2291; x_wconf 94' lang='lat'>,</span> <span class='ocrx_word' id='word_1_162' title='bbox 658 2256 720 2282; x_wconf 86' lang='lat' dir='ltr'>co·</span> 
     </span>
     <span class='ocr_line' id='line_1_36' title="bbox 67 2297 720 2349; baseline 0.006 -15"><span class='ocrx_word' id='word_1_163' title='bbox 67 2310 188 2349; x_wconf 86' lang='lat' dir='ltr'>quum</span> <span class='ocrx_word' id='word_1_164' title='bbox 213 2298 368 2347; x_wconf 85' lang='lat' dir='ltr'>videns,</span> <span class='ocrx_word' id='word_1_165' title='bbox 411 2299 597 2338; x_wconf 84' lang='lat' dir='ltr'>conuiuas</span> <span class='ocrx_word' id='word_1_166' title='bbox 625 2297 720 2338; x_wconf 85' lang='lat' dir='ltr'>defi·</span> 
     </span>
     <span class='ocr_line' id='line_1_37' title="bbox 67 2354 723 2408; baseline 0.003 -15"><span class='ocrx_word' id='word_1_167' title='bbox 67 2354 196 2393; x_wconf 88' lang='lat' dir='ltr'>derat:</span> <span class='ocrx_word' id='word_1_168' title='bbox 236 2356 299 2405; x_wconf 89' lang='lat' dir='ltr'>qui</span> <span class='ocrx_word' id='word_1_169' title='bbox 323 2366 592 2407; x_wconf 79' lang='lat' dir='ltr'>apparauerat‚</span> <span class='ocrx_word' id='word_1_170' title='bbox 631 2369 723 2408; x_wconf 88' lang='lat' dir='ltr'>quo-</span> 
     </span>
     <span class='ocr_line' id='line_1_38' title="bbox 66 2409 724 2461; baseline 0.006 -13"><span class='ocrx_word' id='word_1_171' title='bbox 66 2411 170 2448; x_wconf 83' lang='lat' dir='ltr'><strong>tiens</strong></span> <span class='ocrx_word' id='word_1_172' title='bbox 188 2409 292 2448; x_wconf 82' lang='lat' dir='ltr'>locus</span> <span class='ocrx_word' id='word_1_173' title='bbox 309 2410 439 2461; x_wconf 79' lang='lat' dir='ltr'>affuit,</span> <span class='ocrx_word' id='word_1_174' title='bbox 469 2412 509 2451; x_wconf 89' lang='lat' dir='ltr'>id</span> <span class='ocrx_word' id='word_1_175' title='bbox 530 2411 604 2458; x_wconf 91' lang='lat' dir='ltr'>est,</span> <span class='ocrx_word' id='word_1_176' title='bbox 633 2425 724 2452; x_wconf 89' lang='lat' dir='ltr'>con-</span> 
     </span>
     <span class='ocr_line' id='line_1_39' title="bbox 67 2465 722 2521; baseline 0.005 -17"><span class='ocrx_word' id='word_1_177' title='bbox 67 2466 220 2504; x_wconf 82' lang='lat' dir='ltr'>uiuium</span> <span class='ocrx_word' id='word_1_178' title='bbox 239 2465 294 2504; x_wconf 89' lang='lat' dir='ltr'>est</span> <span class='ocrx_word' id='word_1_179' title='bbox 310 2468 550 2507; x_wconf 81' lang='lat' dir='ltr'>constitutum</span> <span class='ocrx_word' id='word_1_180' title='bbox 573 2466 663 2521; x_wconf 59' lang='grc' dir='ltr'>(ΜΓ.</span> <span class='ocrx_word' id='word_1_181' title='bbox 683 2473 722 2509; x_wconf 93' lang='grc' dir='ltr'>Β.</span> 
     </span>
     <span class='ocr_line' id='line_1_40' title="bbox 67 2520 723 2576; baseline 0.008 -18"><span class='ocrx_word' id='word_1_182' title='bbox 67 2520 131 2562; x_wconf 86' lang='lat' dir='ltr'>vel</span> <span class='ocrx_word' id='word_1_183' title='bbox 158 2526 327 2573; x_wconf 76' lang='lat' dir='ltr'>quotiens</span> <span class='ocrx_word' id='word_1_184' title='bbox 356 2526 564 2563; x_wconf 85' lang='lat' dir='ltr'>conuiuium</span> <span class='ocrx_word' id='word_1_185' title='bbox 594 2524 641 2576; x_wconf 83' lang='lat' dir='ltr'>est</span> <span class='ocrx_word' id='word_1_186' title='bbox 667 2526 723 2564; x_wconf 83' lang='lat' dir='ltr'>in·</span> 
     </span>
     <span class='ocr_line' id='line_1_41' title="bbox 61 2576 724 2637; baseline 0.009 -21"><span class='ocrx_word' id='word_1_187' title='bbox 61 2576 253 2629; x_wconf 78' lang='lat' dir='ltr'>stitutum.</span> <span class='ocrx_word' id='word_1_188' title='bbox 307 2580 385 2619; x_wconf 85' lang='lat' dir='ltr'>Aut</span> <span class='ocrx_word' id='word_1_189' title='bbox 413 2579 490 2632; x_wconf 82' lang='lat' dir='ltr'>leg.</span> <span class='ocrx_word' id='word_1_190' title='bbox 541 2580 724 2637; x_wconf 75' lang='lat' dir='ltr'>Qotiem</span> 
     </span>
    </p>
   </div>
   <div class='ocr_carea' id='block_1_9' title="bbox 1341 669 1435 716">
    <p class='ocr_par' dir='ltr' id='par_1_12' title="bbox 1341 669 1435 716">
     <span class='ocr_line' id='line_1_42' title="bbox 1341 669 1435 716; baseline 0.021 -3"><span class='ocrx_word' id='word_1_191' title='bbox 1341 669 1435 716; x_wconf 75' lang='lat' dir='ltr'>SA.</span> 
     </span>
    </p>
   </div>
   <div class='ocr_carea' id='block_1_10' title="bbox 767 787 1438 2676">
    <p class='ocr_par' dir='ltr' id='par_1_13' title="bbox 770 787 1435 1123">
     <span class='ocr_line' id='line_1_43' title="bbox 772 787 1435 841; baseline 0.006 -14"><span class='ocrx_word' id='word_1_192' title='bbox 772 801 810 828; x_wconf 84' lang='lat' dir='ltr'>et</span> <span class='ocrx_word' id='word_1_193' title='bbox 827 787 927 829; x_wconf 78' lang='lat' dir='ltr'><em>locus</em></span> <span class='ocrx_word' id='word_1_194' title='bbox 945 787 1074 835; x_wconf 62' lang='lat' dir='ltr'>dieras,</span> <span class='ocrx_word' id='word_1_195' title='bbox 1093 800 1129 828; x_wconf 83' lang='lat' dir='ltr'>et</span> <span class='ocrx_word' id='word_1_196' title='bbox 1149 797 1288 841; x_wconf 78' lang='lat' dir='ltr'>tempus</span> <span class='ocrx_word' id='word_1_197' title='bbox 1307 794 1435 831; x_wconf 80' lang='lat' dir='ltr'>conui-</span> 
     </span>
     <span class='ocr_line' id='line_1_44' title="bbox 772 843 1434 897; baseline 0.005 -14"><span class='ocrx_word' id='word_1_198' title='bbox 772 847 837 883; x_wconf 77' lang='lat' dir='ltr'>uio</span> <span class='ocrx_word' id='word_1_199' title='bbox 880 845 1110 897; x_wconf 75' lang='lat' dir='ltr'>constitutum</span> <span class='ocrx_word' id='word_1_200' title='bbox 1148 843 1291 897; x_wconf 66' lang='lat' dir='ltr'>afficit)</span> <span class='ocrx_word' id='word_1_201' title='bbox 1353 848 1434 891; x_wconf 74' lang='lat' dir='ltr'>Alii</span> 
     </span>
     <span class='ocr_line' id='line_1_45' title="bbox 772 901 1435 954; baseline 0.003 -13"><span class='ocrx_word' id='word_1_202' title='bbox 772 901 998 954; x_wconf 74' lang='lat' dir='ltr'>manipulum</span> <span class='ocrx_word' id='word_1_203' title='bbox 1012 901 1167 953; x_wconf 80' lang='lat' dir='ltr'>furum,</span> <span class='ocrx_word' id='word_1_204' title='bbox 1209 902 1292 940; x_wconf 89' lang='lat' dir='ltr'>coci</span> <span class='ocrx_word' id='word_1_205' title='bbox 1325 902 1435 943; x_wconf 89' lang='lat' dir='ltr'>disci-</span> 
     </span>
     <span class='ocr_line' id='line_1_46' title="bbox 772 958 1434 1010; baseline 0.006 -15"><span class='ocrx_word' id='word_1_206' title='bbox 772 959 884 1010; x_wconf 83' lang='lat' dir='ltr'>pulos</span> <span class='ocrx_word' id='word_1_207' title='bbox 908 958 985 1010; x_wconf 84' lang='lat' dir='ltr'>dici</span> <span class='ocrx_word' id='word_1_208' title='bbox 1007 966 1156 1009; x_wconf 85' lang='lat' dir='ltr'>putant.</span> <span class='ocrx_word' id='word_1_209' title='bbox 1215 961 1350 999; x_wconf 83' lang='lat' dir='ltr'>Eccum</span> <span class='ocrx_word' id='word_1_210' title='bbox 1368 961 1434 999; x_wconf 87' lang='lat' dir='ltr'>ad-</span> 
     </span>
     <span class='ocr_line' id='line_1_47' title="bbox 771 1010 1434 1068; baseline 0.006 -16"><span class='ocrx_word' id='word_1_211' title='bbox 771 1014 838 1068; x_wconf 83' lang='lat' dir='ltr'>est]</span> <span class='ocrx_word' id='word_1_212' title='bbox 869 1016 941 1057; x_wconf 90' lang='lat' dir='ltr'>Pro</span> <span class='ocrx_word' id='word_1_213' title='bbox 978 1010 1017 1053; x_wconf 89' lang='lat' dir='ltr'>se</span> <span class='ocrx_word' id='word_1_214' title='bbox 1048 1025 1093 1052; x_wconf 85' lang='lat' dir='ltr'>ac</span> <span class='ocrx_word' id='word_1_215' title='bbox 1128 1026 1200 1064; x_wconf 87' lang='lat' dir='ltr'>pro</span> <span class='ocrx_word' id='word_1_216' title='bbox 1234 1013 1434 1067; x_wconf 73' lang='lat' dir='ltr'>discipulis</span> 
     </span>
     <span class='ocr_line' id='line_1_48' title="bbox 770 1072 1018 1123; baseline -0.012 -11"><span class='ocrx_word' id='word_1_217' title='bbox 770 1072 911 1123; x_wconf 84' lang='lat' dir='ltr'>Sanga.</span> <span class='ocrx_word' id='word_1_218' title='bbox 968 1072 1018 1110; x_wconf 91' lang='lat' dir='ltr'>D.</span> 
     </span>
    </p>

    <p class='ocr_par' dir='ltr' id='par_1_14' title="bbox 771 1123 1435 1344">
     <span class='ocr_line' id='line_1_49' title="bbox 823 1123 1435 1181; baseline 0 -2"><span class='ocrx_word' id='word_1_219' title='bbox 823 1137 852 1179; x_wconf 89' lang='lat'><em>7</em></span> <span class='ocrx_word' id='word_1_220' title='bbox 880 1123 1017 1181; x_wconf 70' lang='lat' dir='ltr'>Qid?</span> <span class='ocrx_word' id='word_1_221' title='bbox 1046 1124 1195 1180; x_wconf 62' lang='lat' dir='ltr'>ignaue]</span> <span class='ocrx_word' id='word_1_222' title='bbox 1238 1130 1435 1180; x_wconf 77' lang='lat' dir='ltr'>Appa1·er,·</span> 
     </span>
     <span class='ocr_line' id='line_1_50' title="bbox 771 1180 1434 1236; baseline 0.003 -15"><span class='ocrx_word' id='word_1_223' title='bbox 771 1195 941 1234; x_wconf 83' lang='lat' dir='ltr'>coquum</span> <span class='ocrx_word' id='word_1_224' title='bbox 959 1180 1006 1220; x_wconf 86' lang='lat' dir='ltr'>ad</span> <span class='ocrx_word' id='word_1_225' title='bbox 1028 1183 1279 1232; x_wconf 84' lang='lat' dir='ltr'>repentinum</span> <span class='ocrx_word' id='word_1_226' title='bbox 1298 1184 1434 1236; x_wconf 85' lang='lat' dir='ltr'>strepi·</span> 
     </span>
     <span class='ocr_line' id='line_1_51' title="bbox 772 1234 1432 1281; baseline 0.006 -5"><span class='ocrx_word' id='word_1_227' title='bbox 772 1249 854 1276; x_wconf 85' lang='lat' dir='ltr'>tum</span> <span class='ocrx_word' id='word_1_228' title='bbox 872 1237 920 1276; x_wconf 82' lang='lat' dir='ltr'>fic</span> <span class='ocrx_word' id='word_1_229' title='bbox 941 1234 1072 1281; x_wconf 79' lang='lat' dir='ltr'>exiffe,</span> <span class='ocrx_word' id='word_1_230' title='bbox 1109 1248 1147 1276; x_wconf 92' lang='lat' dir='ltr'>vt</span> <span class='ocrx_word' id='word_1_231' title='bbox 1165 1237 1213 1277; x_wconf 89' lang='lat' dir='ltr'>ad</span> <span class='ocrx_word' id='word_1_232' title='bbox 1232 1249 1356 1280; x_wconf 86' lang='lat' dir='ltr'>artem</span> <span class='ocrx_word' id='word_1_233' title='bbox 1375 1238 1432 1279; x_wconf 86' lang='lat' dir='ltr'>su-</span> 
     </span>
     <span class='ocr_line' id='line_1_52' title="bbox 771 1293 1318 1344; baseline 0.005 -12"><span class='ocrx_word' id='word_1_234' title='bbox 771 1306 834 1332; x_wconf 87' lang='lat' dir='ltr'>am</span> <span class='ocrx_word' id='word_1_235' title='bbox 853 1293 980 1332; x_wconf 81' lang='lat' dir='ltr'>fuerat</span> <span class='ocrx_word' id='word_1_236' title='bbox 997 1293 1212 1344; x_wconf 82' lang='lat' dir='ltr'>expeditus.</span> <span class='ocrx_word' id='word_1_237' title='bbox 1268 1296 1318 1334; x_wconf 90' lang='lat' dir='ltr'>D.</span> 
     </span>
    </p>

    <p class='ocr_par' dir='ltr' id='par_1_15' title="bbox 770 1348 1438 1892">
     <span class='ocr_line' id='line_1_53' title="bbox 826 1348 1431 1406; baseline 0.012 -21"><span class='ocrx_word' id='word_1_238' title='bbox 826 1348 950 1402; x_wconf 65' lang='lat' dir='ltr'>Quid,</span> <span class='ocrx_word' id='word_1_239' title='bbox 988 1354 1135 1398; x_wconf 61' lang='lat' dir='ltr'>ignaue,</span> <span class='ocrx_word' id='word_1_240' title='bbox 1163 1350 1431 1406; x_wconf 81' lang='lat' dir='ltr'>peniculon’?]</span> 
     </span>
     <span class='ocr_line' id='line_1_54' title="bbox 770 1406 1438 1458; baseline 0.003 -14"><span class='ocrx_word' id='word_1_241' title='bbox 770 1406 1028 1457; x_wconf 82' lang='lat' dir='ltr'>Intelligimus</span> <span class='ocrx_word' id='word_1_242' title='bbox 1057 1407 1225 1457; x_wconf 81' lang='lat' dir='ltr'>Sangam</span> <span class='ocrx_word' id='word_1_243' title='bbox 1261 1415 1438 1458; x_wconf 83' lang='lat' dir='ltr'>coquum&#39;</span> 
     </span>
     <span class='ocr_line' id='line_1_55' title="bbox 771 1458 1432 1514; baseline 0.003 -14"><span class='ocrx_word' id='word_1_244' title='bbox 771 1474 858 1500; x_wconf 82' lang='lat' dir='ltr'>cum</span> <span class='ocrx_word' id='word_1_245' title='bbox 901 1460 1086 1512; x_wconf 84' lang='lat' dir='ltr'>peniculo</span> <span class='ocrx_word' id='word_1_246' title='bbox 1123 1458 1335 1514; x_wconf 78' lang='lat' dir='ltr'>egreffnm,</span> <span class='ocrx_word' id='word_1_247' title='bbox 1386 1475 1432 1502; x_wconf 83' lang='lat' dir='ltr'>ae</span> 
     </span>
     <span class='ocr_line' id='line_1_56' title="bbox 773 1517 1432 1570; baseline 0.005 -15"><span class='ocrx_word' id='word_1_248' title='bbox 773 1528 980 1570; x_wconf 81' lang='lat' dir='ltr'>propterea</span> <span class='ocrx_word' id='word_1_249' title='bbox 999 1517 1163 1561; x_wconf 84' lang='lat' dir='ltr'>militem</span> <span class='ocrx_word' id='word_1_250' title='bbox 1185 1517 1432 1570; x_wconf 82' lang='lat' dir='ltr'>interrogare</span> 
     </span>
     <span class='ocr_line' id='line_1_57' title="bbox 773 1573 1431 1625; baseline 0.003 -14"><span class='ocrx_word' id='word_1_251' title='bbox 773 1586 861 1611; x_wconf 87' lang='lat' dir='ltr'>cum</span> <span class='ocrx_word' id='word_1_252' title='bbox 897 1575 999 1624; x_wconf 85' lang='lat' dir='ltr'>(cur)</span> <span class='ocrx_word' id='word_1_253' title='bbox 1029 1573 1253 1623; x_wconf 85' lang='lat' dir='ltr'>peniculum</span> <span class='ocrx_word' id='word_1_254' title='bbox 1286 1585 1431 1625; x_wconf 76' lang='lat' dir='ltr'>portet.</span> 
     </span>
     <span class='ocr_line' id='line_1_58' title="bbox 771 1627 1433 1679; baseline 0.002 -11"><span class='ocrx_word' id='word_1_255' title='bbox 771 1629 850 1669; x_wconf 89' lang='lat' dir='ltr'>Sed</span> <span class='ocrx_word' id='word_1_256' title='bbox 878 1629 1064 1679; x_wconf 87' lang='lat' dir='ltr'>quoniam</span> <span class='ocrx_word' id='word_1_257' title='bbox 1092 1638 1130 1665; x_wconf 88' lang='lat' dir='ltr'>et</span> <span class='ocrx_word' id='word_1_258' title='bbox 1155 1627 1350 1675; x_wconf 84' lang='lat' dir='ltr'>familiae,</span> <span class='ocrx_word' id='word_1_259' title='bbox 1390 1640 1433 1670; x_wconf 85' lang='lat' dir='ltr'>et</span> 
     </span>
     <span class='ocr_line' id='line_1_59' title="bbox 772 1684 1431 1734; baseline 0.003 -11"><span class='ocrx_word' id='word_1_260' title='bbox 772 1684 922 1723; x_wconf 81' lang='lat' dir='ltr'>domini</span> <span class='ocrx_word' id='word_1_261' title='bbox 942 1696 1067 1723; x_wconf 87' lang='lat' dir='ltr'>mores</span> <span class='ocrx_word' id='word_1_262' title='bbox 1087 1685 1207 1733; x_wconf 82' lang='lat' dir='ltr'>nouit,</span> <span class='ocrx_word' id='word_1_263' title='bbox 1228 1686 1351 1734; x_wconf 87' lang='lat' dir='ltr'>perite</span> <span class='ocrx_word' id='word_1_264' title='bbox 1369 1698 1431 1725; x_wconf 84' lang='lat' dir='ltr'>re-</span> 
     </span>
     <span class='ocr_line' id='line_1_60' title="bbox 772 1739 1432 1795; baseline 0.003 -16"><span class='ocrx_word' id='word_1_265' title='bbox 772 1739 926 1792; x_wconf 87' lang='lat' dir='ltr'>spondit</span> <span class='ocrx_word' id='word_1_266' title='bbox 946 1754 954 1779; x_wconf 94' lang='lat'>:</span> <span class='ocrx_word' id='word_1_267' title='bbox 999 1741 1150 1795; x_wconf 53' lang='lat' dir='ltr'>Egone?</span> <span class='ocrx_word' id='word_1_268' title='bbox 1195 1744 1432 1792; x_wconf 68' lang='lat' dir='ltr'>imperatoris</span> 
     </span>
     <span class='ocr_line' id='line_1_61' title="bbox 771 1794 1432 1836; baseline 0.002 -1"><span class='ocrx_word' id='word_1_269' title='bbox 771 1794 950 1835; x_wconf 67' lang='lat' dir='ltr'>virtutem</span> <span class='ocrx_word' id='word_1_270' title='bbox 975 1808 1149 1835; x_wconf 81' lang='lat' dir='ltr'>noueram</span> <span class='ocrx_word' id='word_1_271' title='bbox 1172 1808 1209 1835; x_wconf 80' lang='lat' dir='ltr'>et</span> <span class='ocrx_word' id='word_1_272' title='bbox 1234 1800 1309 1836; x_wconf 85' lang='lat' dir='ltr'>vim</span> <span class='ocrx_word' id='word_1_273' title='bbox 1335 1796 1432 1836; x_wconf 79' lang='lat' dir='ltr'>mili-</span> 
     </span>
     <span class='ocr_line' id='line_1_62' title="bbox 770 1854 958 1892; baseline -0.016 0"><span class='ocrx_word' id='word_1_274' title='bbox 770 1865 861 1892; x_wconf 80' lang='lat' dir='ltr'>tum.</span> <span class='ocrx_word' id='word_1_275' title='bbox 915 1854 958 1892; x_wconf 95' lang='lat' dir='ltr'>E.</span> 
     </span>
    </p>

    <p class='ocr_par' dir='ltr' id='par_1_16' title="bbox 767 1904 1433 2676">
     <span class='ocr_line' id='line_1_63' title="bbox 825 1904 1433 1962; baseline 0.002 -15"><span class='ocrx_word' id='word_1_276' title='bbox 825 1905 1047 1947; x_wconf 85' lang='lat' dir='ltr'>Peniculone</span> <span class='ocrx_word' id='word_1_277' title='bbox 1050 1906 1238 1962; x_wconf 79' lang='lat' dir='ltr'>pugnare]</span> <span class='ocrx_word' id='word_1_278' title='bbox 1267 1904 1433 1953; x_wconf 79' lang='lat' dir='ltr'>Glofl&#39;ar.·</span> 
     </span>
     <span class='ocr_line' id='line_1_64' title="bbox 770 1964 1432 2012; baseline -0.003 -8"><span class='ocrx_word' id='word_1_279' title='bbox 770 1964 981 2005; x_wconf 81' lang='lat' dir='ltr'>Peniculum</span> <span class='ocrx_word' id='word_1_280' title='bbox 995 1972 1178 2010; x_wconf 71' lang='grc' dir='ltr'><em>σπογγείον,</em></span> <span class='ocrx_word' id='word_1_281' title='bbox 1205 1969 1409 2012; x_wconf 61' lang='grc' dir='ltr'><em>σπογγάρων</em></span> <span class='ocrx_word' id='word_1_282' title='bbox 1419 1980 1432 2005; x_wconf 76' lang='lat'>2</span> 
     </span>
     <span class='ocr_line' id='line_1_65' title="bbox 770 2019 1432 2073; baseline -0.002 -13"><span class='ocrx_word' id='word_1_283' title='bbox 770 2035 849 2073; x_wconf 90' lang='lat' dir='ltr'>quo</span> <span class='ocrx_word' id='word_1_284' title='bbox 868 2021 1026 2073; x_wconf 88' lang='lat' dir='ltr'>quidem</span> <span class='ocrx_word' id='word_1_285' title='bbox 1047 2019 1096 2058; x_wconf 89' lang='lat' dir='ltr'>ad</span> <span class='ocrx_word' id='word_1_286' title='bbox 1107 2020 1264 2059; x_wconf 80' lang='lat' dir='ltr'>vulnera</span> <span class='ocrx_word' id='word_1_287' title='bbox 1274 2020 1352 2058; x_wconf 80' lang='lat' dir='ltr'>fiue</span> <span class='ocrx_word' id='word_1_288' title='bbox 1366 2020 1432 2059; x_wconf 85' lang='lat' dir='ltr'>ab·</span> 
     </span>
     <span class='ocr_line' id='line_1_66' title="bbox 769 2075 1430 2131; baseline 0 -15"><span class='ocrx_word' id='word_1_289' title='bbox 769 2077 997 2131; x_wconf 74' lang='lat' dir='ltr'>ster-genda,</span> <span class='ocrx_word' id='word_1_290' title='bbox 1032 2075 1110 2114; x_wconf 82' lang='lat' dir='ltr'>fiue</span> <span class='ocrx_word' id='word_1_291' title='bbox 1137 2075 1348 2128; x_wconf 82' lang='lat' dir='ltr'>obliganda</span> <span class='ocrx_word' id='word_1_292' title='bbox 1374 2077 1430 2116; x_wconf 83' lang='lat' dir='ltr'>vti</span> 
     </span>
     <span class='ocr_line' id='line_1_67' title="bbox 769 2129 1432 2182; baseline -0.002 -10"><span class='ocrx_word' id='word_1_293' title='bbox 769 2131 904 2182; x_wconf 83' lang='lat' dir='ltr'>solere,</span> <span class='ocrx_word' id='word_1_294' title='bbox 920 2147 970 2173; x_wconf 83' lang='lat' dir='ltr'>ex</span> <span class='ocrx_word' id='word_1_295' title='bbox 989 2130 1234 2172; x_wconf 84' lang='lat' dir='ltr'>Medicorum</span> <span class='ocrx_word' id='word_1_296' title='bbox 1253 2131 1360 2170; x_wconf 86' lang='lat' dir='ltr'>libris</span> <span class='ocrx_word' id='word_1_297' title='bbox 1375 2129 1432 2171; x_wconf 89' lang='lat' dir='ltr'>sa·</span> 
     </span>
     <span class='ocr_line' id='line_1_68' title="bbox 770 2185 1425 2237; baseline -0.008 -9"><span class='ocrx_word' id='word_1_298' title='bbox 770 2190 817 2228; x_wconf 87' lang='lat' dir='ltr'>tis</span> <span class='ocrx_word' id='word_1_299' title='bbox 841 2202 989 2228; x_wconf 85' lang='lat' dir='ltr'>notum.</span> <span class='ocrx_word' id='word_1_300' title='bbox 1042 2187 1232 2237; x_wconf 79' lang='lat' dir='ltr'>Apuleius</span> <span class='ocrx_word' id='word_1_301' title='bbox 1244 2185 1380 2229; x_wconf 81' lang='lat' dir='ltr'>Meles.</span> <span class='ocrx_word' id='word_1_302' title='bbox 1393 2201 1425 2228; x_wconf 83' lang='lat'>1.</span> 
     </span>
     <span class='ocr_line' id='line_1_69' title="bbox 767 2245 1430 2302; baseline -0.002 -18"><span class='ocrx_word' id='word_1_303' title='bbox 767 2247 884 2302; x_wconf 76' lang='lat' dir='ltr'>Qod</span> <span class='ocrx_word' id='word_1_304' title='bbox 900 2245 1041 2292; x_wconf 84' lang='lat' dir='ltr'>vulnus,</span> <span class='ocrx_word' id='word_1_305' title='bbox 1062 2255 1134 2295; x_wconf 80' lang='lat' dir='ltr'>qua</span> <span class='ocrx_word' id='word_1_306' title='bbox 1151 2245 1309 2282; x_wconf 73' lang='lat' dir='ltr'>maxime</span> <span class='ocrx_word' id='word_1_307' title='bbox 1324 2256 1430 2295; x_wconf 85' lang='lat' dir='ltr'>pate·</span> 
     </span>
     <span class='ocr_line' id='line_1_70' title="bbox 769 2298 1429 2355; baseline 0.003 -18"><span class='ocrx_word' id='word_1_308' title='bbox 769 2304 855 2346; x_wconf 73' lang='lat' dir='ltr'>bas,</span> <span class='ocrx_word' id='word_1_309' title='bbox 877 2301 1035 2355; x_wconf 81' lang='lat' dir='ltr'>spongia</span> <span class='ocrx_word' id='word_1_310' title='bbox 1061 2298 1255 2350; x_wconf 53' lang='lat' dir='ltr'>‹ffidcz&#39;enn</span> <span class='ocrx_word' id='word_1_311' title='bbox 1286 2298 1429 2339; x_wconf 80' lang='lat' dir='ltr'>Auson.</span> 
     </span>
     <span class='ocr_line' id='line_1_71' title="bbox 773 2355 1429 2410; baseline -0.005 -13"><span class='ocrx_word' id='word_1_312' title='bbox 773 2358 881 2410; x_wconf 80' lang='lat' dir='ltr'>ldyn.</span> <span class='ocrx_word' id='word_1_313' title='bbox 913 2371 968 2397; x_wconf 83' lang='lat' dir='ltr'>lx.</span> <span class='ocrx_word' id='word_1_314' title='bbox 1013 2357 1205 2410; x_wconf 74' lang='lat' dir='ltr'>Impingas</span> <span class='ocrx_word' id='word_1_315' title='bbox 1220 2355 1429 2409; x_wconf 73' lang='lat' dir='ltr'>spongiam.</span> 
     </span>
     <span class='ocr_line' id='line_1_72' title="bbox 772 2409 1429 2466; baseline -0.005 -12"><span class='ocrx_word' id='word_1_316' title='bbox 772 2417 822 2455; x_wconf 88' lang='lat' dir='ltr'>Et</span> <span class='ocrx_word' id='word_1_317' title='bbox 855 2413 958 2466; x_wconf 83' lang='lat' dir='ltr'>apud</span> <span class='ocrx_word' id='word_1_318' title='bbox 983 2413 1155 2452; x_wconf 83' lang='lat' dir='ltr'>Plautum</span> <span class='ocrx_word' id='word_1_319' title='bbox 1182 2409 1369 2450; x_wconf 81' lang='lat' dir='ltr'>Menech,</span> <span class='ocrx_word' id='word_1_320' title='bbox 1399 2426 1429 2460; x_wconf 84' lang='lat'>1,</span> 
     </span>
     <span class='ocr_line' id='line_1_73' title="bbox 779 2465 1432 2521; baseline -0.009 -9"><span class='ocrx_word' id='word_1_321' title='bbox 779 2483 810 2519; x_wconf 85' lang='lat'>1,</span> <span class='ocrx_word' id='word_1_322' title='bbox 831 2483 866 2511; x_wconf 88' lang='lat'>1.</span> <span class='ocrx_word' id='word_1_323' title='bbox 884 2468 1063 2521; x_wconf 85' lang='lat' dir='ltr'>parasitus</span> <span class='ocrx_word' id='word_1_324' title='bbox 1085 2468 1298 2506; x_wconf 79' lang='lat' dir='ltr'>Peniculum</span> <span class='ocrx_word' id='word_1_325' title='bbox 1316 2465 1354 2506; x_wconf 90' lang='lat' dir='ltr'>se</span> <span class='ocrx_word' id='word_1_326' title='bbox 1365 2479 1432 2507; x_wconf 89' lang='lat' dir='ltr'>vo-</span> 
     </span>
     <span class='ocr_line' id='line_1_74' title="bbox 773 2522 1429 2585; baseline -0.003 -20"><span class='ocrx_word' id='word_1_327' title='bbox 773 2527 850 2565; x_wconf 87' lang='lat' dir='ltr'>cari</span> <span class='ocrx_word' id='word_1_328' title='bbox 869 2526 970 2574; x_wconf 82' lang='lat' dir='ltr'>dicit,</span> <span class='ocrx_word' id='word_1_329' title='bbox 989 2522 1261 2585; x_wconf 52' lang='lat' dir='ltr'>quodmenfizgn,</span> <span class='ocrx_word' id='word_1_330' title='bbox 1281 2524 1429 2576; x_wconf 83' lang='lat' dir='ltr'>quando</span> 
     </span>
     <span class='ocr_line' id='line_1_75' title="bbox 773 2580 1426 2676; baseline -0.008 -54"><span class='ocrx_word' id='word_1_331' title='bbox 773 2583 860 2633; x_wconf 78' lang='lat' dir='ltr'>edit,</span> <span class='ocrx_word' id='word_1_332' title='bbox 879 2583 1079 2638; x_wconf 77' lang='lat' dir='ltr'>detergeat.</span> <span class='ocrx_word' id='word_1_333' title='bbox 1130 2581 1282 2624; x_wconf 82' lang='lat' dir='ltr'>Arrian.</span> <span class='ocrx_word' id='word_1_334' title='bbox 1304 2580 1426 2676; x_wconf 52' lang='grc' dir='ltr'>Εριὶὶὲἐ.</span> 
     </span>
    </p>
   </div>
  </div>
 </body>
</html>
