1815 3168
356 180 459 229 βψ

736 161 892 208 ACT.
928 159 1003 206 IV.
1034 157 1228 205 SCEN.
1259 157 1334 204 111.

441 279 1664 355 ACTVszART1SCENA1n

575 375 857 419 PYTHIAS.
894 370 1495 413 PHAEDRIA.DOR1AS.

356 511 451 633 V
469 537 489 564 a
508 535 527 567 1
566 533 651 578 ego
672 514 797 561 illum
816 510 1081 562 scelerosum,
1105 508 1269 560 misera,
1293 517 1422 571 atque
1443 509 1633 573 impium
1655 512 1722 558 in·

587 588 793 637 ueniam?
832 598 905 633 aut
924 586 997 633 vbi
1021 585 1257 648 quaeram?

489 668 693 717 Hoccine
718 675 806 711 tam
829 663 963 708 audax
987 661 1152 707 facinus
1181 659 1320 705 facere
1342 654 1423 706 effe
1437 658 1613 706 ausum?
1634 659 1720 710 PH.

587 743 722 808 perii!
759 738 844 784 hoc
866 736 971 801 quid
990 734 1039 782 fit
1061 752 1234 784 vereor·

486 815 581 868 ΡΥ.
624 817 748 870 Quin
780 815 909 871 etiam
932 811 1106 877 insuper
1127 809 1288 873 sceluS,
1325 807 1718 879 postquam-ludifi—

586 902 705 940 catus
727 887 786 938 est
807 890 1038 951 virginem,

407 1106 430 1140 1
463 1094 538 1137 Vbi
555 1105 617 1149 ego
636 1089 760 1145 illum]
790 1091 836 1130 In
846 1086 1012 1130 hacSce.

349 1165 404 1194 na
427 1164 570 1204 operae
594 1148 763 1201 pretium
784 1145 1010 1186 ‘delefi’tatio-

351 1210 414 1249 nis
433 1207 488 1248 est
505 1206 709 1260 (delec‘tatto
727 1201 795 1254 est,
825 1215 914 1256 quae
934 1206 1009 1241 ori-

350 1278 419 1306 tur
449 1266 509 1317 Z.)
539 1260 811 1314 speelatoribus
837 1272 887 1298 ex
918 1271 1009 1310 que—

351 1321 432 1362 rela
467 1319 630 1360 ancillae
664 1314 849 1360 Thaidis,
891 1324 1007 1365 atque

349 1389 483 1417 errore
499 1372 725 1415 Phaedriae,
786 1369 861 1410 Vbi
881 1383 944 1424 ego
965 1370 1007 1410 il-

348 1435 441 1487 lum]
490 1434 578 1471 Hoc
626 1428 738 1468 initio
778 1425 1004 1474 ostenditur,

347 1500 534 1540 tanquam
553 1481 848 1536 persequentem
856 1481 1010 1536 fugien-

347 1556 440 1594 tem,
458 1538 696 1596 progreffam
707 1538 784 1579 effe
794 1536 1008 1590 personam.

346 1597 587 1651 Sceleroficm]
619 1595 820 1648 Scelerosus
841 1594 894 1634 est
913 1595 1010 1634 mul·

347 1669 505 1698 tomm:
563 1652 731 1706 scelestus
777 1652 839 1692 vel
881 1652 1006 1691 Vnius.

344 1711 548 1765 Scelerqfics
582 1710 740 1762 proprie
782 1708 913 1748 auetor
950 1706 1007 1747 est

344 1768 520 1810 sceleris:
550 1767 764 1813 Sceleratus,
784 1765 827 1803 in
845 1777 924 1816 quo
933 1762 1009 1803 sce-

344 1818 407 1865 lus
420 1825 464 1864 fit
485 1822 733 1863 constitutum
752 1822 814 1861 vel
834 1817 1008 1860 commis-

344 1879 438 1921 sum.
497 1877 719 1927 Scelerofiam
759 1889 869 1929 atque
903 1880 1008 1928 impi-

344 1936 422 1986 um]
473 1932 692 1984 Scelerofitm
722 1933 766 1970 in
797 1931 1005 1980 Thaidem,

344 1994 509 2046 Impium
527 1991 570 2030 in
592 1989 800 2041 virginem.
858 1990 907 2027 D.

397 2048 476 2089 Vbi
501 2060 569 2102 ego
597 2044 717 2092 illum]
748 2045 856 2082 Haec
876 2044 1004 2083 Scena

341 2101 647 2146 controuersiam
699 2109 810 2138 tenet
855 2100 972 2138 talem
993 2112 1003 2138 ε

340 2165 509 2203 Munera
538 2156 734 2198 meretrici
765 2165 908 2194 amator
935 2156 1004 2194 mi-

339 2218 396 2268 fit,
418 2219 460 2256 in
477 2216 538 2255 his
556 2210 804 2255 Eunuchum:
825 2212 892 2262 qui
903 2224 1006 2250 eom-

339 2272 564 2314 mendatam
589 2269 785 2322 virginem
808 2264 910 2307 sciffa
936 2280 1000 2306 ve-

341 2330 397 2370 ste
412 2328 590 2375 laniauit,
613 2336 653 2365 et
664 2324 778 2379 fugit.
834 2326 933 2365 Reus
947 2322 1000 2362 est

339 2386 594 2433 iniuriarum,
644 2383 708 2432 qui
746 2379 849 2419 dona
890 2379 997 2419 milit.

340 2443 417 2483 Hic
459 2441 586 2490 primo
624 2437 806 2489 qualitas:
853 2435 999 2475 deinde

341 2497 575 2543 conieffutra,
603 2507 654 2532 an
674 2492 747 2531 hoc
774 2492 906 2540 animo
924 2493 1000 2530 mi-

341 2551 430 2594 serit
453 2583 463 2602 ,
521 2559 565 2590 vt'
606 2549 790 2589 iniuriam
840 2546 1000 2588 faceret.

339 2606 475 2650 Rursus
524 2607 598 2646 alia
645 2604 864 2644 coniectura
888 2635 897 2652 ,
947 2617 998 2643 an

339 2663 549 2709 Eunuchus
576 2661 768 2704 vitiauerit
794 2660 998 2714 virginem,

1545 961 1720 1012 Vestem

1059 1087 1122 1128 vel
1165 1086 1299 1128 vitiare
1343 1087 1525 1141 potuerit.
1607 1091 1719 1129 Haec

1059 1157 1130 1196 per
1157 1140 1283 1184 versus
1310 1141 1395 1184 suos
1414 1145 1570 1196 plenius
1597 1145 1719 1196 expli-

1058 1199 1241 1241 cabimus.
1298 1201 1427 1241 Primo
1448 1199 1657 1251 propositio·
1677 1200 1719 1240 fit

1057 1253 1226 1296 summae
1237 1287 1247 1305 ,
1281 1269 1350 1307 per
1373 1257 1717 1307 conquestionem:

1058 1312 1231 1360 Hoccine,
1251 1311 1389 1362 inquit,
1409 1324 1485 1350 tam
1505 1312 1636 1351 audax
1644 1312 1717 1362 fic.

1058 1369 1167 1417 cinusv
1184 1368 1316 1420 fhcere
1333 1366 1394 1418 effi*
1412 1366 1566 1417 ausicm?
1595 1369 1716 1409 Dein·

1058 1422 1110 1463 de
1131 1422 1231 1475 quafi
1253 1422 1462 1464 testimonii
1479 1436 1603 1475 genus
1624 1424 1719 1463 adii·

1055 1480 1131 1518 cit:
1162 1478 1268 1531 ‚Quin
1287 1482 1398 1518 etiam
1427 1479 1715 1532 infitperfielus‚

1053 1533 1244 1589 postquam
1284 1533 1494 1587 ludificatus
1521 1535 1567 1586 est
1594 1539 1716 1591 virgi·

1059 1605 1151 1642 nem,
1168 1590 1298 1643 vestem
1318 1604 1459 1632 omnem
1475 1591 1625 1642 miserae
1646 1591 1717 1644 dfi

1057 1650 1163 1689 cidit.
1224 1649 1267 1687 E.

1112 1703 1187 1745 Hic
1206 1713 1246 1742 et
1256 1701 1491 1755 subsequens
1504 1702 1628 1744 versus
1639 1714 1716 1744 tro-

1056 1760 1206 1800 chaicus
1222 1760 1289 1815 ¹est,
1316 1770 1540 1800 tetrameter
1559 1762 1716 1802 acatale-

1055 1818 1184 1857 fficus.
1239 1820 1287 1866 Β.
1706 1839 1708 1842 >

1107 1939 1133 1968 2
1163 1928 1301 1968 Audax
1310 1928 1623 1983 fizcinusfizcere]
1644 1931 1715 1972 Fass

1055 1985 1156 2024 cinus
1174 1984 1324 2035 sinere,
1356 1983 1479 2038 figura
1505 1987 1712 2037 ἀρχαῑσμδς.

1052 2041 1134 2080 Hoc
1163 2040 1256 2093 quid
1278 2038 1327 2088 fit
1350 2049 1494 2089 vereor]
1523 2047 1595 2083 Pro
1619 2043 1712 2082 duo-

1053 2095 1125 2135 bus
1145 2109 1262 2135 vnum
1282 2097 1388 2145 dixit,
1409 2096 1551 2138 scilicet
1567 2113 1712 2150 vereor,

1053 2165 1136 2204 pro,
1162 2162 1201 2191 et
1219 2149 1346 2191 nescio
1363 2164 1402 2192 et
1424 2165 1575 2193 vereor.
1608 2158 1656 2196 D.

1111 2208 1215 2248 Perii
1240 2221 1326 2248 cum
1345 2209 1451 2248 libris
1480 2208 1566 2249 fere
1587 2213 1712 2252 omni-

1048 2264 1119 2304 bus
1149 2275 1188 2303 et
1218 2263 1306 2304 edd.
1338 2276 1429 2308 vett.
1455 2266 1619 2318 Pythiae
1645 2268 1710 2306 tri-

1049 2319 1252 2361 buendum
1278 2319 1342 2361 est.
1379 2321 1469 2365 Vid.
1495 2323 1602 2364 And.
1634 2337 1706 2375 111,

1050 2391 1087 2432 5,
1111 2390 1145 2420 1.
1201 2379 1240 2417 B.

1101 2501 1126 2543 3
1155 2488 1373 2544 Qinetiam
1391 2489 1553 2545 infizper]
1583 2497 1707 2533 Accu-

1049 2544 1139 2585 satio
1183 2547 1284 2586 stiffi.
1359 2548 1506 2598 Scelus]
1553 2549 1702 2596 αὔξησις.

1047 2602 1134 2642 Plus
1152 2603 1259 2643 enim
1277 2602 1331 2642 est
1338 2603 1472 2655 scelus,
1498 2618 1613 2656 quam
1623 2606 1704 2656 ste-

1044 2658 1162 2716 Ieflus.
1220 2663 1273 2705 Vt
1315 2660 1505 2711 Lucilius,
1557 2662 1702 2712 Cart-er,

1636 2733 1706 2763 mx

1807 2223 1809 2235 i„
1807 2173 1810 2202 -W
1807 2091 1815 2162 -x-
