<?xml version="1.0" encoding="UTF-8"?>
<!DOCTYPE html PUBLIC "-//W3C//DTD XHTML 1.0 Transitional//EN"
    "http://www.w3.org/TR/xhtml1/DTD/xhtml1-transitional.dtd">
<html xmlns="http://www.w3.org/1999/xhtml" xml:lang="en" lang="en">
 <head>
  <title>
</title>
<meta http-equiv="Content-Type" content="text/html;charset=utf-8" />
  <meta name='ocr-system' content='tesseract 3.04.00' />
  <meta name='ocr-capabilities' content='ocr_page ocr_carea ocr_par ocr_line ocrx_word'/>
</head>
<body>
  <div class='ocr_page' id='page_1' title='image "./comoediaesexexre01tereuoft_0452.png"; bbox 0 0 1815 3168; ppageno 0'>
   <div class='ocr_carea' id='block_1_1' title="bbox 337 165 438 225">
    <p class='ocr_par' dir='ltr' id='par_1_1' title="bbox 337 165 438 225">
     <span class='ocr_line' id='line_1_1' title="bbox 337 165 438 225; baseline -0.04 0"><span class='ocrx_word' id='word_1_1' title='bbox 337 165 438 225; x_wconf 72' lang='lat'>35⁶</span> 
     </span>
    </p>
   </div>
   <div class='ocr_carea' id='block_1_2' title="bbox 731 154 1306 202">
    <p class='ocr_par' dir='ltr' id='par_1_2' title="bbox 731 154 1306 202">
     <span class='ocr_line' id='line_1_2' title="bbox 731 154 1306 202; baseline -0.007 0"><span class='ocrx_word' id='word_1_2' title='bbox 731 157 888 202; x_wconf 87' lang='lat' dir='ltr'>ACT.</span> <span class='ocrx_word' id='word_1_3' title='bbox 923 156 995 200; x_wconf 82' lang='grc' dir='ltr'><strong>ΙΙΙ.</strong></span> <span class='ocrx_word' id='word_1_4' title='bbox 1040 154 1233 199; x_wconf 88' lang='lat' dir='ltr'><strong>SCEN.</strong></span> <span class='ocrx_word' id='word_1_5' title='bbox 1271 156 1306 199; x_wconf 89' lang='grc' dir='ltr'>Ι.</span> 
     </span>
    </p>
   </div>
   <div class='ocr_carea' id='block_1_3' title="bbox 472 280 1712 412">
    <p class='ocr_par' dir='ltr' id='par_1_3' title="bbox 472 280 1712 412">
     <span class='ocr_line' id='line_1_3' title="bbox 472 280 1613 344; baseline -0.006 -9"><span class='ocrx_word' id='word_1_6' title='bbox 472 283 689 338; x_wconf 64' lang='grc' dir='ltr'>Ρτοῐεξὶο,</span> <span class='ocrx_word' id='word_1_7' title='bbox 710 295 758 332; x_wconf 84' lang='lat' dir='ltr'>vt</span> <span class='ocrx_word' id='word_1_8' title='bbox 783 296 903 344; x_wconf 83' lang='lat' dir='ltr'>grata</span> <span class='ocrx_word' id='word_1_9' title='bbox 923 283 1033 328; x_wconf 86' lang='lat' dir='ltr'>mihi</span> <span class='ocrx_word' id='word_1_10' title='bbox 1055 280 1149 334; x_wconf 80' lang='lat' dir='ltr'>fint,</span> <span class='ocrx_word' id='word_1_11' title='bbox 1171 296 1281 344; x_wconf 85' lang='lat' dir='ltr'>quae</span> <span class='ocrx_word' id='word_1_12' title='bbox 1302 280 1426 333; x_wconf 85' lang='lat' dir='ltr'>facio,</span> <span class='ocrx_word' id='word_1_13' title='bbox 1450 283 1613 329; x_wconf 82' lang='lat' dir='ltr'>omnia.</span> 
     </span>
     <span class='ocr_line' id='line_1_4' title="bbox 474 353 1712 412; baseline -0.006 -1"><span class='ocrx_word' id='word_1_14' title='bbox 474 361 591 412; x_wconf 85' lang='lat' dir='ltr'>GN.</span> <span class='ocrx_word' id='word_1_15' title='bbox 625 361 816 407; x_wconf 83' lang='lat' dir='ltr'>Aduorti</span> <span class='ocrx_word' id='word_1_16' title='bbox 837 358 982 404; x_wconf 86' lang='lat' dir='ltr'>hercle</span> <span class='ocrx_word' id='word_1_17' title='bbox 1006 358 1217 403; x_wconf 83' lang='lat' dir='ltr'>animum.</span> <span class='ocrx_word' id='word_1_18' title='bbox 1258 353 1309 401; x_wconf 95' lang='lat' dir='ltr'><strong>T</strong></span> <span class='ocrx_word' id='word_1_19' title='bbox 1331 368 1384 401; x_wconf 83' lang='lat' dir='ltr'>H.</span> <span class='ocrx_word' id='word_1_20' title='bbox 1421 355 1491 403; x_wconf 84' lang='lat' dir='ltr'>vel</span> <span class='ocrx_word' id='word_1_21' title='bbox 1510 372 1585 403; x_wconf 83' lang='lat' dir='ltr'>rex</span> <span class='ocrx_word' id='word_1_22' title='bbox 1608 355 1712 403; x_wconf 80' lang='lat' dir='ltr'>scm-</span> 
     </span>
    </p>
   </div>
   <div class='ocr_carea' id='block_1_4' title="bbox 575 437 881 502">
    <p class='ocr_par' dir='ltr' id='par_1_4' title="bbox 575 437 881 502">
     <span class='ocr_line' id='line_1_5' title="bbox 575 437 881 502; baseline -0.016 -18"><span class='ocrx_word' id='word_1_23' title='bbox 575 453 656 502; x_wconf 86' lang='lat' dir='ltr'>per</span> <span class='ocrx_word' id='word_1_24' title='bbox 679 437 881 482; x_wconf 70' lang='lat' dir='ltr'>maximas</span> 
     </span>
    </p>
   </div>
   <div class='ocr_carea' id='block_1_5' title="bbox 390 506 1642 726">
    <p class='ocr_par' dir='ltr' id='par_1_5' title="bbox 390 506 1642 726">
     <span class='ocr_line' id='line_1_6' title="bbox 476 506 1642 572; baseline -0.006 -13"><span class='ocrx_word' id='word_1_25' title='bbox 476 513 595 560; x_wconf 83' lang='lat' dir='ltr'>Mihi</span> <span class='ocrx_word' id='word_1_26' title='bbox 617 511 781 572; x_wconf 76' lang='lat' dir='ltr'>agebat,</span> <span class='ocrx_word' id='word_1_27' title='bbox 805 507 1014 572; x_wconf 88' lang='lat' dir='ltr'>quicquid</span> <span class='ocrx_word' id='word_1_28' title='bbox 1041 506 1252 553; x_wconf 79' lang='lat' dir='ltr'>feceram:</span> <span class='ocrx_word' id='word_1_29' title='bbox 1293 507 1384 553; x_wconf 85' lang='lat' dir='ltr'>aliis</span> <span class='ocrx_word' id='word_1_30' title='bbox 1406 524 1498 554; x_wconf 91' lang='lat' dir='ltr'>non</span> <span class='ocrx_word' id='word_1_31' title='bbox 1522 509 1642 554; x_wconf 85' lang='lat' dir='ltr'>item.</span> 
     </span>
     <span class='ocr_line' id='line_1_7' title="bbox 481 580 1591 646; baseline -0.005 -12"><span class='ocrx_word' id='word_1_32' title='bbox 481 586 531 635; x_wconf 82' lang='lat' dir='ltr'>G</span> <span class='ocrx_word' id='word_1_33' title='bbox 549 601 598 632; x_wconf 76' lang='lat' dir='ltr'>N.</span> <span class='ocrx_word' id='word_1_34' title='bbox 635 586 805 632; x_wconf 81' lang='lat' dir='ltr'>Labore</span> <span class='ocrx_word' id='word_1_35' title='bbox 828 584 969 629; x_wconf 86' lang='lat' dir='ltr'>alieno</span> <span class='ocrx_word' id='word_1_36' title='bbox 993 598 1195 642; x_wconf 84' lang='lat' dir='ltr'>magnam</span> <span class='ocrx_word' id='word_1_37' title='bbox 1217 580 1384 646; x_wconf 80' lang='lat' dir='ltr'>partam</span> <span class='ocrx_word' id='word_1_38' title='bbox 1402 583 1591 644; x_wconf 11' lang='lat' dir='ltr'>&#39;gloriam</span> 
     </span>
     <span class='ocr_line' id='line_1_8' title="bbox 390 657 1623 726; baseline -0.01 -10"><span class='ocrx_word' id='word_1_39' title='bbox 390 684 449 715; x_wconf 90' lang='lat'>10</span> <span class='ocrx_word' id='word_1_40' title='bbox 478 663 636 712; x_wconf 80' lang='lat' dir='ltr'>Verbis</span> <span class='ocrx_word' id='word_1_41' title='bbox 660 660 781 726; x_wconf 59' lang='grc' dir='ltr'>[ωερε</span> <span class='ocrx_word' id='word_1_42' title='bbox 800 661 848 707; x_wconf 87' lang='lat' dir='ltr'>in</span> <span class='ocrx_word' id='word_1_43' title='bbox 870 658 909 706; x_wconf 77' lang='lat' dir='ltr'>se</span> <span class='ocrx_word' id='word_1_44' title='bbox 932 657 1209 712; x_wconf 84' lang='lat' dir='ltr'>transmouet,</span> <span class='ocrx_word' id='word_1_45' title='bbox 1236 659 1312 722; x_wconf 86' lang='lat' dir='ltr'>qui</span> <span class='ocrx_word' id='word_1_46' title='bbox 1332 657 1463 705; x_wconf 85' lang='lat' dir='ltr'>habet</span> <span class='ocrx_word' id='word_1_47' title='bbox 1483 658 1623 709; x_wconf 75' lang='lat' dir='ltr'>l&#39;alem,</span> 
     </span>
    </p>
   </div>
   <div class='ocr_carea' id='block_1_6' title="bbox 1579 734 1716 789">
    <p class='ocr_par' dir='ltr' id='par_1_6' title="bbox 1579 734 1716 789">
     <span class='ocr_line' id='line_1_9' title="bbox 1579 734 1716 789; baseline 0 -9"><span class='ocrx_word' id='word_1_48' title='bbox 1579 734 1716 789; x_wconf 84' lang='lat' dir='ltr'>Quod</span> 
     </span>
    </p>
   </div>
   <div class='ocr_carea' id='block_1_7' title="bbox 345 857 1718 975">
    <p class='ocr_par' dir='ltr' id='par_1_7' title="bbox 345 857 1718 975">
     <span class='ocr_line' id='line_1_10' title="bbox 346 857 1718 918; baseline -0.009 -11"><span class='ocrx_word' id='word_1_49' title='bbox 346 867 457 913; x_wconf 76' lang='lat' dir='ltr'>modo</span> <span class='ocrx_word' id='word_1_50' title='bbox 476 866 617 906; x_wconf 81' lang='lat' dir='ltr'>militis.</span> <span class='ocrx_word' id='word_1_51' title='bbox 674 862 736 916; x_wconf 80' lang='lat' dir='ltr'>Est</span> <span class='ocrx_word' id='word_1_52' title='bbox 757 861 846 917; x_wconf 87' lang='lat' dir='ltr'>istuc</span> <span class='ocrx_word' id='word_1_53' title='bbox 863 862 1009 918; x_wconf 79' lang='lat' dir='ltr'>datum]</span> <span class='ocrx_word' id='word_1_54' title='bbox 1047 861 1196 918; x_wconf 79' lang='lat' dir='ltr'>fimper</span> <span class='ocrx_word' id='word_1_55' title='bbox 1228 858 1436 903; x_wconf 71' lang='lat' dir='ltr'>maximas]</span> <span class='ocrx_word' id='word_1_56' title='bbox 1483 857 1718 899; x_wconf 81' lang='lat' dir='ltr'>Subauditvr</span> 
     </span>
     <span class='ocr_line' id='line_1_11' title="bbox 345 913 1716 975; baseline -0.01 -10"><span class='ocrx_word' id='word_1_57' title='bbox 345 927 439 966; x_wconf 77' lang='lat' dir='ltr'>Fato</span> <span class='ocrx_word' id='word_1_58' title='bbox 487 923 727 971; x_wconf 87' lang='lat' dir='ltr'>decretoque</span> <span class='ocrx_word' id='word_1_59' title='bbox 762 918 1009 959; x_wconf 69' lang='lat' dir='ltr'>concessum:</span> <span class='ocrx_word' id='word_1_60' title='bbox 1057 923 1227 975; x_wconf 81' lang='lat' dir='ltr'>gratias:</span> <span class='ocrx_word' id='word_1_61' title='bbox 1256 917 1303 958; x_wconf 80' lang='lat' dir='ltr'>ab</span> <span class='ocrx_word' id='word_1_62' title='bbox 1327 931 1373 958; x_wconf 82' lang='lat' dir='ltr'>eo</span> <span class='ocrx_word' id='word_1_63' title='bbox 1396 916 1501 969; x_wconf 88' lang='lat' dir='ltr'>quod</span> <span class='ocrx_word' id='word_1_64' title='bbox 1531 913 1642 966; x_wconf 85' lang='lat' dir='ltr'>supra</span> <span class='ocrx_word' id='word_1_65' title='bbox 1662 914 1716 951; x_wconf 90' lang='lat' dir='ltr'>di-</span> 
     </span>
    </p>
   </div>
   <div class='ocr_carea' id='block_1_8' title="bbox 345 975 1023 2537">
    <p class='ocr_par' dir='ltr' id='par_1_8' title="bbox 347 975 1013 1133">
     <span class='ocr_line' id='line_1_12' title="bbox 347 975 1010 1031; baseline -0.009 -12"><span class='ocrx_word' id='word_1_66' title='bbox 347 992 387 1019; x_wconf 70' lang='lat' dir='ltr'>vt</span> <span class='ocrx_word' id='word_1_67' title='bbox 405 983 526 1031; x_wconf 83' lang='lat' dir='ltr'>(Aen.</span> <span class='ocrx_word' id='word_1_68' title='bbox 546 990 635 1024; x_wconf 82' lang='lat' dir='ltr'>vu,</span> <span class='ocrx_word' id='word_1_69' title='bbox 664 977 798 1028; x_wconf 84' lang='lat'>313.)‚</span> <span class='ocrx_word' id='word_1_70' title='bbox 829 977 918 1015; x_wconf 86' lang='lat' dir='ltr'>Non</span> <span class='ocrx_word' id='word_1_71' title='bbox 945 975 1010 1014; x_wconf 85' lang='lat' dir='ltr'>da-</span> 
     </span>
     <span class='ocr_line' id='line_1_13' title="bbox 347 1029 1013 1087; baseline -0.009 -11"><span class='ocrx_word' id='word_1_72' title='bbox 347 1036 453 1076; x_wconf 83' lang='lat' dir='ltr'>bitur</span> <span class='ocrx_word' id='word_1_73' title='bbox 471 1036 607 1087; x_wconf 81' lang='lat' dir='ltr'>regnis,</span> <span class='ocrx_word' id='word_1_74' title='bbox 631 1032 714 1086; x_wconf 85' lang='lat' dir='ltr'>esto,</span> <span class='ocrx_word' id='word_1_75' title='bbox 727 1029 926 1084; x_wconf 79' lang='lat' dir='ltr'>prohibere</span> <span class='ocrx_word' id='word_1_76' title='bbox 938 1032 1013 1071; x_wconf 82' lang='lat' dir='ltr'>La-</span> 
     </span>
     <span class='ocr_line' id='line_1_14' title="bbox 352 1094 567 1133; baseline -0.023 0"><span class='ocrx_word' id='word_1_77' title='bbox 352 1094 454 1133; x_wconf 81' lang='lat' dir='ltr'>tinis.</span> <span class='ocrx_word' id='word_1_78' title='bbox 515 1094 567 1130; x_wconf 91' lang='lat' dir='ltr'>D.</span> 
     </span>
    </p>

    <p class='ocr_par' dir='ltr' id='par_1_9' title="bbox 350 1143 1014 1523">
     <span class='ocr_line' id='line_1_15' title="bbox 403 1143 1013 1199; baseline -0.008 -14"><span class='ocrx_word' id='word_1_79' title='bbox 403 1146 467 1199; x_wconf 79' lang='lat' dir='ltr'>Est</span> <span class='ocrx_word' id='word_1_80' title='bbox 504 1143 596 1196; x_wconf 76' lang='lat' dir='ltr'>zstuc</span> <span class='ocrx_word' id='word_1_81' title='bbox 634 1143 779 1196; x_wconf 81' lang='lat' dir='ltr'>datum]</span> <span class='ocrx_word' id='word_1_82' title='bbox 826 1144 934 1182; x_wconf 86' lang='lat' dir='ltr'>Haec</span> <span class='ocrx_word' id='word_1_83' title='bbox 973 1155 1013 1180; x_wconf 90' lang='lat' dir='ltr'>o-</span> 
     </span>
     <span class='ocr_line' id='line_1_16' title="bbox 351 1199 1013 1253; baseline -0.011 -10"><span class='ocrx_word' id='word_1_84' title='bbox 351 1204 446 1243; x_wconf 84' lang='lat' dir='ltr'>ratio</span> <span class='ocrx_word' id='word_1_85' title='bbox 468 1199 620 1253; x_wconf 81' lang='lat' dir='ltr'>gloriosi</span> <span class='ocrx_word' id='word_1_86' title='bbox 639 1199 694 1239; x_wconf 89' lang='lat' dir='ltr'>est</span> <span class='ocrx_word' id='word_1_87' title='bbox 720 1199 872 1246; x_wconf 84' lang='lat' dir='ltr'>militis,</span> <span class='ocrx_word' id='word_1_88' title='bbox 899 1199 1013 1238; x_wconf 85' lang='lat' dir='ltr'>nimi-</span> 
     </span>
     <span class='ocr_line' id='line_1_17' title="bbox 350 1253 1011 1310; baseline -0.012 -10"><span class='ocrx_word' id='word_1_89' title='bbox 350 1274 413 1300; x_wconf 86' lang='lat' dir='ltr'>am</span> <span class='ocrx_word' id='word_1_90' title='bbox 449 1257 517 1296; x_wconf 83' lang='lat' dir='ltr'>fibi</span> <span class='ocrx_word' id='word_1_91' title='bbox 559 1256 720 1310; x_wconf 82' lang='lat' dir='ltr'>gloriam</span> <span class='ocrx_word' id='word_1_92' title='bbox 759 1253 1011 1294; x_wconf 83' lang='lat' dir='ltr'>vindicantis:</span> 
     </span>
     <span class='ocr_line' id='line_1_18' title="bbox 352 1309 1013 1367; baseline -0.009 -13"><span class='ocrx_word' id='word_1_93' title='bbox 352 1316 503 1367; x_wconf 86' lang='lat' dir='ltr'>quippe</span> <span class='ocrx_word' id='word_1_94' title='bbox 525 1325 612 1351; x_wconf 89' lang='lat' dir='ltr'>cum</span> <span class='ocrx_word' id='word_1_95' title='bbox 631 1312 733 1350; x_wconf 83' lang='lat' dir='ltr'>dieat</span> <span class='ocrx_word' id='word_1_96' title='bbox 750 1310 817 1349; x_wconf 76' lang='lat' dir='ltr'>sibi</span> <span class='ocrx_word' id='word_1_97' title='bbox 837 1309 926 1357; x_wconf 69' lang='lat' dir='ltr'>fato,</span> <span class='ocrx_word' id='word_1_98' title='bbox 946 1311 1013 1348; x_wconf 85' lang='lat' dir='ltr'>vel</span> 
     </span>
     <span class='ocr_line' id='line_1_19' title="bbox 352 1363 1011 1423; baseline -0.006 -14"><span class='ocrx_word' id='word_1_99' title='bbox 352 1371 519 1423; x_wconf 86' lang='lat' dir='ltr'>quadam</span> <span class='ocrx_word' id='word_1_100' title='bbox 537 1379 671 1406; x_wconf 87' lang='lat' dir='ltr'>natura</span> <span class='ocrx_word' id='word_1_101' title='bbox 689 1364 766 1405; x_wconf 81' lang='lat' dir='ltr'>effe</span> <span class='ocrx_word' id='word_1_102' title='bbox 780 1363 1011 1413; x_wconf 84' lang='lat' dir='ltr'>conceffum,</span> 
     </span>
     <span class='ocr_line' id='line_1_20' title="bbox 352 1421 1014 1475; baseline -0.011 -9"><span class='ocrx_word' id='word_1_103' title='bbox 352 1428 406 1466; x_wconf 77' lang='lat' dir='ltr'>vti</span> <span class='ocrx_word' id='word_1_104' title='bbox 435 1425 589 1471; x_wconf 62' lang='lat' dir='ltr'>cuneta,</span> <span class='ocrx_word' id='word_1_105' title='bbox 626 1436 725 1475; x_wconf 88' lang='lat' dir='ltr'>quae</span> <span class='ocrx_word' id='word_1_106' title='bbox 743 1421 876 1471; x_wconf 80' lang='lat' dir='ltr'>faciat,</span> <span class='ocrx_word' id='word_1_107' title='bbox 909 1431 1014 1475; x_wconf 86' lang='lat' dir='ltr'>grata</span> 
     </span>
     <span class='ocr_line' id='line_1_21' title="bbox 351 1479 741 1523; baseline -0.013 0"><span class='ocrx_word' id='word_1_108' title='bbox 351 1483 425 1523; x_wconf 81' lang='lat' dir='ltr'>fint</span> <span class='ocrx_word' id='word_1_109' title='bbox 447 1479 643 1520; x_wconf 83' lang='lat' dir='ltr'>omnibus.</span> <span class='ocrx_word' id='word_1_110' title='bbox 698 1480 741 1519; x_wconf 86' lang='lat' dir='ltr'>E.</span> 
     </span>
    </p>

    <p class='ocr_par' dir='ltr' id='par_1_10' title="bbox 345 1532 1017 1814">
     <span class='ocr_line' id='line_1_22' title="bbox 406 1532 1015 1590; baseline -0.008 -13"><span class='ocrx_word' id='word_1_111' title='bbox 406 1542 432 1581; x_wconf 85' lang='lat'><em>6</em></span> <span class='ocrx_word' id='word_1_112' title='bbox 465 1538 516 1577; x_wconf 86' lang='lat' dir='ltr'>Vt</span> <span class='ocrx_word' id='word_1_113' title='bbox 541 1549 656 1590; x_wconf 85' lang='lat' dir='ltr'>grata</span> <span class='ocrx_word' id='word_1_114' title='bbox 682 1533 776 1574; x_wconf 78' lang='lat' dir='ltr'>mihi</span> <span class='ocrx_word' id='word_1_115' title='bbox 793 1532 894 1585; x_wconf 77' lang='lat' dir='ltr'>stnt,</span> <span class='ocrx_word' id='word_1_116' title='bbox 924 1547 1015 1587; x_wconf 81' lang='lat' dir='ltr'>quae</span> 
     </span>
     <span class='ocr_line' id='line_1_23' title="bbox 345 1589 1016 1649; baseline -0.009 -15"><span class='ocrx_word' id='word_1_117' title='bbox 345 1596 480 1649; x_wconf 78' lang='lat' dir='ltr'>facia,</span> <span class='ocrx_word' id='word_1_118' title='bbox 528 1594 674 1637; x_wconf 83' lang='lat' dir='ltr'>omnia]</span> <span class='ocrx_word' id='word_1_119' title='bbox 719 1593 861 1631; x_wconf 83' lang='lat' dir='ltr'>Gratae</span> <span class='ocrx_word' id='word_1_120' title='bbox 902 1589 1016 1629; x_wconf 88' lang='lat' dir='ltr'>nobis</span> 
     </span>
     <span class='ocr_line' id='line_1_24' title="bbox 353 1644 1017 1700; baseline -0.011 -9"><span class='ocrx_word' id='word_1_121' title='bbox 353 1649 443 1691; x_wconf 89' lang='lat' dir='ltr'>sunt</span> <span class='ocrx_word' id='word_1_122' title='bbox 464 1658 529 1689; x_wconf 86' lang='lat' dir='ltr'>aut</span> <span class='ocrx_word' id='word_1_123' title='bbox 546 1661 617 1696; x_wconf 85' lang='lat' dir='ltr'>res,</span> <span class='ocrx_word' id='word_1_124' title='bbox 637 1655 706 1686; x_wconf 64' lang='lat' dir='ltr'>aut</span> <span class='ocrx_word' id='word_1_125' title='bbox 724 1645 930 1700; x_wconf 84' lang='lat' dir='ltr'>personae:</span> <span class='ocrx_word' id='word_1_126' title='bbox 950 1644 1017 1685; x_wconf 88' lang='lat' dir='ltr'>sed</span> 
     </span>
     <span class='ocr_line' id='line_1_25' title="bbox 356 1702 1015 1756; baseline -0.012 -9"><span class='ocrx_word' id='word_1_127' title='bbox 356 1719 463 1747; x_wconf 89' lang='lat' dir='ltr'>nunc</span> <span class='ocrx_word' id='word_1_128' title='bbox 504 1718 564 1744; x_wconf 90' lang='lat' dir='ltr'>res</span> <span class='ocrx_word' id='word_1_129' title='bbox 607 1703 710 1742; x_wconf 88' lang='lat' dir='ltr'>dicit.</span> <span class='ocrx_word' id='word_1_130' title='bbox 762 1702 866 1756; x_wconf 77' lang='lat' dir='ltr'>Qae</span> <span class='ocrx_word' id='word_1_131' title='bbox 889 1703 1015 1755; x_wconf 70' lang='lat' dir='ltr'>flacio,</span> 
     </span>
     <span class='ocr_line' id='line_1_26' title="bbox 358 1758 1016 1814; baseline -0.014 -11"><span class='ocrx_word' id='word_1_132' title='bbox 358 1764 499 1814; x_wconf 82' lang='lat' dir='ltr'>omnia]</span> <span class='ocrx_word' id='word_1_133' title='bbox 533 1758 673 1803; x_wconf 55' lang='lat' dir='ltr'>{Metam</span> <span class='ocrx_word' id='word_1_134' title='bbox 690 1759 750 1798; x_wconf 87' lang='lat' dir='ltr'>vel</span> <span class='ocrx_word' id='word_1_135' title='bbox 768 1759 935 1803; x_wconf 64' lang='grc' dir='ltr'>σύλληψις.</span> <span class='ocrx_word' id='word_1_136' title='bbox 967 1760 1016 1798; x_wconf 91' lang='lat' dir='ltr'>D.</span> 
     </span>
    </p>

    <p class='ocr_par' dir='ltr' id='par_1_11' title="bbox 348 1815 1019 2092">
     <span class='ocr_line' id='line_1_27' title="bbox 418 1815 1019 1868; baseline -0.012 -10"><span class='ocrx_word' id='word_1_137' title='bbox 418 1818 540 1857; x_wconf 87' lang='lat' dir='ltr'>Grata</span> <span class='ocrx_word' id='word_1_138' title='bbox 565 1816 656 1855; x_wconf 84' lang='lat' dir='ltr'>mihi</span> <span class='ocrx_word' id='word_1_139' title='bbox 666 1816 745 1868; x_wconf 84' lang='lat' dir='ltr'>fint</span> <span class='ocrx_word' id='word_1_140' title='bbox 767 1824 876 1868; x_wconf 83' lang='lat' dir='ltr'>quae]</span> <span class='ocrx_word' id='word_1_141' title='bbox 908 1815 1019 1855; x_wconf 84' lang='lat' dir='ltr'>Cice-</span> 
     </span>
     <span class='ocr_line' id='line_1_28' title="bbox 356 1869 1018 1926; baseline -0.012 -11"><span class='ocrx_word' id='word_1_142' title='bbox 356 1889 400 1916; x_wconf 88' lang='lat' dir='ltr'>ro</span> <span class='ocrx_word' id='word_1_143' title='bbox 426 1873 527 1926; x_wconf 88' lang='lat' dir='ltr'>apud</span> <span class='ocrx_word' id='word_1_144' title='bbox 547 1872 745 1911; x_wconf 88' lang='lat' dir='ltr'>Ammian.</span> <span class='ocrx_word' id='word_1_145' title='bbox 767 1871 940 1911; x_wconf 86' lang='lat' dir='ltr'>Marcell.</span> <span class='ocrx_word' id='word_1_146' title='bbox 951 1869 1018 1908; x_wconf 91' lang='lat' dir='ltr'>lib.</span> 
     </span>
     <span class='ocr_line' id='line_1_29' title="bbox 356 1925 1019 1980; baseline -0.012 -9"><span class='ocrx_word' id='word_1_147' title='bbox 356 1943 483 1971; x_wconf 82' lang='lat' dir='ltr'>xxvu.</span> <span class='ocrx_word' id='word_1_148' title='bbox 539 1929 631 1967; x_wconf 83' lang='lat' dir='ltr'>Cum</span> <span class='ocrx_word' id='word_1_149' title='bbox 656 1925 751 1965; x_wconf 83' lang='lat' dir='ltr'>nihil</span> <span class='ocrx_word' id='word_1_150' title='bbox 776 1927 827 1965; x_wconf 88' lang='lat' dir='ltr'>ad</span> <span class='ocrx_word' id='word_1_151' title='bbox 851 1928 1019 1980; x_wconf 85' lang='lat' dir='ltr'><em>gratiam</em></span> 
     </span>
     <span class='ocr_line' id='line_1_30' title="bbox 348 1983 1019 2041; baseline -0.012 -15"><span class='ocrx_word' id='word_1_152' title='bbox 348 1989 517 2041; x_wconf 84' lang='lat' dir='ltr'>faceret,</span> <span class='ocrx_word' id='word_1_153' title='bbox 551 1986 672 2022; x_wconf 82' lang='lat' dir='ltr'>omnia</span> <span class='ocrx_word' id='word_1_154' title='bbox 695 1995 814 2021; x_wconf 85' lang='lat' dir='ltr'>tamen</span> <span class='ocrx_word' id='word_1_155' title='bbox 828 1995 943 2036; x_wconf 80' lang='lat' dir='ltr'>grata</span> <span class='ocrx_word' id='word_1_156' title='bbox 964 1983 1019 2019; x_wconf 86' lang='lat' dir='ltr'>vi-</span> 
     </span>
     <span class='ocr_line' id='line_1_31' title="bbox 362 2037 948 2092; baseline -0.014 -9"><span class='ocrx_word' id='word_1_157' title='bbox 362 2045 548 2088; x_wconf 67' lang='lat' dir='ltr'>cierentur,</span> <span class='ocrx_word' id='word_1_158' title='bbox 567 2053 658 2092; x_wconf 85' lang='lat' dir='ltr'>quae</span> <span class='ocrx_word' id='word_1_159' title='bbox 666 2037 851 2090; x_wconf 74' lang='lat' dir='ltr'>faciebat.</span> <span class='ocrx_word' id='word_1_160' title='bbox 909 2040 948 2077; x_wconf 90' lang='lat' dir='ltr'>L.</span> 
     </span>
    </p>

    <p class='ocr_par' dir='ltr' id='par_1_12' title="bbox 359 2093 1018 2195">
     <span class='ocr_line' id='line_1_32' title="bbox 418 2093 1018 2145; baseline -0.012 -8"><span class='ocrx_word' id='word_1_161' title='bbox 418 2099 538 2136; x_wconf 80' lang='lat' dir='ltr'>Grata</span> <span class='ocrx_word' id='word_1_162' title='bbox 567 2094 678 2140; x_wconf 89' lang='lat' dir='ltr'>mihi,</span> <span class='ocrx_word' id='word_1_163' title='bbox 720 2094 758 2132; x_wconf 92' lang='lat' dir='ltr'>h.</span> <span class='ocrx_word' id='word_1_164' title='bbox 789 2105 823 2132; x_wconf 87' lang='lat' dir='ltr'>e.</span> <span class='ocrx_word' id='word_1_165' title='bbox 857 2093 1018 2145; x_wconf 84' lang='lat' dir='ltr'>gratiam</span> 
     </span>
     <span class='ocr_line' id='line_1_33' title="bbox 359 2150 986 2195; baseline -0.013 0"><span class='ocrx_word' id='word_1_166' title='bbox 359 2154 571 2195; x_wconf 87' lang='lat' dir='ltr'>hominum</span> <span class='ocrx_word' id='word_1_167' title='bbox 589 2150 682 2190; x_wconf 65' lang='lat' dir='ltr'>mihi</span> <span class='ocrx_word' id='word_1_168' title='bbox 698 2150 918 2188; x_wconf 84' lang='lat' dir='ltr'>concilient.</span> <span class='ocrx_word' id='word_1_169' title='bbox 946 2152 986 2188; x_wconf 87' lang='lat' dir='ltr'>Z.</span> 
     </span>
    </p>

    <p class='ocr_par' dir='ltr' id='par_1_13' title="bbox 360 2203 1023 2537">
     <span class='ocr_line' id='line_1_34' title="bbox 413 2203 1020 2262; baseline -0.012 -13"><span class='ocrx_word' id='word_1_170' title='bbox 413 2222 442 2262; x_wconf 89' lang='lat'><em>7</em></span> <span class='ocrx_word' id='word_1_171' title='bbox 479 2209 649 2248; x_wconf 78' lang='lat' dir='ltr'>Aduorzi</span> <span class='ocrx_word' id='word_1_172' title='bbox 682 2205 799 2244; x_wconf 84' lang='lat' dir='ltr'>hercle</span> <span class='ocrx_word' id='word_1_173' title='bbox 839 2203 1020 2255; x_wconf 82' lang='lat' dir='ltr'>animum]</span> 
     </span>
     <span class='ocr_line' id='line_1_35' title="bbox 360 2260 1023 2318; baseline -0.014 -10"><span class='ocrx_word' id='word_1_174' title='bbox 360 2264 565 2318; x_wconf 86' lang='lat' dir='ltr'>Approbat</span> <span class='ocrx_word' id='word_1_175' title='bbox 591 2262 732 2302; x_wconf 65' lang='lat' dir='ltr'>dietum</span> <span class='ocrx_word' id='word_1_176' title='bbox 752 2272 790 2300; x_wconf 89' lang='lat' dir='ltr'>et</span> <span class='ocrx_word' id='word_1_177' title='bbox 816 2260 910 2309; x_wconf 85' lang='lat' dir='ltr'>hoc,</span> <span class='ocrx_word' id='word_1_178' title='bbox 939 2262 1023 2308; x_wconf 83' lang='lat' dir='ltr'>Ait,</span> 
     </span>
     <span class='ocr_line' id='line_1_36' title="bbox 362 2318 1023 2370; baseline -0.011 -9"><span class='ocrx_word' id='word_1_179' title='bbox 362 2326 434 2362; x_wconf 74' lang='lat' dir='ltr'>aiv.</span> <span class='ocrx_word' id='word_1_180' title='bbox 494 2319 560 2360; x_wconf 85' lang='lat' dir='ltr'>Vel</span> <span class='ocrx_word' id='word_1_181' title='bbox 588 2334 656 2359; x_wconf 85' lang='lat' dir='ltr'>rex</span> <span class='ocrx_word' id='word_1_182' title='bbox 671 2318 819 2370; x_wconf 85' lang='lat' dir='ltr'><em>semper</em></span> <span class='ocrx_word' id='word_1_183' title='bbox 840 2319 1023 2356; x_wconf 81' lang='lat' dir='ltr'>maximas</span> 
     </span>
     <span class='ocr_line' id='line_1_37' title="bbox 362 2368 1023 2432; baseline -0.012 -14"><span class='ocrx_word' id='word_1_184' title='bbox 362 2378 456 2418; x_wconf 76' lang='lat' dir='ltr'>mihi</span> <span class='ocrx_word' id='word_1_185' title='bbox 482 2375 630 2432; x_wconf 82' lang='lat' dir='ltr'>agebat]</span> <span class='ocrx_word' id='word_1_186' title='bbox 671 2376 803 2425; x_wconf 89' lang='lat' dir='ltr'>Quam</span> <span class='ocrx_word' id='word_1_187' title='bbox 830 2368 1023 2424; x_wconf 60' lang='lat' dir='ltr'>internp&amp;</span> 
     </span>
     <span class='ocr_line' id='line_1_38' title="bbox 363 2427 1023 2484; baseline -0.014 -10"><span class='ocrx_word' id='word_1_188' title='bbox 363 2435 459 2474; x_wconf 86' lang='lat' dir='ltr'>stiue</span> <span class='ocrx_word' id='word_1_189' title='bbox 479 2433 588 2473; x_wconf 88' lang='lat' dir='ltr'>miles</span> <span class='ocrx_word' id='word_1_190' title='bbox 609 2430 657 2470; x_wconf 86' lang='lat' dir='ltr'>ad</span> <span class='ocrx_word' id='word_1_191' title='bbox 669 2433 818 2484; x_wconf 87' lang='lat' dir='ltr'>Regem</span> <span class='ocrx_word' id='word_1_192' title='bbox 827 2427 1023 2468; x_wconf 73' lang='lat' dir='ltr'>transitum</span> 
     </span>
     <span class='ocr_line' id='line_1_39' title="bbox 363 2486 1022 2537; baseline -0.011 -8"><span class='ocrx_word' id='word_1_193' title='bbox 363 2489 467 2535; x_wconf 84' lang='lat' dir='ltr'>fecit,</span> <span class='ocrx_word' id='word_1_194' title='bbox 489 2502 577 2527; x_wconf 88' lang='lat' dir='ltr'>cum</span> <span class='ocrx_word' id='word_1_195' title='bbox 596 2487 646 2525; x_wconf 90' lang='lat' dir='ltr'>de</span> <span class='ocrx_word' id='word_1_196' title='bbox 664 2486 868 2526; x_wconf 86' lang='lat' dir='ltr'>meretrice</span> <span class='ocrx_word' id='word_1_197' title='bbox 878 2495 1022 2537; x_wconf 84' lang='lat' dir='ltr'>agatur.</span> 
     </span>
    </p>
   </div>
   <div class='ocr_carea' id='block_1_9' title="bbox 368 2539 1066 2594">
    <p class='ocr_par' dir='ltr' id='par_1_14' title="bbox 368 2539 1066 2594">
     <span class='ocr_line' id='line_1_40' title="bbox 368 2539 1066 2594; baseline -0.01 -10"><span class='ocrx_word' id='word_1_198' title='bbox 368 2545 434 2584; x_wconf 84' lang='lat' dir='ltr'>Vel</span> <span class='ocrx_word' id='word_1_199' title='bbox 451 2546 533 2594; x_wconf 81' lang='lat' dir='ltr'>rex]</span> <span class='ocrx_word' id='word_1_200' title='bbox 565 2546 617 2583; x_wconf 90' lang='lat' dir='ltr'>Vt</span> <span class='ocrx_word' id='word_1_201' title='bbox 635 2544 676 2582; x_wconf 86' lang='lat' dir='ltr'>in</span> <span class='ocrx_word' id='word_1_202' title='bbox 696 2545 858 2594; x_wconf 84' lang='lat' dir='ltr'>Hecyra,</span> <span class='ocrx_word' id='word_1_203' title='bbox 882 2541 949 2581; x_wconf 89' lang='lat' dir='ltr'>Vel</span> <span class='ocrx_word' id='word_1_204' title='bbox 957 2539 1024 2578; x_wconf 78' lang='lat' dir='ltr'>hic</span> <span class='ocrx_word' id='word_1_205' title='bbox 1052 2548 1066 2560; x_wconf 72' lang='lat'><em>⁶</em></span> 
     </span>
    </p>
   </div>
   <div class='ocr_carea' id='block_1_10' title="bbox 363 2596 1023 2711">
    <p class='ocr_par' dir='ltr' id='par_1_15' title="bbox 363 2596 1023 2711">
     <span class='ocr_line' id='line_1_41' title="bbox 363 2596 1023 2653; baseline -0.011 -12"><span class='ocrx_word' id='word_1_206' title='bbox 363 2599 578 2653; x_wconf 82' lang='lat' dir='ltr'>Pamphilus</span> <span class='ocrx_word' id='word_1_207' title='bbox 606 2597 754 2638; x_wconf 83' lang='lat' dir='ltr'>iurabat</span> <span class='ocrx_word' id='word_1_208' title='bbox 773 2599 915 2651; x_wconf 78' lang='lat' dir='ltr'>quoties</span> <span class='ocrx_word' id='word_1_209' title='bbox 933 2596 1023 2635; x_wconf 84' lang='lat' dir='ltr'>Bac-</span> 
     </span>
     <span class='ocr_line' id='line_1_42' title="bbox 366 2653 1021 2711; baseline -0.006 -12"><span class='ocrx_word' id='word_1_210' title='bbox 366 2658 487 2707; x_wconf 82' lang='lat' dir='ltr'>chidi,</span> <span class='ocrx_word' id='word_1_211' title='bbox 515 2669 625 2711; x_wconf 80' lang='lat' dir='ltr'>quam</span> <span class='ocrx_word' id='word_1_212' title='bbox 644 2654 786 2709; x_wconf 57' lang='lat' dir='ltr'>fiznffte.</span> <span class='ocrx_word' id='word_1_213' title='bbox 848 2653 914 2696; x_wconf 79' lang='lat' dir='ltr'>Vel</span> <span class='ocrx_word' id='word_1_214' title='bbox 952 2666 1021 2695; x_wconf 81' lang='lat' dir='ltr'>rex</span> 
     </span>
    </p>
   </div>
   <div class='ocr_carea' id='block_1_11' title="bbox 1059 972 1730 2144">
    <p class='ocr_par' dir='ltr' id='par_1_16' title="bbox 1059 972 1719 1071">
     <span class='ocr_line' id='line_1_43' title="bbox 1059 972 1719 1030; baseline -0.008 -16"><span class='ocrx_word' id='word_1_215' title='bbox 1059 977 1126 1025; x_wconf 81' lang='lat' dir='ltr'>xit,</span> <span class='ocrx_word' id='word_1_216' title='bbox 1158 977 1326 1030; x_wconf 82' lang='lat' dir='ltr'>Magnas</span> <span class='ocrx_word' id='word_1_217' title='bbox 1344 988 1428 1012; x_wconf 80' lang='lat' dir='ltr'>vero</span> <span class='ocrx_word' id='word_1_218' title='bbox 1446 986 1553 1028; x_wconf 82' lang='lat' dir='ltr'>agere</span> <span class='ocrx_word' id='word_1_219' title='bbox 1572 972 1719 1027; x_wconf 81' lang='lat' dir='ltr'>gratias</span> 
     </span>
     <span class='ocr_line' id='line_1_44' title="bbox 1059 1031 1397 1071; baseline -0.003 0"><span class='ocrx_word' id='word_1_220' title='bbox 1059 1032 1171 1071; x_wconf 80' lang='lat' dir='ltr'><em>Thais</em></span> <span class='ocrx_word' id='word_1_221' title='bbox 1192 1031 1295 1070; x_wconf 82' lang='lat' dir='ltr'>mihi.</span> <span class='ocrx_word' id='word_1_222' title='bbox 1350 1033 1397 1070; x_wconf 92' lang='lat' dir='ltr'>D.</span> 
     </span>
    </p>

    <p class='ocr_par' dir='ltr' id='par_1_17' title="bbox 1062 1080 1730 1417">
     <span class='ocr_line' id='line_1_45' title="bbox 1121 1080 1720 1135; baseline -0.013 -8"><span class='ocrx_word' id='word_1_223' title='bbox 1121 1087 1187 1127; x_wconf 76' lang='lat' dir='ltr'>Vel</span> <span class='ocrx_word' id='word_1_224' title='bbox 1202 1101 1273 1126; x_wconf 87' lang='lat' dir='ltr'>rex</span> <span class='ocrx_word' id='word_1_225' title='bbox 1290 1086 1395 1135; x_wconf 76' lang='lat' dir='ltr'>mihi]</span> <span class='ocrx_word' id='word_1_226' title='bbox 1431 1085 1505 1132; x_wconf 78' lang='lat' dir='ltr'>Vel,</span> <span class='ocrx_word' id='word_1_227' title='bbox 1526 1093 1566 1122; x_wconf 90' lang='lat' dir='ltr'>et</span> <span class='ocrx_word' id='word_1_228' title='bbox 1578 1080 1720 1135; x_wconf 77' lang='lat' dir='ltr'>signifi-</span> 
     </span>
     <span class='ocr_line' id='line_1_46' title="bbox 1062 1139 1719 1195; baseline -0.005 -13"><span class='ocrx_word' id='word_1_229' title='bbox 1062 1153 1133 1182; x_wconf 81' lang='lat' dir='ltr'>cat.</span> <span class='ocrx_word' id='word_1_230' title='bbox 1164 1146 1214 1184; x_wconf 92' lang='lat' dir='ltr'>Vt</span> <span class='ocrx_word' id='word_1_231' title='bbox 1233 1143 1362 1195; x_wconf 80' lang='lat' dir='ltr'>(Virg.</span> <span class='ocrx_word' id='word_1_232' title='bbox 1381 1141 1460 1180; x_wconf 86' lang='lat' dir='ltr'>Ecl.</span> <span class='ocrx_word' id='word_1_233' title='bbox 1484 1152 1587 1188; x_wconf 78' lang='lat' dir='ltr'>vm,</span> <span class='ocrx_word' id='word_1_234' title='bbox 1618 1139 1719 1191; x_wconf 86' lang='lat'><strong>69.)‚</strong></span> 
     </span>
     <span class='ocr_line' id='line_1_47' title="bbox 1064 1193 1730 1249; baseline -0.012 -9"><span class='ocrx_word' id='word_1_235' title='bbox 1064 1201 1241 1240; x_wconf 82' lang='lat' dir='ltr'>Carmina</span> <span class='ocrx_word' id='word_1_236' title='bbox 1259 1199 1320 1236; x_wconf 85' lang='lat' dir='ltr'>vel</span> <span class='ocrx_word' id='word_1_237' title='bbox 1335 1197 1432 1236; x_wconf 87' lang='lat' dir='ltr'>coelo</span> <span class='ocrx_word' id='word_1_238' title='bbox 1450 1193 1594 1249; x_wconf 71' lang='lat' dir='ltr'>poffiaent</span> <span class='ocrx_word' id='word_1_239' title='bbox 1611 1195 1730 1234; x_wconf 78' lang='lat' dir='ltr'>dedu--</span> 
     </span>
     <span class='ocr_line' id='line_1_48' title="bbox 1063 1248 1721 1297; baseline -0.011 -3"><span class='ocrx_word' id='word_1_240' title='bbox 1063 1269 1139 1294; x_wconf 85' lang='lat' dir='ltr'>cere</span> <span class='ocrx_word' id='word_1_241' title='bbox 1171 1254 1328 1293; x_wconf 75' lang='lat' dir='ltr'>Lunam.</span> <span class='ocrx_word' id='word_1_242' title='bbox 1397 1252 1459 1292; x_wconf 88' lang='lat' dir='ltr'>Est</span> <span class='ocrx_word' id='word_1_243' title='bbox 1485 1248 1635 1290; x_wconf 86' lang='lat' dir='ltr'>sensus:</span> <span class='ocrx_word' id='word_1_244' title='bbox 1664 1252 1721 1297; x_wconf 62' lang='lat' dir='ltr'>2Et</span> 
     </span>
     <span class='ocr_line' id='line_1_49' title="bbox 1062 1307 1723 1359; baseline -0.009 -10"><span class='ocrx_word' id='word_1_245' title='bbox 1062 1325 1131 1349; x_wconf 78' lang='lat' dir='ltr'>rex</span> <span class='ocrx_word' id='word_1_246' title='bbox 1160 1309 1256 1349; x_wconf 74' lang='lat' dir='ltr'>milti</span> <span class='ocrx_word' id='word_1_247' title='bbox 1285 1309 1467 1347; x_wconf 79' lang='lat' dir='ltr'>maximas</span> <span class='ocrx_word' id='word_1_248' title='bbox 1482 1307 1623 1359; x_wconf 88' lang='lat' dir='ltr'>agebat</span> <span class='ocrx_word' id='word_1_249' title='bbox 1641 1319 1723 1358; x_wconf 84' lang='lat' dir='ltr'>gra-</span> 
     </span>
     <span class='ocr_line' id='line_1_50' title="bbox 1062 1362 1720 1417; baseline -0.011 -11"><span class='ocrx_word' id='word_1_250' title='bbox 1062 1368 1142 1414; x_wconf 78' lang='lat' dir='ltr'>tias,</span> <span class='ocrx_word' id='word_1_251' title='bbox 1157 1376 1196 1406; x_wconf 87' lang='lat' dir='ltr'>et</span> <span class='ocrx_word' id='word_1_252' title='bbox 1206 1375 1464 1417; x_wconf 86' lang='lat' dir='ltr'>quaecunque</span> <span class='ocrx_word' id='word_1_253' title='bbox 1473 1362 1652 1402; x_wconf 81' lang='lat' dir='ltr'>feceram.</span> <span class='ocrx_word' id='word_1_254' title='bbox 1678 1364 1720 1400; x_wconf 75' lang='lat' dir='ltr'>E.</span> 
     </span>
    </p>

    <p class='ocr_par' dir='ltr' id='par_1_18' title="bbox 1065 1417 1726 1811">
     <span class='ocr_line' id='line_1_51' title="bbox 1115 1417 1722 1472; baseline -0.013 -10"><span class='ocrx_word' id='word_1_255' title='bbox 1115 1422 1279 1463; x_wconf 86' lang='lat' dir='ltr'>Daceria</span> <span class='ocrx_word' id='word_1_256' title='bbox 1300 1429 1432 1472; x_wconf 87' lang='lat' dir='ltr'>negat,</span> <span class='ocrx_word' id='word_1_257' title='bbox 1465 1417 1722 1470; x_wconf 84' lang='lat' dir='ltr'>intelligiRe-</span> 
     </span>
     <span class='ocr_line' id='line_1_52' title="bbox 1065 1472 1726 1532; baseline -0.012 -15"><span class='ocrx_word' id='word_1_258' title='bbox 1065 1491 1157 1532; x_wconf 85' lang='lat' dir='ltr'>gem</span> <span class='ocrx_word' id='word_1_259' title='bbox 1180 1478 1351 1530; x_wconf 81' lang='lat' dir='ltr'>aliquem</span> <span class='ocrx_word' id='word_1_260' title='bbox 1369 1472 1564 1515; x_wconf 81' lang='lat' dir='ltr'>Persarum</span> <span class='ocrx_word' id='word_1_261' title='bbox 1577 1484 1726 1523; x_wconf 81' lang='lat' dir='ltr'>propte-</span> 
     </span>
     <span class='ocr_line' id='line_1_53' title="bbox 1065 1527 1723 1585; baseline -0.014 -11"><span class='ocrx_word' id='word_1_262' title='bbox 1065 1549 1152 1582; x_wconf 81' lang='lat' dir='ltr'>rea,</span> <span class='ocrx_word' id='word_1_263' title='bbox 1187 1532 1293 1585; x_wconf 88' lang='lat' dir='ltr'>quod</span> <span class='ocrx_word' id='word_1_264' title='bbox 1322 1533 1364 1571; x_wconf 89' lang='lat' dir='ltr'>in</span> <span class='ocrx_word' id='word_1_265' title='bbox 1392 1530 1462 1570; x_wconf 87' lang='lat' dir='ltr'>hac</span> <span class='ocrx_word' id='word_1_266' title='bbox 1489 1527 1568 1582; x_wconf 73' lang='lat' dir='ltr'>ipsa</span> <span class='ocrx_word' id='word_1_267' title='bbox 1594 1528 1723 1568; x_wconf 79' lang='lat' dir='ltr'>sabula</span> 
     </span>
     <span class='ocr_line' id='line_1_54' title="bbox 1065 1585 1726 1643; baseline -0.015 -12"><span class='ocrx_word' id='word_1_268' title='bbox 1065 1589 1212 1643; x_wconf 87' lang='lat' dir='ltr'>Pyrrhi,</span> <span class='ocrx_word' id='word_1_269' title='bbox 1231 1590 1298 1640; x_wconf 90' lang='lat' dir='ltr'>qui</span> <span class='ocrx_word' id='word_1_270' title='bbox 1317 1589 1521 1627; x_wconf 86' lang='lat' dir='ltr'>recentiori</span> <span class='ocrx_word' id='word_1_271' title='bbox 1539 1595 1662 1624; x_wconf 84' lang='lat' dir='ltr'>aetate</span> <span class='ocrx_word' id='word_1_272' title='bbox 1675 1585 1726 1622; x_wconf 73' lang='lat' dir='ltr'>vi-</span> 
     </span>
     <span class='ocr_line' id='line_1_55' title="bbox 1066 1640 1724 1700; baseline -0.012 -14"><span class='ocrx_word' id='word_1_273' title='bbox 1066 1647 1184 1695; x_wconf 80' lang='lat' dir='ltr'>xerit,</span> <span class='ocrx_word' id='word_1_274' title='bbox 1211 1644 1275 1700; x_wconf 76' lang='lat' dir='ltr'>fiat</span> <span class='ocrx_word' id='word_1_275' title='bbox 1301 1644 1467 1683; x_wconf 89' lang='lat' dir='ltr'>mentio.</span> <span class='ocrx_word' id='word_1_276' title='bbox 1522 1643 1645 1695; x_wconf 84' lang='lat' dir='ltr'>Igitur</span> <span class='ocrx_word' id='word_1_277' title='bbox 1662 1640 1724 1678; x_wconf 82' lang='lat' dir='ltr'>hie</span> 
     </span>
     <span class='ocr_line' id='line_1_56' title="bbox 1067 1699 1726 1754; baseline -0.011 -13"><span class='ocrx_word' id='word_1_278' title='bbox 1067 1701 1145 1741; x_wconf 87' lang='lat' dir='ltr'>esse</span> <span class='ocrx_word' id='word_1_279' title='bbox 1176 1699 1478 1754; x_wconf 77' lang='lat' dir='ltr'>intelligendum</span> <span class='ocrx_word' id='word_1_280' title='bbox 1504 1699 1726 1745; x_wconf 83' lang='lat' dir='ltr'>Seleucum,</span> 
     </span>
     <span class='ocr_line' id='line_1_57' title="bbox 1065 1755 1452 1811; baseline -0.005 -14"><span class='ocrx_word' id='word_1_281' title='bbox 1065 1763 1218 1811; x_wconf 87' lang='lat' dir='ltr'>Regem</span> <span class='ocrx_word' id='word_1_282' title='bbox 1236 1755 1357 1798; x_wconf 83' lang='lat' dir='ltr'>Afiae.</span> <span class='ocrx_word' id='word_1_283' title='bbox 1412 1759 1452 1796; x_wconf 89' lang='lat' dir='ltr'>Z.</span> 
     </span>
    </p>

    <p class='ocr_par' dir='ltr' id='par_1_19' title="bbox 1067 1808 1726 2031">
     <span class='ocr_line' id='line_1_58' title="bbox 1126 1808 1726 1864; baseline -0.008 -11"><span class='ocrx_word' id='word_1_284' title='bbox 1126 1823 1147 1864; x_wconf 80' lang='grc'>8</span> <span class='ocrx_word' id='word_1_285' title='bbox 1177 1812 1274 1853; x_wconf 84' lang='lat' dir='ltr'>Aliis</span> <span class='ocrx_word' id='word_1_286' title='bbox 1286 1826 1362 1851; x_wconf 82' lang='lat' dir='ltr'>non</span> <span class='ocrx_word' id='word_1_287' title='bbox 1380 1813 1477 1860; x_wconf 82' lang='lat' dir='ltr'>item,</span> <span class='ocrx_word' id='word_1_288' title='bbox 1497 1810 1654 1861; x_wconf 78' lang='lat' dir='ltr'>pulchre</span> <span class='ocrx_word' id='word_1_289' title='bbox 1663 1808 1726 1849; x_wconf 80' lang='lat' dir='ltr'>ad-</span> 
     </span>
     <span class='ocr_line' id='line_1_59' title="bbox 1067 1863 1726 1919; baseline -0.009 -10"><span class='ocrx_word' id='word_1_290' title='bbox 1067 1872 1167 1917; x_wconf 83' lang='lat' dir='ltr'>iecit,</span> <span class='ocrx_word' id='word_1_291' title='bbox 1197 1882 1250 1908; x_wconf 91' lang='lat' dir='ltr'>ne</span> <span class='ocrx_word' id='word_1_292' title='bbox 1271 1879 1405 1908; x_wconf 84' lang='lat' dir='ltr'>natura</span> <span class='ocrx_word' id='word_1_293' title='bbox 1429 1869 1530 1919; x_wconf 84' lang='lat' dir='ltr'>regis</span> <span class='ocrx_word' id='word_1_294' title='bbox 1549 1868 1630 1905; x_wconf 83' lang='lat' dir='ltr'>talis</span> <span class='ocrx_word' id='word_1_295' title='bbox 1648 1863 1726 1904; x_wconf 76' lang='lat' dir='ltr'>effe</span> 
     </span>
     <span class='ocr_line' id='line_1_60' title="bbox 1067 1923 1724 1974; baseline -0.008 -10"><span class='ocrx_word' id='word_1_296' title='bbox 1067 1926 1281 1971; x_wconf 84' lang='lat' dir='ltr'>videretur,</span> <span class='ocrx_word' id='word_1_297' title='bbox 1315 1933 1354 1962; x_wconf 89' lang='lat' dir='ltr'>vt</span> <span class='ocrx_word' id='word_1_298' title='bbox 1377 1924 1561 1961; x_wconf 79' lang='lat' dir='ltr'>maximas</span> <span class='ocrx_word' id='word_1_299' title='bbox 1582 1923 1724 1974; x_wconf 75' lang='lat' dir='ltr'>gratias</span> 
     </span>
     <span class='ocr_line' id='line_1_61' title="bbox 1075 1979 1520 2031; baseline -0.011 -11"><span class='ocrx_word' id='word_1_300' title='bbox 1075 1979 1256 2030; x_wconf 85' lang='lat' dir='ltr'>omnibus</span> <span class='ocrx_word' id='word_1_301' title='bbox 1276 1988 1422 2031; x_wconf 85' lang='lat' dir='ltr'>ageret.</span> <span class='ocrx_word' id='word_1_302' title='bbox 1479 1980 1520 2017; x_wconf 91' lang='lat' dir='ltr'>E.</span> 
     </span>
    </p>

    <p class='ocr_par' dir='ltr' id='par_1_20' title="bbox 1068 2032 1725 2144">
     <span class='ocr_line' id='line_1_62' title="bbox 1122 2032 1725 2091; baseline -0.007 -16"><span class='ocrx_word' id='word_1_303' title='bbox 1122 2049 1157 2091; x_wconf 87' lang='grc' dir='ltr'>9Ι</span> <span class='ocrx_word' id='word_1_304' title='bbox 1179 2036 1333 2075; x_wconf 69' lang='lat' dir='ltr'>Portam</span> <span class='ocrx_word' id='word_1_305' title='bbox 1372 2035 1549 2088; x_wconf 80' lang='lat' dir='ltr'>gloriam]</span> <span class='ocrx_word' id='word_1_306' title='bbox 1589 2032 1631 2073; x_wconf 90' lang='lat' dir='ltr'>Id</span> <span class='ocrx_word' id='word_1_307' title='bbox 1659 2032 1725 2082; x_wconf 81' lang='lat' dir='ltr'>est,</span> 
     </span>
     <span class='ocr_line' id='line_1_63' title="bbox 1068 2089 1725 2144; baseline -0.009 -12"><span class='ocrx_word' id='word_1_308' title='bbox 1068 2106 1168 2144; x_wconf 87' lang='lat' dir='ltr'>quae</span> <span class='ocrx_word' id='word_1_309' title='bbox 1199 2092 1353 2143; x_wconf 88' lang='lat' dir='ltr'>paritur.</span> <span class='ocrx_word' id='word_1_310' title='bbox 1393 2101 1447 2138; x_wconf 85' lang='lat' dir='ltr'>vt,</span> <span class='ocrx_word' id='word_1_311' title='bbox 1477 2089 1604 2129; x_wconf 65' lang='lat' dir='ltr'>Veft&#39;us</span> <span class='ocrx_word' id='word_1_312' title='bbox 1633 2102 1725 2141; x_wconf 84' lang='lat' dir='ltr'>equo</span> 
     </span>
    </p>
   </div>
   <div class='ocr_carea' id='block_1_12' title="bbox 1056 2143 1724 2201">
    <p class='ocr_par' dir='ltr' id='par_1_21' title="bbox 1056 2143 1724 2201">
     <span class='ocr_line' id='line_1_64' title="bbox 1056 2143 1724 2201; baseline -0.004 -14"><span class='ocrx_word' id='word_1_313' title='bbox 1056 2143 1254 2201; x_wconf 53' lang='lat' dir='ltr'>spumante</span> <span class='ocrx_word' id='word_1_314' title='bbox 1304 2147 1409 2187; x_wconf 85' lang='lat' dir='ltr'>Saces</span> <span class='ocrx_word' id='word_1_315' title='bbox 1455 2148 1575 2199; x_wconf 85' lang='lat' dir='ltr'>(Aen.</span> <span class='ocrx_word' id='word_1_316' title='bbox 1622 2158 1724 2193; x_wconf 77' lang='lat' dir='ltr'>XII,</span> 
     </span>
    </p>
   </div>
   <div class='ocr_carea' id='block_1_13' title="bbox 1069 2204 1728 2755">
    <p class='ocr_par' dir='ltr' id='par_1_22' title="bbox 1071 2204 1307 2257">
     <span class='ocr_line' id='line_1_65' title="bbox 1071 2204 1307 2257; baseline -0.021 -11"><span class='ocrx_word' id='word_1_317' title='bbox 1071 2206 1198 2257; x_wconf 84' lang='lat'>651.).</span> <span class='ocrx_word' id='word_1_318' title='bbox 1255 2204 1307 2242; x_wconf 89' lang='lat' dir='ltr'>D.</span> 
     </span>
    </p>

    <p class='ocr_par' dir='ltr' id='par_1_23' title="bbox 1069 2254 1728 2522">
     <span class='ocr_line' id='line_1_66' title="bbox 1127 2254 1728 2304; baseline 0 -6"><span class='ocrx_word' id='word_1_319' title='bbox 1127 2258 1273 2298; x_wconf 80' lang='lat' dir='ltr'>Labore</span> <span class='ocrx_word' id='word_1_320' title='bbox 1300 2257 1438 2304; x_wconf 82' lang='lat' dir='ltr'>alieno]</span> <span class='ocrx_word' id='word_1_321' title='bbox 1477 2254 1638 2298; x_wconf 80' lang='lat' dir='ltr'>Sensus:</span> <span class='ocrx_word' id='word_1_322' title='bbox 1678 2270 1728 2298; x_wconf 84' lang='lat' dir='ltr'>ex</span> 
     </span>
     <span class='ocr_line' id='line_1_67' title="bbox 1072 2314 1728 2366; baseline -0.006 -10"><span class='ocrx_word' id='word_1_323' title='bbox 1072 2317 1199 2356; x_wconf 87' lang='lat' dir='ltr'>alieno</span> <span class='ocrx_word' id='word_1_324' title='bbox 1230 2315 1363 2354; x_wconf 84' lang='lat' dir='ltr'>labore</span> <span class='ocrx_word' id='word_1_325' title='bbox 1385 2314 1547 2366; x_wconf 85' lang='lat' dir='ltr'>gloriam</span> <span class='ocrx_word' id='word_1_326' title='bbox 1569 2325 1728 2365; x_wconf 86' lang='lat' dir='ltr'>praepa·</span> 
     </span>
     <span class='ocr_line' id='line_1_68' title="bbox 1071 2366 1727 2411; baseline -0.006 0"><span class='ocrx_word' id='word_1_327' title='bbox 1071 2382 1191 2411; x_wconf 86' lang='lat' dir='ltr'>ratam</span> <span class='ocrx_word' id='word_1_328' title='bbox 1207 2368 1284 2409; x_wconf 88' lang='lat' dir='ltr'>solo</span> <span class='ocrx_word' id='word_1_329' title='bbox 1304 2367 1481 2408; x_wconf 88' lang='lat' dir='ltr'>sermone</span> <span class='ocrx_word' id='word_1_330' title='bbox 1499 2371 1539 2408; x_wconf 90' lang='lat' dir='ltr'>in</span> <span class='ocrx_word' id='word_1_331' title='bbox 1557 2366 1595 2407; x_wconf 92' lang='lat' dir='ltr'>se</span> <span class='ocrx_word' id='word_1_332' title='bbox 1606 2380 1727 2408; x_wconf 78' lang='lat' dir='ltr'>trans-</span> 
     </span>
     <span class='ocr_line' id='line_1_69' title="bbox 1069 2424 1726 2476; baseline -0.003 -9"><span class='ocrx_word' id='word_1_333' title='bbox 1069 2427 1173 2467; x_wconf 90' lang='lat' dir='ltr'>ferre</span> <span class='ocrx_word' id='word_1_334' title='bbox 1191 2425 1322 2476; x_wconf 83' lang='lat' dir='ltr'>potest,</span> <span class='ocrx_word' id='word_1_335' title='bbox 1355 2426 1575 2476; x_wconf 85' lang='lat' dir='ltr'>quicunque</span> <span class='ocrx_word' id='word_1_336' title='bbox 1591 2424 1726 2465; x_wconf 86' lang='lat' dir='ltr'>instru-</span> 
     </span>
     <span class='ocr_line' id='line_1_70' title="bbox 1071 2481 1471 2522; baseline -0.003 0"><span class='ocrx_word' id='word_1_337' title='bbox 1071 2484 1148 2522; x_wconf 65' lang='lat' dir='ltr'>clus</span> <span class='ocrx_word' id='word_1_338' title='bbox 1171 2482 1224 2522; x_wconf 90' lang='lat' dir='ltr'>est</span> <span class='ocrx_word' id='word_1_339' title='bbox 1246 2481 1371 2520; x_wconf 89' lang='lat' dir='ltr'>corde.</span> <span class='ocrx_word' id='word_1_340' title='bbox 1428 2485 1471 2521; x_wconf 92' lang='lat' dir='ltr'>E.</span> 
     </span>
    </p>

    <p class='ocr_par' dir='ltr' id='par_1_24' title="bbox 1070 2536 1724 2696">
     <span class='ocr_line' id='line_1_71' title="bbox 1129 2536 1724 2589; baseline 0 -12"><span class='ocrx_word' id='word_1_341' title='bbox 1129 2551 1180 2581; x_wconf 92' lang='lat'>10</span> <span class='ocrx_word' id='word_1_342' title='bbox 1213 2536 1340 2577; x_wconf 84' lang='lat' dir='ltr'>Verbis</span> <span class='ocrx_word' id='word_1_343' title='bbox 1359 2540 1397 2576; x_wconf 85' lang='lat' dir='ltr'>in</span> <span class='ocrx_word' id='word_1_344' title='bbox 1411 2536 1574 2589; x_wconf 67' lang='lat' dir='ltr'>fi’fizepe</span> <span class='ocrx_word' id='word_1_345' title='bbox 1598 2551 1724 2577; x_wconf 66' lang='lat' dir='ltr'>trans-</span> 
     </span>
     <span class='ocr_line' id='line_1_72' title="bbox 1070 2592 1724 2648; baseline 0 -15"><span class='ocrx_word' id='word_1_346' title='bbox 1070 2608 1210 2642; x_wconf 85' lang='lat' dir='ltr'>mouet‚</span> <span class='ocrx_word' id='word_1_347' title='bbox 1240 2596 1305 2647; x_wconf 73' lang='lat' dir='ltr'>qui</span> <span class='ocrx_word' id='word_1_348' title='bbox 1331 2592 1439 2648; x_wconf 66' lang='lat' dir='ltr'>habet</span> <span class='ocrx_word' id='word_1_349' title='bbox 1454 2593 1588 2644; x_wconf 81' lang='lat' dir='ltr'>fidem]</span> <span class='ocrx_word' id='word_1_350' title='bbox 1619 2594 1724 2633; x_wconf 84' lang='lat' dir='ltr'>Mire</span> 
     </span>
     <span class='ocr_line' id='line_1_73' title="bbox 1070 2647 1723 2696; baseline -0.009 -4"><span class='ocrx_word' id='word_1_351' title='bbox 1070 2651 1240 2692; x_wconf 81' lang='lat' dir='ltr'>adulator</span> <span class='ocrx_word' id='word_1_352' title='bbox 1275 2647 1349 2689; x_wconf 86' lang='lat' dir='ltr'>hoc</span> <span class='ocrx_word' id='word_1_353' title='bbox 1390 2649 1561 2690; x_wconf 72' lang='lat' dir='ltr'>attribuit</span> <span class='ocrx_word' id='word_1_354' title='bbox 1598 2649 1723 2696; x_wconf 83' lang='lat' dir='ltr'>militi,</span> 
     </span>
    </p>

    <p class='ocr_par' dir='ltr' id='par_1_25' title="bbox 1619 2705 1725 2755">
     <span class='ocr_line' id='line_1_74' title="bbox 1619 2705 1725 2755; baseline 0.019 -12"><span class='ocrx_word' id='word_1_355' title='bbox 1619 2705 1725 2755; x_wconf 90' lang='lat' dir='ltr'>quod</span> 
     </span>
    </p>
   </div>
  </div>
 </body>
</html>
