1815 3168
620 127 1034 174 EVNVCHVS.

1407 133 1494 194 293

265 254 476 307 Primum,
501 252 624 316 quod
645 253 766 301 soror
787 251 847 299 est
870 251 1007 302 dista:
1038 266 1274 320 praeterea,
1298 270 1345 303 vt
1365 262 1447 305 iuis

265 326 500 376 Restituam
531 345 579 375 ac
607 328 800 379 reddam.
837 329 922 377 sola
945 330 1062 378 sum:
1100 329 1242 379 habeo
1266 331 1335 378 hic
1359 338 1494 382 nemi·

359 419 479 458 nem,
509 430 511 432 ·

776 520 887 580 ΤΞ

124 658 318 698 nuatione:
350 667 414 707 vt,
452 658 565 699 Nunc
595 672 663 715 ego
691 672 780 710 eam,

124 716 176 753 mi
193 713 398 763 Phaedria,
437 715 571 755 multae
589 719 685 771 Jimt
703 730 782 755 cau-

113 767 189 821 stie,
210 768 443 823 quamobrem
470 775 573 824 cupio
590 770 778 812 abducere.

118 828 278 878 primum
294 828 392 879 quod
399 827 515 877 sbror
533 825 580 877 est
600 828 708 878 dieta,
740 839 779 868 et

120 893 281 922 caetera.
326 882 588 935 Reprehenfio
606 897 776 937 quoque,

120 937 250 992 Egone
268 938 310 977 id
324 939 461 983 timeo?
489 950 541 988 et,
563 938 689 995 Egone
701 955 777 981 non

119 1008 167 1032 ex
187 996 308 1034 animo
328 994 460 1046 mfira
482 997 589 1035 dico?
617 1000 666 1036 Et
685 1010 777 1036 con-

119 1049 233 1089 clufio
261 1063 330 1102 per
349 1050 693 1103 conquestionem:
723 1063 773 1102 vt,

116 1107 240 1162 ‚Quam
257 1108 337 1145 ioco
353 1121 430 1148 rem
445 1106 774 1160 voluistiametan·

117 1163 216 1211 dem,
245 1164 333 1215 quin
352 1164 583 1216 perfeceris?
608 1165 687 1220 Ego
709 1168 774 1204 im-

109 1229 263 1270 petrare
281 1232 395 1271 neque
415 1219 481 1258 hoc
504 1218 569 1259 abs
587 1233 642 1268 te,
670 1219 773 1260 bidu-

117 1287 181 1314 um
204 1274 338 1324 fizltem
365 1287 408 1314 vt
441 1276 615 1314 concedas
630 1275 771 1327 Jblum.

115 1328 363 1382 Qcamobrem
374 1332 476 1382 cupio
495 1330 685 1385 abducere]
710 1335 772 1372 Et-

114 1387 189 1435 iam
201 1385 276 1424 hoc
286 1385 404 1424 verbo
414 1385 647 1439 gratificatur
656 1386 772 1426 Phae-

114 1441 241 1480 driae:
270 1455 351 1480 non
365 1442 470 1481 enim
480 1444 650 1495 accipere,
662 1453 700 1482 vt
720 1441 768 1482 ab

113 1499 236 1536 amico
254 1506 547 1537 remunerante:
574 1495 639 1537 sed
658 1497 770 1538 abdu-

111 1566 199 1603 cere,
219 1564 258 1593 vt
268 1552 315 1592 ab
330 1552 454 1602 stulto,
473 1563 513 1592 et
522 1563 703 1607 experte„
715 1556 767 1595 D.

162 1664 264 1706 Petit
289 1662 413 1705 rursus
440 1662 687 1714 Phaedriam,
725 1674 767 1705 vt

107 1734 249 1774 paucos
285 1720 370 1761 dies
413 1719 484 1760 fibi
526 1720 761 1768 commodet,

106 1776 247 1829 quibus
265 1777 372 1829 prior
388 1775 492 1828 apud
512 1773 552 1817 se
561 1776 675 1824 miles
685 1773 764 1818 effe

33 1820 39 1835 ⁸
105 1832 227 1885 poffit.
283 1833 389 1873 Dicit
409 1828 555 1882 causas,
586 1833 687 1886 quod
697 1832 764 1884 β-

104 1903 171 1928 ror
191 1888 288 1928 dieta
305 1887 372 1941 est,
403 1888 504 1942 quod
521 1888 762 1942 velinparare

103 1946 239 1984 amicos
257 1943 427 1997 beneficio
438 1943 527 1995 fito.
581 1943 660 1984 Sed
677 1943 761 1997 post

103 2000 198 2041 haec
213 2003 326 2041 iratus
347 1997 571 2039 adolescens
590 1999 691 2040 redit
711 1999 760 2040 ad

102 2055 380 2097 accusationem
400 2054 668 2105 vehementer,
680 2069 758 2108 quo

103 2126 188 2153 eam
207 2113 400 2153 declarare
422 2107 532 2162 possit
547 2112 758 2165 ingratam:

104 2182 332 2209 enumerans
352 2180 451 2219 quae
470 2167 661 2207 beneficia
683 2164 756 2216 sua,

100 2225 163 2262 rel
181 2238 278 2276 quae
301 2223 539 2277 praestiterit,
568 2223 636 2263 vel
655 2236 758 2275 quae

102 2280 303 2329 pai-anerit.
360 2278 512 2331 Quibus
549 2276 756 2318 accusatio-

102 2335 216 2374 nibus
235 2335 413 2375 meretrix
429 2335 541 2383 vieta,
569 2347 646 2385 quo
667 2333 755 2374 faci-

33 2389 41 2412 *
99 2391 175 2430 lius
195 2388 756 2443 adolescentipersuaderepos-

99 2445 152 2493 fit,
171 2444 274 2497 quod
293 2440 404 2486 antea
419 2446 683 2498 postulauerat,
701 2447 755 2486 di-

99 2504 151 2540 cit
170 2499 208 2540 se
231 2502 265 2542 ei
289 2500 336 2540 ad
347 2515 501 2542 omnem
516 2502 770 2559 voluptatem-

97 2556 341 2598 commodare
351 2554 586 2605 consensum,
600 2572 650 2597 ne
661 2571 752 2598 eum

95 2613 226 2666 aliquo
253 2611 439 2656 offendat.
469 2613 602 2666 Quare
632 2615 751 2655 viatus

1314 522 1491 582 *Neque

831 655 1053 701 adolescens
1071 661 1203 701 omnia
1221 658 1279 708 se,
1307 663 1492 702 meretrix

831 730 931 768 quae
951 717 1079 766 vellet,
1097 715 1285 756 facturum
1304 715 1381 757 ess'e
1404 733 1489 770 pro·

827 773 964 811 mittit:
993 783 1032 812 et
1043 784 1190 823 monet,
1212 776 1487 814 vtmemoriam

826 826 882 869 sui
903 829 1076 868 nominis
1094 840 1236 879 teneat,
1266 832 1283 848 ·
1303 830 1490 882 quicquid

825 882 1023 930 insciderit
1061 885 1253 938 (Barbare
1295 884 1486 938 scriptum,

826 954 911 994 pto,
931 941 1143 993 inciderit):
1175 952 1215 981 et
1234 942 1287 980 ita
1299 940 1487 981 secumlo-

826 998 953 1050 quitur
971 996 1180 1050 (Reffituo:
1209 998 1272 1038 Ita
1295 997 1410 1037 Thais
1425 999 1487 1049 fi·-

825 1066 906 1094 cum
927 1054 1127 1107 loquitur),
1147 1053 1252 1105 quod
1273 1054 1487 1094 vehemen-

824 1119 884 1148 ter
911 1108 1048 1163 diligat
1065 1109 1312 1160 Phaedriam,
1349 1123 1486 1162 neque

821 1165 969 1217 aliquid
989 1165 1128 1205 callide
1147 1165 1295 1214 fecerit,
1317 1163 1382 1206 sed
1394 1180 1485 1206 cun-

821 1222 878 1262 &a
896 1222 1050 1262 ratione
1065 1222 1280 1275 complet-it.
1340 1226 1386 1264 E.

876 1333 1059 1373 Donatus
1078 1341 1119 1371 et
1136 1343 1311 1373 recentes
1322 1334 1411 1372 libri
1421 1334 1483 1374 cuss

813 1390 892 1440 pio,
910 1385 976 1428 sed
993 1388 1174 1428 meliores
1193 1387 1312 1427 nostri
1322 1399 1361 1428 et
1371 1392 1484 1429 Faer-

819 1443 863 1484 ni
878 1444 991 1484 'rec‘le
1008 1442 1155 1484 habent
1172 1447 1325 1497 cupiam.
1381 1446 1420 1484 B.

871 1558 929 1607 67
960 1555 1012 1595 Vt
1023 1554 1104 1608 fitis
1125 1550 1323 1608 restituam,
1342 1569 1386 1594 ac
1403 1556 1481 1595 red-

816 1610 915 1658 dam]
963 1611 1203 1663 Restituimur
1239 1612 1478 1663 (rcstr'tuimus

813 1664 888 1707 Ms.
914 1666 1062 1707 Boend.
1093 1678 1134 1707 et
1164 1666 1225 1707 ed.
1259 1670 1322 1708 Du
1340 1668 1398 1719 B.)
1418 1668 1475 1716 iis,

815 1721 960 1775 quibus
996 1736 1069 1763 nos
1098 1723 1294 1762 volumus:
1337 1724 1476 1763 Reddi·

811 1790 897 1818 mur
913 1779 1132 1831 (reddimus,
1163 1778 1282 1831 ibid.)
1308 1779 1376 1824 iis,
1407 1780 1477 1831 qui

811 1836 1049 1874 no's'volunt.
1107 1838 1212 1889 Ergo
1239 1834 1474 1874 restituimus

810 1891 1011 1935 volentem
1034 1891 1224 1944 (volentes,
1245 1890 1473 1943 ibid.),red·

810 1946 936 1987 dimus
956 1947 1188 1987 volentibus.
1242 1947 1319 1988 Sed
1339 1948 1379 1986 in
1398 1946 1471 1986 hac

809 2014 1015 2055 Vtrumque
1047 2002 1112 2043 est.
1165 2002 1253 2045 Sola
1267 2004 1376 2054 sum:
1406 2004 1469 2042 ha-

809 2058 874 2098 beo
893 2058 951 2098 hic
970 2058 1161 2108 neminem]
1192 2058 1276 2097 Sola
1324 2072 1397 2104 um,
1418 2059 1467 2099 ad

806 2112 1051 2154 familiarium
1062 2113 1227 2154 refertur
1236 2113 1283 2154 ab
1302 2116 1462 2159 entiam.

805 2168 934 2210 Habeo
954 2169 1012 2210 hic
1032 2173 1217 2222 neminem,
1251 2170 1299 2209 ad
1317 2171 1466 2209 alieno-

805 2239 892 2266 rum
927 2227 1146 2265 amicitiam.
1205 2225 1331 2267 Potest
1356 2228 1464 2266 enirn

805 2280 882 2321 sola
910 2281 1020 2321 domi
1041 2279 1137 2331 effe,
1166 2280 1313 2321 habere
1330 2293 1461 2324 tamen

805 2338 975 2389 aliquem
993 2336 1100 2377 foris.
1158 2340 1225 2386 Et,
1253 2332 1382 2377 Hitbeo
1402 2338 1470 2377 hic*

803 2407 988 2439 nemmem,
1013 2394 1097 2444 plus
1116 2390 1234 2440 sonat,
1248 2407 1375 2446 quam,
1389 2396 1462 2434 Ne-

802 2453 936 2490 minem
954 2449 1013 2488 hic
1032 2448 1161 2489 habeo.
1191 2452 1247 2496 Et,
1260 2449 1343 2489 Sola
1351 2449 1454 2500 stem,

801 2505 850 2545 ab
874 2506 920 2545 iis
941 2518 1036 2558 quos
1054 2515 1187 2545 natura
1199 2506 1380 2545 conciliat
1389 2519 1460 2557 per

802 2559 852 2601 se.
891 2562 1020 2602 Habeo
1038 2563 1228 2608 neminem,
1246 2574 1381 2601 eorum
1391 2562 1458 2613 qui

801 2618 1003 2659 voluntate
1020 2619 1246 2672 iunguntur.
1301 2620 1349 2658 D.
