1815 3168
689 195 981 241 ANDRIA.

1411 202 1500 258 ¹83

172 341 230 373 20
267 320 302 371 P
319 333 347 367 Α
366 336 417 368 Μ.
456 324 552 369 Scio
573 322 678 385 quid
702 338 874 369 conere.
907 319 1054 368 DAV.
1084 321 1169 368 hoc
1192 336 1274 381 ego
1298 319 1374 368 tibi
1396 340 1497 387 prov-

363 395 478 444 secko
505 395 712 443 effer-Tium
736 399 930 444 reddam.

264 470 300 520 P
315 485 346 517 A
362 487 415 518 M.
454 477 546 518 Iam
567 474 651 519 hoc
674 491 785 537 opus
808 471 879 519 est.
920 470 967 519 D
982 486 1014 518 A
1031 485 1079 518 v.
1107 473 1215 535 quin
1234 472 1319 516 iam
1340 471 1494 521 habeo.

362 544 470 594 CH.
512 549 617 611 quid
641 547 731 596 est?
769 546 924 597 DAV.
960 549 1077 597 huic,
1098 565 1191 594 non
1213 546 1306 600 tibi,
1337 547 1491 601 habeo,

295 644 299 648 “
357 640 413 669 HC
449 640 580 672 esreS.

259 695 306 747 C
322 712 372 744 H.
408 702 479 744 Sat
504 699 658 746 habeo.
693 697 842 747 PAM.
868 698 972 762 quid
995 698 1153 746 facies?
1178 697 1298 745 cedo.
1331 695 1488 744 DAV.

359 773 447 820 dies
469 775 580 820 mihi
604 775 674 821 hic
700 785 743 821 vt
764 773 813 820 fit
834 774 926 820 satis
949 791 1102 821 vereor

257 848 327 895 Ad
359 849 599 909 agendmm
635 867 691 895 ne
723 866 909 897 vacuum
940 846 1021 897 esse
1051 865 1123 897 me
1151 865 1271 896 nunc
1302 843 1357 895 ad
1391 866 1486 895 nar·

351 924 537 971 randum
562 925 723 973 credaS.

175 1081 230 1110 20
265 1068 346 1110 Scio
376 1068 469 1121 quid
497 1069 641 1123 canere]
680 1070 774 1109 Sen-

120 1121 178 1164 sus
204 1123 277 1172 est,
304 1125 391 1166 Scio
409 1125 574 1185 ‘quidem
595 1125 690 1176 quid
716 1138 774 1164 co-

119 1182 246 1220 neris:
285 1179 350 1220 sed
386 1195 434 1219 an
464 1180 619 1220 efficere
648 1183 772 1233 poss'is,

120 1235 259 1275 nescio.
317 1236 400 1275 Scio
428 1239 518 1290 quid
538 1238 686 1292 comere]
734 1238 774 1277 Si

115 1292 307 1342 Pamphili
325 1292 377 1331 est
396 1291 569 1344 persona,
589 1307 675 1333 cum
692 1299 775 1339 εἰρω-

115 1354 179 1395 νείᾳ
207 1348 362 1386 dicitnr:
411 1348 438 1386 fi
468 1344 670 1395 Charmis
694 1348 775 1387 fim-

116 1404 210 1455 plex
237 1403 403 1442 laudatio
430 1403 492 1442 esti
530 1402 594 1442 sed
619 1404 644 1442 fi
668 1407 770 1443 Pam·

117 1458 214 1511 phili
243 1457 314 1506 est,
356 1458 429 1497 hoc
453 1458 637 1512 fignificat
665 1459 771 1511 quod

114 1512 242 1567 supra,
283 1514 344 1552 Ex
373 1517 455 1553 vnis
482 1517 647 1569 geminas
680 1514 772 1554 mihi

117 1570 280 1621 conficies
301 1574 458 1622 nuptias.
513 1570 589 1610 Sed
601 1584 681 1609 non
694 1569 772 1609 efle

115 1624 316 1679 personam
339 1625 543 1677 Pamphili,
580 1640 627 1664 ex
649 1624 770 1665 subie-

115 1685 182 1721 ἑῇς
222 1681 443 1720 ostenditur.
508 1683 652 1732 <Atqui
686 1695 767 1720 non

113 1736 190 1776 esse
210 1736 410 1789 personam
436 1734 607 1783 Charini,
641 1749 690 1775 ex
709 1750 766 1776 re-

108 1791 248 1845 sponso
266 1794 367 1833 Daui
389 1802 506 1844 patet,
533 1793 615 1831 Hoc
636 1806 698 1846 ego
720 1794 767 1831 ti-

111 1850 150 1888 hi
190 1850 358 1902 proftc‘io
398 1849 555 1899 cffdftum
604 1850 763 1897 reddam,

109 1905 213 1957 quod
236 1903 321 1944 sane
332 1904 531 1956 Pamphilo
553 1903 704 1953 diffinn,
727 1916 765 1944 vt

109 1963 193 2009 illa,
224 1960 328 2008 huic,
355 1975 430 1998 nou
452 1960 524 1999 tibi
541 1960 674 2008 habeo,
709 1960 764 2000 di·

107 2028 245 2057 cuntur
269 2017 473 2068 Charino).
527 2020 576 2058 D.

158 2075 237 2112 Hoc
256 2087 322 2128 ego
339 2072 427 2126 tibi]
457 2073 560 2124 Quia
580 2069 686 2125 spem
697 2071 762 2111 ha-

106 2129 200 2169 bere
228 2127 335 2179 pofl'e
361 2127 623 2182 cognoscitur,
657 2128 762 2180 quod

104 2186 218 2238 ipfius
257 2198 377 2238 opera
404 2185 572 2224 futurum
601 2184 660 2232 fit,
691 2199 763 2223 nu·

104 2243 208 2293 ptiae
226 2255 278 2282 ne
297 2240 414 2279 fiant:
445 2240 535 2280 ideo
554 2241 662 2291 dixit,
683 2254 761 2280 con-

94 2297 219 2349 silium
244 2310 393 2350 quaero.
448 2301 491 2337 E.

159 2365 209 2394 21
242 2354 352 2400 Huic,
386 2366 457 2392 non
473 2351 545 2392 tibi
563 2351 685 2401 haheo,
718 2367 760 2391 :ze

105 2409 222 2461 erres]
267 2411 446 2449 Deterret
492 2409 609 2448 etiam
654 2422 760 2447 nunc

105 2462 337 2510 Charinum,
370 2476 408 2504 vt
434 2475 475 2503 et
504 2463 585 2517 ipse
605 2465 761 2504 adiuuet

105 2521 278 2568 Dauum,
314 2533 368 2560 ne
399 2522 598 2571 Pamphilo
637 2520 759 2560 nubat

107 2573 350 2614 Philumena.
402 2579 451 2616 Et
480 2577 621 2616 eodem
650 2575 756 2615 sensu

109 2630 223 2668 vtitur
241 2632 370 2670 Dauus
397 2631 598 2672 aduersum
625 2633 759 2674 Chari-

106 2699 213 2739 num,
234 2699 308 2738 quo
329 2685 455 2739 supra:
481 2688 583 2742 quafi
603 2687 760 2731 necess'e

1381 928 1484 972 Pro-

823 1067 886 1118 fit,
913 1068 939 1108 fi
966 1067 1056 1107 huic
1085 1081 1166 1108 non
1190 1067 1272 1117 dat,
1310 1068 1483 1119 tessjillam

824 1138 983 1164 vxorem
1022 1124 1177 1165 ducere.
1237 1125 1340 1163 Huic
1357 1155 1365 1171 ,
1406 1137 1481 1163 non

823 1180 895 1221 tibi
915 1180 1038 1229 habeo,
1074 1195 1119 1220 ne
1141 1180 1255 1234 erres]
1286 1181 1404 1221 Velut
1423 1190 1479 1219 et-

824 1239 900 1278 iam
937 1251 1009 1289 pro
1038 1234 1077 1277 se
1102 1236 1295 1277 Charinus
1337 1234 1479 1283 sentiat,

823 1292 896 1333 hoc
926 1294 1020 1333 dicit
1045 1295 1174 1347 (Lege
1203 1303 1242 1332 et
1265 1291 1478 1343 distinque:

828 1351 936 1388 Velut
968 1352 1079 1388 etiam
1112 1362 1192 1400 pro*
1215 1349 1261 1400 fi
1296 1349 1481 1387 Charinus

816 1405 958 1456 fintiat
984 1404 1047 1442 hoc
1077 1405 1190 1455 dict)
1224 1405 1284 1444 vel
1302 1414 1339 1442 vt
1357 1402 1480 1442 solent

823 1458 922 1499 serui
952 1461 1257 1499 contumaciores
1276 1457 1479 1498 aduersum

822 1517 984 1554 amicum
1005 1515 1174 1562 domini,
1206 1517 1294 1566 quia
1311 1528 1439 1564 nuper
1457 1528 1479 1554 a

820 1571 991 1612 Charino
1007 1568 1193 1610 accusatus
1206 1571 1279 1609 est:
1304 1571 1363 1608 vel
1374 1571 1479 1622 quia,

820 1639 859 1666 et
887 1627 981 1677 quid
1017 1627 1118 1664 dicat
1149 1640 1230 1665 non
1260 1626 1393 1674 habet‚
1437 1636 1476 1665 et

818 1683 924 1722 vider
943 1682 1147 1721 tacendum
1168 1696 1247 1720 non
1273 1680 1358 1720 effe.
1395 1684 1444 1721 D.

871 1739 964 1777 Non
1003 1736 1075 1776 tibi
1100 1737 1232 1785 habeo,
1278 1751 1320 1777 ne
1350 1737 1471 1791 erres]

814 1797 859 1833 In
882 1791 952 1833 Ms.
974 1792 1015 1831 τὲ
1035 1793 1146 1832 habeo
1167 1793 1280 1833 deest.
1340 1794 1384 1831 L.

870 1862 921 1890 22
953 1850 1017 1889 Sat
1043 1848 1176 1904 habeo]
1210 1850 1314 1900 Quia
1340 1848 1473 1887 dilatio

813 1904 912 1944 saffra
930 1904 993 1945 est.
1055 1904 1170 1958 Vtst't
1179 1905 1298 1962 sutis]
1333 1906 1381 1943 Vt
1401 1916 1473 1957 pro

813 1975 866 2001 ne
890 1975 984 2000 non.
1048 1961 1098 2000 D.

865 2018 959 2056 Die's
991 2016 1048 2055 hic
1085 2015 1196 2069 mihi]
1234 2019 1365 2056 Dauus
1399 2013 1475 2056 ser-

812 2087 884 2113 uus
908 2087 995 2112 cum
1024 2072 1220 2111 confilium
1251 2082 1469 2123 quaereret,

812 2141 849 2169 vt
866 2129 1044 2182 proferat,
1065 2126 1145 2180 ipse
1166 2128 1232 2167 fibi
1255 2128 1398 2179 reperit
1417 2142 1469 2166 ar-

813 2196 1009 2238 gumenta,
1035 2196 1072 2223 vt
1090 2185 1192 2223 dicat
1211 2183 1314 2223 diem
1327 2184 1394 2221 fibi
1407 2184 1468 2222 vix

812 2239 920 2293 posse
942 2239 1125 2288 sufficere,
1149 2251 1186 2278 vt
1203 2240 1393 2292 compleat
1417 2239 1468 2278 de

811 2298 1030 2336 narratione
1067 2295 1275 2335 confilium.
1329 2296 1468 2335 Vereor

810 2364 938 2392 autem
960 2352 1022 2398 est,
1041 2353 1181 2391 timeo:
1213 2362 1252 2390 et
1270 2352 1333 2390 tali
1346 2351 1467 2391 verbo

810 2410 981 2449 iun&um
1001 2422 1071 2460 pro
1092 2423 1134 2446 ne
1154 2409 1348 2458 accipituin
1379 2412 1425 2450 E.

861 2466 1018 2506 Colloca
1046 2478 1068 2503 e
1087 2463 1189 2502 libris
1215 2465 1353 2503 Faerni
1376 2466 1468 2505 Dies

808 2524 858 2559 mi
877 2521 936 2560 hic
955 2524 998 2560 vt'
1016 2520 1114 2572 finis
1133 2520 1199 2571 sit.
1244 2521 1360 2560 Metti
1381 2533 1466 2559 cau·

808 2576 854 2619 sa.
914 2581 954 2617 B.

863 2646 915 2686 23
952 2632 1013 2670 Ne
1036 2644 1192 2671 vacuum
1209 2630 1270 2683 cys}
1291 2631 1362 2685 me]
1393 2631 1464 2677 Ne,

808 2703 878 2742 pro
897 2688 1055 2728 nedum.
1085 2698 1151 2728 aut
1168 2687 1394 2728 aduerbiuin
1414 2686 1467 2725 est

920 2748 966 2787 M
993 2758 1022 2800 4
1382 2755 1465 2795 pro-
