1815 3168
311 173 459 205 xnvnr
692 154 865 200 ΒΑΝ.
898 150 1269 203 HEINSlVS,

319 277 535 322 iudicabat,
560 274 723 314 laudem
747 273 845 313 hanc
874 272 1068 312 Terentio
1096 267 1239 310 cessiss'e
1269 269 1410 308 merito
1438 266 1680 318 pronunciat.

318 338 384 378 Sic
407 335 512 374 enim
529 333 577 371 ad
597 331 787 372 Atticum:
817 330 964 368 secum,
979 327 1081 378 fiam,
1109 340 1183 365 non
1204 326 1282 364 dico
1306 324 1528 364 Caecilium;
1560 324 1683 361 Mane

321 403 364 432 vt
382 403 431 430 ex
450 400 565 442 portu
583 387 621 425 in
645 388 861 425 Piraeeum:
892 384 1005 421 malus
1025 386 1116 421 enim
1134 382 1356 420 Latinitatis
1376 381 1503 419 atat-‘tor
1523 376 1591 429 est:
1611 376 1684 427 fid

328 449 562 491 Terentmm,
594 445 693 481 cuins
712 439 875 480 Fabellae
891 451 1043 492 propter
1061 438 1278 492 elegantiam
1288 436 1485 488 firmanis,
1499 432 1684 488 putaban-

327 517 395 544 tur
415 517 436 541 a
457 496 731 552 Laelioscriln‘:

383 559 476 599 Heri
502 559 640 609 aliquot
659 549 916 602 adolescentuli
936 552 1072 588 coimus
1093 549 1133 587 in
1153 548 1357 587 Piraeeum.
1536 583 1539 586 s

327 621 376 659 Et
393 614 548 654 Seruius
570 609 805 663 proprietate
824 607 984 646 caeteris
1007 602 1243 656 propositum
1269 603 1371 642 hunc
1401 611 1519 644 notat.
1576 601 1688 640 Idem

330 673 382 712 de
410 669 625 715 sententiis,
666 677 759 716 quas
788 668 931 705 διανοίας
949 673 1110 707 vocant,
1149 660 1309 704 iudicari
1337 657 1474 711 potest.
1534 660 1688 698 Omnes

331 725 453 768 enim'
474 724 559 764 sere
577 722 701 762 Plauti
726 730 765 759 et
782 723 955 764 θυμελικαὶ
986 715 1090 762 sunt,
1130 727 1169 755 et
1189 715 1236 754 ab
1267 712 1332 754 vsu
1353 716 1526 760 alienae,
1557 715 1691 766 quales

332 783 464 837 paffim
485 780 613 820 habet.
665 777 847 830 Inprimis
866 787 954 815 cum
973 770 1265 826 philosophatur
1291 777 1345 809 καὶ
1367 775 1581 818 γνωμοτυπεῖ.
1636 772 1694 810 Vt

334 851 431 880 ecce
449 852 458 876 ;

393 893 567 945 Irfiznum
585 889 632 943 est
651 888 804 937 malum,
831 890 869 926 in
890 885 1095 941 hospitium
1117 884 1261 925 diuorti
1277 883 1327 923 ad
1344 881 1570 935 Cupidinem.

338 955 443 995 Vere
462 948 652 989 scenicum
673 957 711 985 et
731 945 848 985 illud:

394 1006 446 1046 Et
465 1004 659 1059 postrema,
690 1001 828 1054 nisime
845 998 1042 1050 aufiulms,
1071 1010 1178 1049 atque
1198 995 1284 1044 hoc,
1310 1009 1351 1035 vt
1376 996 1478 1044 dico,
1496 992 1616 1048 facis,

403 1064 496 1103 Tute
512 1073 606 1113 pone
625 1073 658 1098 te
680 1057 808 1097 latebis
817 1055 953 1106 fizcile,
987 1069 1030 1094 ne
1049 1056 1211 1093 inueniat
1233 1065 1268 1091 te
1287 1051 1416 1091 honor.

340 1123 393 1162 Et
414 1121 500 1170 quis
523 1117 620 1156 illud
639 1125 746 1154 extra
765 1116 931 1154 Scenam
954 1109 1131 1162 vsurpare
1156 1107 1279 1152 aufit?

398 1174 592 1226 Benaefiffla
611 1170 807 1224 benefichlis
828 1168 912 1209 aliis
927 1169 1111 1221 pertegito
1127 1195 1135 1211 ,
1170 1179 1213 1203 ne
1227 1162 1434 1216 perpluant.

343 1232 481 1283 Quare
502 1241 700 1279 nunquam
719 1225 911 1277 effugient
930 1224 1023 1274 quin
1043 1222 1116 1261 {int
1134 1221 1279 1272 inepti,
1314 1221 1381 1271 qui
1400 1218 1494 1256 haec
1511 1224 1551 1255 et
1569 1214 1641 1253 alia
1661 1213 1704 1252 id

343 1301 487 1342 genus,
519 1285 565 1324 ad
592 1283 731 1322 serium
757 1281 909 1321 dicendi
943 1292 1069 1331 genus
1092 1273 1335 1316 transferunt.
1394 1269 1702 1323 Consequuntur

345 1345 477 1390 enim,
507 1341 611 1393 quod
641 1353 720 1377 non
750 1337 904 1382 vident,
934 1347 972 1374 vt
990 1335 1103 1374 inuiti
1128 1330 1241 1370 risum
1261 1338 1467 1373 moueant3
1499 1325 1604 1379 quod
1623 1337 1705 1362 non

345 1401 459 1452 pauci
493 1396 617 1436 hodie·
638 1397 680 1434 in
699 1392 842 1444 scriptis
868 1391 1035 1430 maximo
1055 1387 1259 1426 molimine
1277 1400 1299 1424 a
1316 1386 1462 1425 melote
1483 1380 1709 1431 impetrantss

346 1455 532 1506 Sequitur
549 1450 589 1488 τδ
610 1447 698 1496 ᾇθος,
726 1448 844 1500 quod,
876 1458 915 1486 vt
936 1447 1050 1485 docet
1073 1442 1312 1490 Aristoteles,
1340 1437 1706 1488 in'01·atione‚lvni-

348 1507 574 1560 uscuiusque
593 1505 809 1545 institutum
828 1504 972 1542 indicat
994 1514 1034 1540 et
1053 1501 1305 1542 voluntatem.
1363 1496 1486 1547 Quod
1511 1497 1552 1533 in
1579 1492 1708 1545 fingu-

347 1568 396 1608 lis
416 1561 715 1618 repraesentare,
740 1559 810 1600 nisi
832 1561 902 1598 viri
927 1569 991 1598 aut
1010 1555 1213 1609 prudentis
1230 1566 1295 1593 aut
1314 1550 1544 1604 Philosophi,
1564 1550 1710 1590 nullius

350 1623 419 1662 est.
480 1622 585 1659 Nam
611 1616 942 1670 quemadmodum
971 1627 994 1653 e
1021 1612 1182 1664 fingulis
1212 1609 1477 1662 experientia,
1508 1609 1561 1646 ita
1591 1616 1709 1645 nemo

329 1677 590 1731 ·fingulorum
609 1686 737 1713 mores
757 1672 835 1711 fine
853 1671 923 1710 hac
941 1669 1136 1720 exprimit.
1193 1668 1327 1716 Quare
1358 1665 1532 1703 omnium
1560 1674 1713 1700 accura-

353 1735 494 1776 tissime
516 1743 556 1771 et
577 1731 745 1781 optime,
777 1727 869 1780 quid
890 1727 933 1767 fit
953 1726 1081 1764 faeere
1105 1732 1144 1761 vt
1165 1722 1207 1761 fit
1236 1720 1336 1765 ἠθική
1363 1720 1485 1759 oratio
1499 1747 1508 1765 ‚
1538 1713 1712 1756 Philoso-

352 1791 457 1846 phus
478 1778 659 1828 ostendit.
716 1784 835 1833 Quod
858 1783 917 1822 vel
939 1780 1059 1821 solum
1079 1779 1175 1818 rami
1194 1778 1258 1825 est,
1289 1789 1326 1817 vt
1348 1776 1443 1815 nihil
1461 1776 1589 1813 minus
1612 1785 1712 1812 non-

352 1847 473 1889 nulli,
502 1845 568 1896 qui
599 1842 644 1882 ad
671 1841 963 1883 Rhetoricarum
995 1835 1145 1876 suarum
1176 1835 1283 1886 leges
1302 1844 1532 1884 magnorum
1551 1840 1713 1881 quoque

354 1914 396 1943 et
415 1899 631 1941 sublimium
651 1898 900 1950 ingeniorum
920 1895 1113 1934 orationes
1133 1890 1294 1942 exigere
1311 1889 1468 1933 audent,
1489 1886 1560 1925 hac
1576 1886 1616 1924 in
1627 1897 1715 1936 par-

354 1971 398 1999 te
430 1958 609 1997 videant:
641 1955 680 1993 in
713 1967 808 2004 qua,
842 1951 892 1989 ad
919 1950 1032 2000 ipsius
1059 1958 1218 1998 quoque
1240 1945 1478 1997 antiquitatis
1505 1942 1715 1993 stuporem,

354 2014 453 2056 Afer
482 2012 550 2051 iste
587 2021 738 2062 regnat.
796 2007 912 2046 ReSte
947 2018 1043 2057 ergo
1072 2008 1220 2043 Varro:
1265 2002 1308 2041 In
1335 2001 1566 2056 argumentis
1593 1997 1716 2037 Caeci-

356 2073 429 2112 lius
465 2069 578 2123 poscit
621 2065 798 2118 palmam,
843 2067 881 2101 z'n
923 2061 1002 2100 ethe
1017 2074 1055 2100 m
1099 2060 1303 2099 Terentius.
1361 2055 1558 2110 Significat
1596 2055 1718 2100 enim,

343 2128 572 2168 'Caecilium
594 2121 781 2168 έυξητικόυ,
811 2132 874 2158 aut
894 2119 1023 2176 potius
1043 2114 1283 2159 εὐοικονόμητον
1303 2111 1434 2152 fuifl'e.
1465 2109 1720 2163 quemadmo-

361 2185 454 2222 dum
485 2178 728 2223 ἀνοικονόμητος
754 2186 1037 2225 nonnunquam
1064 2184 1157 2223 prae
1178 2170 1341 2222 reliquis
1370 2169 1523 2208 videtur
1543 2166 1717 2210 Plautus,

361 2240 424 2279 cui
443 2236 626 2277 sermonis
652 2234 757 2273 idem
774 2231 978 2283 affignauit
1005 2228 1170 2267 laudem.
1230 2223 1369 2275 Quod,
1395 2224 1420 2263 fi
1440 2225 1646 2276 quicquam
1666 2218 1719 2265 sa,-

359 2294 498 2348 pimus‚
518 2293 749 2333 Terentium
766 2288 820 2327 est
837 2289 968 2326 Plauto
987 2282 1197 2337 praeferre,
1259 2284 1312 2320 Vt
1330 2294 1415 2319 cum
1437 2292 1538 2325 eum,
1568 2277 1635 2329 qui
1654 2289 1720 2316 ex-

361 2351 469 2391 'cellit
489 2351 529 2389 in
547 2347 697 2393 maiori,
720 2345 843 2397 magis
867 2356 980 2395 quam
1001 2341 1067 2392 qui
1088 2340 1131 2379 in
1149 2337 1305 2385 minori,
1334 2336 1494 2376 dicimus
1510 2334 1717 2373 excellere.

360 2409 506 2458 Neque
535 2402 642 2444 causa
666 2402 744 2441 fuit
763 2402 855 2445 alia,
885 2410 1024 2450 quare,
1059 2395 1165 2447 quod
1184 2388 1577 2436 obseruant'veteres,
1611 2388 1721 2428 idem

360 2463 504 2507 vai-ro,
533 2463 652 2501 etiam
678 2456 919 2502 Menandro,
955 2456 998 2493 ἰιι
1026 2449 1251 2503 quibusdam
1280 2447 1507 2500 praetulerit
1531 2444 1723 2485 Terenti-

361 2532 442 2567 um,
467 2517 637 2569 exempli
657 2510 776 2557 causa,
796 2510 1066 2562 Adelphorum
1088 2509 1213 2547 initio.
1244 2510 1383 2556 Neque
1400 2502 1606 2543 immerito.
1641 2501 1721 2540 Mi-

359 2574 470 2615 rifice
487 2573 614 2619 enim,
642 2584 731 2611 cum
747 2568 861 2615 alibi,
890 2577 971 2606 turn
992 2565 1048 2604 ibi
1068 2575 1207 2617 regnat
1227 2561 1270 2598 τὲ
1299 2559 1392 2604 ἦθος,
1447 2560 1561 2598 Idem
1580 2559 1720 2602 Varro,

355 2644 449 2673 cum
463 2633 500 2671 T
504 2628 725 2682 ragoediae,
746 2622 986 2668 Comoedia-e
1013 2634 1055 2662 ac
1076 2621 1233 2674 Satyrae
1251 2617 1414 2671 effingat
1432 2615 1598 2666 formas,
1627 2612 1722 2666 quid

1671 2667 1724 2707 de
