1815 3168
319 173 414 221 320

722 152 882 199 ACT.
916 152 965 196 11.
1003 150 1197 196 SCEN.
1235 150 1288 197 11.

354 300 419 352 30
453 288 511 333 Et
539 294 627 329 tam
661 279 782 328 facile
814 276 980 326 vistum
1007 293 1238 342 quaerere:
1275 274 1336 322 ibi
1365 274 1502 321 homo
1537 277 1683 340 coepit

543 375 614 406 me
648 356 881 407 obsecrare,

455 441 518 482 Vt
541 433 617 481 sibi
639 433 787 478 liceret
811 431 966 476 discere
992 428 1035 474 id
1062 428 1114 473 de
1137 443 1223 473 me.
1263 422 1409 472 sefilari
1434 422 1559 476 iussis

455 515 500 560 Si
521 512 637 576 potis
662 506 732 559 cst,
756 519 963 567 tanquam
982 502 1349 570 philosophorum
1378 500 1542 548 habent
1570 494 1690 548 disci-

553 586 699 652 plinae
728 600 777 630 ex
798 580 898 647 ipsis

382 806 452 848 Me
471 817 576 845 tanto
596 803 753 855 honore]
776 800 902 840 Akme
922 798 984 852 effi>

326 867 366 905 in
387 875 532 903 tantum
553 861 740 899 honorem.
794 859 835 896 L.

381 918 589 959 Bembinus
617 915 735 953 habet
765 912 867 955 videt
896 910 985 949 mihi

326 976 389 1028 effi
408 987 553 1014 tantum
572 973 756 1011 honorem.
813 966 888 1005 Sed
902 980 985 1005 cae-

326 1033 400 1071 teri
427 1028 563 1072 Faerni
586 1038 623 1066 et
644 1025 760 1065 nostri
790 1023 873 1060 libri
897 1035 985 1060 cum

328 1086 416 1127 edd.
443 1095 532 1123 vett.
563 1086 666 1122 fecie
691 1081 763 1120 fic:
795 1079 896 1116 videt
930 1091 985 1116 me

327 1143 392 1196 ‘'ffi’
411 1154 516 1181 tanto
540 1139 688 1177 honore.
744 1139 783 1175 B.

383 1210 437 1250 30
465 1198 555 1236 Tam
572 1195 692 1248 filcile
722 1193 858 1231 viftum
879 1201 986 1242 quae-

326 1255 429 1309 rere]
464 1253 569 1304 Quia
586 1250 633 1290 ad
653 1262 816 1290 coenam
836 1256 985 1285 vocant.

327 1310 408 1365 lbi]
446 1314 516 1349 Pro
543 1319 647 1347 tunc.
701 1303 845 1357 Homo]
883 1302 987 1342 Mire

327 1366 479 1408 addidit
498 1364 619 1403 homo.
650 1373 713 1403 aut
730 1360 901 1401 additum
928 1355 987 1395 su·

328 1434 526 1477 pei-uacue
558 1419 679 1459 homo.
745 1420 816 1463 Vt,
854 1415 990 1454 Donat

329 1479 462 1520 hahere
480 1481 580 1526 viro,
602 1476 712 1515 decus
730 1487 765 1513 et
776 1472 990 1512 tutamenin

328 1537 445 1578 armis
465 1536 588 1586 (Aen.
612 1545 650 1581 v,
669 1531 791 1577 262).
849 1530 900 1567 D.

385 1590 508 1634 Facile
533 1590 670 1628 vicium
693 1584 885 1640 quaerere]
915 1583 991 1622 Hic

330 1662 424 1688 vere
448 1646 552 1699 quasi
588 1643 743 1698 quidam
771 1640 992 1682 intellectus

330 1703 504 1757 superior
527 1702 597 1742 ille
625 1700 858 1753 explicatur,
886 1693 992 1748 quod

330 1761 429 1800 dixit
449 1760 498 1799 ad
519 1771 665 1797 coenam
683 1767 840 1800 vocant3
869 1764 906 1791 vt
932 1753 991 1791 in-

330 1818 381 1857 de
400 1815 641 1856 intellexerit
667 1813 734 1851 ille
755 1807 886 1850 nescio
906 1809 986 1859 qui,

331 1874 444 1914 facile
473 1880 634 1922 quaerat
669 1869 812 1906 vietum
842 1870 991 1916 (Lego:

333 1943 445 1984 quam
470 1926 589 1978 filcile
629 1935 785 1977 quaerat
814 1921 990 1971 vietum).

333 1990 580 2037 Quamquam
597 1991 648 2028 et,
667 1979 693 2018 fi
717 1977 764 2018 ad
778 1989 940 2015 coenam
954 1987 990 2013 e-

331 2040 516 2081 mendam
549 2036 763 2088 intelligat‚
799 2031 990 2072 nihilomi-

332 2110 406 2138 nus
425 2094 571 2148 poterit
590 2088 845 2145 cognoscere,
872 2087 990 2127 facile

332 2154 402 2193 fibi
436 2149 614 2205 parasitos
651 2148 792 2187 viuum
831 2155 990 2197 quaere-

334 2223 388 2250 re.
445 2211 488 2248 E.

385 2265 437 2303 Et
457 2276 616 2315 appone
635 2257 833 2311 superiori.
886 2258 925 2295 B.

389 2335 439 2375 31
487 2323 532 2359 Vt
558 2316 631 2370 fibi
671 2317 798 2355 liceret
836 2310 989 2364 discere]

332 2376 452 2429 Quafi
481 2372 740 2426 disciplinam,
771 2381 833 2409 aut
857 2379 992 2407 artem.

332 2437 503 2474 Tantum
530 2428 760 2469 auctoritatis
788 2425 992 2464 criminum

332 2489 498 2531 felicitas
527 2485 672 2526 sumsit!
704 2485 857 2534 DiJcere
883 2481 923 2519 id
951 2481 993 2518 de

333 2546 407 2600 me]
437 2545 588 2596 JMagis,
621 2542 662 2579 de
686 2541 764 2587 illo,
797 2550 836 2578 et
856 2538 898 2575 de
920 2550 985 2583 me,

331 2613 481 2642 veteres
503 2598 705 2638 dicebaut.
735 2609 847 2648 quam
861 2603 898 2631 vt
919 2606 990 2631 uos

334 2659 507 2704 dicimus,
529 2671 549 2695 a
568 2667 631 2703 me,
650 2664 724 2704 aut,
744 2650 787 2693 ab
807 2652 883 2693 illo.
929 2650 987 2691 Se-

1555 656 1691 699 Voca-

1034 799 1127 837 {tari
1150 795 1248 851 iqffi]
1278 796 1448 848 Proprie.
1470 808 1561 835 nam
1579 806 1619 836 et
1635 796 1693 847 fi-

1034 853 1436 951 gtfftphisssophorum
1453 851 1499 892 ab
1511 865 1557 892 eo
1571 852 1694 892 diclae

1093 1034 1144 1074 32
1178 1023 1240 1061 Ex
1257 1018 1357 1075 ipsts]
1378 1017 1617 1072 Philosophis
1630 1018 1695 1060 sci-

1035 1078 1139 1116 licet.
1196 1078 1256 1116 Ex
1285 1079 1366 1130 ipsis
1396 1077 1599 1131 vocabula]
1642 1080 1696 1117 Vt

1033 1132 1301 1186 Pythagorica,
1326 1133 1524 1172 Platonica
1543 1131 1608 1184 (sc.
1625 1133 1698 1183 dff-

1034 1188 1167 1242 ciplina
1182 1204 1190 1229 :
1224 1188 1292 1227 nisi
1316 1189 1423 1227 malis
1436 1203 1522 1227 cum
1533 1190 1698 1229 Wielin-

1036 1248 1100 1299 gio
1118 1247 1322 1299 corrigere,
1334 1245 1587 1300 Pythagorici,
1607 1247 1695 1284 Pla-

1036 1304 1184 1354 tonici).
1243 1304 1329 1341 Hoc
1363 1300 1483 1352 igitur
1518 1313 1601 1338 non
1640 1301 1696 1340 est

1039 1356 1283 1409 consequens
1307 1355 1354 1395 ad
1373 1355 1482 1401 illud,
1502 1356 1606 1407 quod
1618 1358 1697 1395 vult

1040 1414 1188 1453 dicere:
1226 1411 1295 1452 nifi
1329 1411 1432 1451 forte
1467 1412 1698 1465 disciplinam

1039 1484 1112 1524 pro
1135 1467 1329 1522 discipulis
1356 1465 1535 1520 posuerit.
1590 1470 1642 1508 D.

1111 1583 1304 1636 Tanquam
1354 1579 1660 1634 philosophorum

1040 1641 1211 1683 Nomina
1235 1636 1459 1688 disciplinae
1488 1636 1590 1688 apud
1616 1635 1701 1675 Phi-

1042 1695 1223 1749 losophus
1250 1693 1365 1746 saepe
1394 1692 1441 1732 ab
1463 1693 1698 1732 auditoribus

1040 1753 1169 1803 (forte,
1188 1749 1414 1801 amoribus)
1437 1749 1619 1788 videntur
1629 1749 1698 1788 im-

1041 1809 1181 1862 posita,
1213 1818 1251 1847 vt
1281 1822 1302 1845 a
1320 1808 1478 1847 Platone
1495 1805 1693 1852 Platonici,

1042 1866 1089 1905 ab
1113 1866 1280 1916 Epicuro
1306 1861 1500 1913 Epicurei.
1557 1863 1613 1899 lta
1633 1858 1698 1898 hie

1042 1922 1222 1973 parasitus
1240 1915 1442 1964 exsultans,
1471 1928 1696 1968 nouamque

1042 1974 1280 2027 disciplinam
1321 1972 1565 2025 pa1·afitorum
1607 1985 1697 2011 eum

1040 2032 1263 2072 adulatione
1288 2030 1501 2080 complens,
1531 2026 1622 2067 dicit
1642 2025 1697 2065 su-

1039 2102 1105 2127 um
1128 2099 1275 2126 nomen
1295 2085 1456 2136 imponi,
1487 2083 1591 2135 quod
1614 2081 1697 2136 ipse

1039 2159 1126 2184 eam
1149 2141 1294 2195 primus
1318 2142 1538 2186 inuenerit3
1564 2139 1589 2178 fi
1610 2140 1694 2191 quis

1038 2200 1077 2241 se
1104 2198 1280 2252 pai-alitus
1307 2198 1400 2236 huic
1428 2197 1576 2236 nationi
1604 2206 1642 2234 et
1660 2210 1696 2234 a·

1041 2258 1117 2297 &ui
1136 2256 1296 2294 voluerit
1311 2255 1511 2305 applicare,
1534 2263 1573 2291 vt
1592 2255 1692 2292 Gna-

1039 2313 1217 2353 thonicus
1240 2307 1316 2350 effe
1337 2309 1498 2350 dicatur,
1556 2311 1602 2350 Ε.

1096 2423 1226 2463 Lefflo
1253 2421 1439 2462 Bembini
1465 2417 1692 2472 disciplinam

1043 2479 1095 2520 est
1115 2482 1259 2531 inepta.
1314 2479 1392 2518 Sed
1412 2477 1490 2516 duo
1501 2476 1613 2529 Regii
1632 2475 1694 2514 ha·

1042 2537 1136 2574 bent
1172 2532 1352 2587 dzfiipuli.
1408 2538 1529 2574 Bene.
1589 2534 1693 2571 Nam

1040 2593 1091 2631 ita
1112 2591 1178 2630 viri
1198 2591 1283 2628 viris
1303 2599 1562 2641 opponuntur,
1591 2585 1696 2627 disci-

1042 2648 1139 2700 pulis
1163 2645 1322 2700 paraiiti.
1379 2649 1419 2687 B.
