1815 3168
319 163 415 210 5¹0

698 143 852 189 ACT.
888 143 940 188 V.
972 141 1161 187 SCEN.
1194 142 1307 188 V111.

451 271 655 331 Quoduis
680 270 845 319 donum
868 281 910 318 et
930 272 1175 336 praemium
1207 287 1232 316 a
1249 286 1321 317 me
1344 279 1516 338 optato:
1555 269 1599 316 id
1627 287 1675 317 o-

548 359 716 414 ptatum
742 349 867 394 feres.

448 424 567 474 GN.
609 425 760 469 Itane?
797 421 950 468 THR.
989 418 1042 466 fic
1065 422 1157 467 crit.
1195 416 1308 468 GN.
1341 419 1372 467 fi
1406 417 1547 468 efficio
1575 421 1675 473 hoc,

548 499 721 566 postulo
746 508 790 546 vt
816 497 926 544 milu
947 508 1019 543 tua
1041 495 1213 549 domus,

376 732 430 774 27
464 719 633 775 Qodvis
653 718 801 767 donum,
822 731 855 757 et
868 726 974 771 prae-

320 782 432 820 mium
477 793 498 816 a
528 791 584 816 me·
616 776 758 829 optato]
803 776 969 820 Donum,

320 835 539 890 praemium
558 831 629 872 est:
659 843 850 876 etmunus,
869 843 973 880 prae·

320 893 456 932 mium.
512 888 588 928 Sed
600 888 747 935 donum,
757 887 975 939 praemium

321 947 396 986 diis
423 945 552 983 datur:
589 956 735 991 munus,
764 943 977 993 praemium

319 1000 559 1043 hominibus.
616 1001 716 1038 Nam
756 996 980 1048 separatim,-

319 1059 471 1098 donum
507 1054 666 1093 deorum
704 1053 778 1096 est:
815 1051 977 1103 praemi-

319 1127 387 1152 um
413 1112 584 1150 virorum
608 1108 866 1158 esthfortium:
896 1120 978 1145 mu-

319 1182 393 1210 nus
411 1167 624 1206 hominum.
681 1168 730 1205 Et
742 1164 886 1202 donum
898 1176 979 1201 mu-

319 1222 480 1275 nusque,
501 1232 577 1260 tam
589 1232 678 1260 ante
694 1220 845 1265 fanum,
865 1232 980 1270 quam

320 1280 408 1334 post
432 1279 574 1318 factum
600 1277 731 1317 datur:
765 1276 980 1328 praemium

319 1350 407 1378 non
440 1333 510 1374 nis»
528 1333 611 1385 post
628 1333 766 1372 ἱειὲἶιιῐῑι
784 1331 847 1371 est.
901 1333 980 1371 Do-

317 1406 427 1438 num,
447 1405 468 1430 v
474 1390 727 1430 oluntarium.
753 1388 979 1440 praemium,

319 1448 498 1489 debetur.
551 1447 632 1486 Alii
673 1459 768 1499 ergo
805 1449 980 1486 ἂσυυδέτως

318 1502 594 1559 pronunciant,
616 1504 739 1554 plimo
759 1502 913 1549 donum,
943 1509 981 1538 et

319 1560 372 1602 fic
393 1572 614 1612 praemunt,
644 1557 744 1607 quah
764 1571 877 1596 vnam
896 1570 979 1607 par-

319 1628 402 1657 tem
442 1615 639 1654 oxationis.
704 1615 877 1669 Qoduis
917 1613 978 1650 do-

319 1686 408 1712 num
428 1685 464 1711 et
479 1669 700 1723 praemium]
729 1672 905 1716 Donum,
941 1678 980 1707 vt

318 1743 343 1768 a
360 1728 471 1780 largo
491 1725 675 1765 homine:
704 1728 919 1778 praemium,
940 1734 980 1763 vt

319 1798 345 1824 a
369 1784 567 1836 praeclaro
598 1782 783 1822 facinore.
842 1780 978 1838 Qod-

319 1842 383 1879 uis
415 1839 568 1886 donum,
598 1852 632 1876 et
657 1839 861 1889 praemium
884 1850 979 1877 ame

319 1907 474 1948 optato,
504 1893 545 1932 id
563 1905 728 1946 optatum
747 1893 868 1946 feres]
899 1898 980 1934 Do·

321 1965 420 1991 num
439 1959 594 2002 optato,
627 1950 676 1987 ob
697 1949 802 2000 quod
822 1949 981 1999 praemi-

320 2020 388 2046 um
416 2006 590 2056 accipias.
643 2008 847 2044 Praemium
876 2019 896 2043 a
927 2017 980 2042 me

320 2066 470 2115 optato]
486 2065 630 2101 Totum
641 2061 863 2099 militariter.
883 2063 981 2099 Nam

309 2129 363 2158 et
379 2120 482 2171 optio
504 2118 652 2163 dicitur,
679 2128 717 2155 et
739 2120 861 2168 optari
879 2116 980 2154 ami-

317 2174 478 2219 litibus;
527 2185 567 2212 vt
599 2172 690 2211 alibi
726 2171 888 2221 (excidit
926 2172 980 2209 lo-

320 2243 407 2280 cu8‚
438 2240 478 2269 et
507 2242 653 2268 nomen
677 2229 875 2278 auffzoris),
910 2228 979 2266 Vir

307 2287 434 2337 fhrtis
463 2297 564 2337 optet
583 2286 683 2338 quod
710 2284 805 2322 volet
818 2286 978 2338 praemi·

317 2357 394 2383 um.
449 2343 501 2381 D.

373 2453 547 2507 Qoduis
577 2452 729 2499 donum,
755 2450 977 2505 praemium]

317 2509 420 2551 Noui
438 2522 487 2548 te.
517 2509 544 2548 fi
565 2509 638 2547 hoc
659 2507 848 2555 effeceris,
871 2507 974 2559 quod

319 2567 376 2606 vis
416 2565 560 2604 donum
599 2566 771 2616 praemio
817 2562 974 2602 donasse

318 2623 479 2677 (donari
505 2623 576 2670 Z.)¹
593 2620 678 2671 hoc,
689 2622 862 2672 inquam,
877 2635 898 2661 a
909 2634 975 2661 me

1607 576 1680 619 Te

1022 713 1184 770 poscito:
1214 714 1253 755 id
1275 727 1362 755 cum
1381 716 1593 768 optaueris,
1621 728 1679 754 ac-

1023 774 1155 824 cipies.
1223 777 1353 824 Atque
1401 772 1495 811 vltra
1543 773 1680 810 merita

1024 827 1108 868 sunt
1128 829 1224 867 dona
1236 842 1251 871 ;
1273 830 1477 882 praemium
1505 840 1594 866 vero
1615 827 1679 874 est,

1025 884 1129 937 quod
1158 883 1260 936 quafi
1287 884 1335 922 ob
1354 885 1534 923 meritum
1559 883 1679 922 datur.

1024 942 1224 992 Proprium
1241 941 1346 978 enim
1365 939 1523 979 verbum
1535 938 1600 988 est,
1622 951 1679 977 vt:

1025 1007 1130 1047 optet
1150 997 1366 1049 praequm
1377 996 1433 1035 vir
1440 995 1562 1046 fortis,
1575 994 1680 1048 quod

1024 1052 1138 1091 volet.
1193 1055 1237 1091 E.

1083 1107 1290 1154 Remmius,
1322 1118 1370 1155 et,
1390 1105 1524 1146 omifit.
1580 1110 1622 1148 Z.

1082 1162 1328 1203 Menander}
1373 1159 1476 1212 §uzon
1505 1170 1537 1200 τὶ
1563 1161 1675 1213 βέλει,

1027 1223 1137 1258 πάντα
1162 1226 1212 1258 σοὶ
1237 1215 1428 1266 γενήσεται.
1485 1222 1551 1258 W.

1084 1336 1136 1380 28
1168 1330 1210 1369 Si
1226 1329 1294 1369 hoc
1313 1331 1451 1384 effi'cio,
1475 1329 1618 1383 postulo
1639 1344 1681 1370 vt

1030 1387 1124 1427 mihi
1141 1397 1210 1427 tua
1229 1387 1357 1428 domus
1370 1401 1404 1426 te
1419 1386 1607 1440 praestate
1625 1386 1685 1425 ab*-

1017 1444 1125 1494 sente
1157 1441 1302 1496 pateat]
1349 1442 1594 1483 Prouerbiale
1633 1442 1689 1482 est

1030 1499 1225 1550 Pruefinte
1252 1498 1418 1551 abfinte,
1447 1510 1507 1546 vt,
1532 1498 1687 1550 smsiam

1029 1556 1209 1606 deorfitm,
1227 1557 1326 1596 vltro
1349 1559 1456 1603 citro,
1475 1566 1516 1594 et
1536 1568 1687 1594 caetera

1028 1610 1266 1651 huiusmodi:
1285 1613 1414 1663 sanda
1431 1611 1604 1663 nqfhnda,
1633 1614 1686 1649 iu-

1019 1669 1078 1721 sta
1098 1668 1241 1720 musta,
1262 1671 1378 1723 digna
1398 1668 1565 1722 indigna,
1597 1667 1686 1705 velit

1027 1725 1133 1765 nolit.
1188 1727 1237 1765 D.

1082 1780 1123 1819 Si
1160 1781 1276 1834 effi'cio
1306 1779 1392 1825 hoc,
1414 1779 1577 1831 postulo]
1613 1783 1686 1819 Va-

1029 1838 1085 1876 ria
1106 1835 1315 1876 distinffio:
1348 1836 1502 1887 quidam
1521 1836 1660 1874 enim]
1638 1835 1687 1873 fic

1029 1893 1183 1939 dicunt,
1216 1892 1263 1930 fic
1293 1891 1508 1943 distingunt
1527 1890 1607 1942 (esse
1629 1893 1685 1929 di·

1020 1948 1283 2002 stinguendum
1299 1951 1338 1987 Z.
1341 1948 1380 1998 ):
1413 1948 1452 1984 ,δι’
1465 1947 1579 2000 effibio
1603 1947 1683 1995 hoc,

1030 2014 1067 2042 xt
1097 2004 1227 2054 postea
1253 2001 1507 2054 subiungant,
1537 2003 1684 2053 Postulo
1731 2027 1732 2030 =
1756 1986 1764 2024 '²

1030 2074 1052 2098 z
1056 2074 1070 2098 t
1089 2060 1178 2098 mihi
1195 2073 1258 2098 tua
1276 2060 1404 2097 domus
1426 2073 1460 2097 te
1483 2059 1682 2110 praestum,

1030 2115 1192 2166 abs-Eme,
1219 2128 1360 2168 pateat.
1419 2114 1597 2154 Pax-afitus
1629 2116 1687 2154 nil

1029 2171 1132 2211 aliud
1163 2171 1352 2211 defiderat
1387 2171 1549 2221 praemii
1585 2172 1684 2219 loco,

1027 2227 1099 2266 nifi
1139 2239 1177 2266 vt
1202 2227 1271 2266 fibi
1301 2226 1409 2265 cibus
1447 2223 1686 2278 suppeditari

1029 2284 1157 2335 poffit:
1190 2294 1228 2323 et
1251 2282 1328 2322 fiue
1355 2280 1534 2333 praesens
1562 2284 1684 2332 miles,

1028 2339 1107 2378 fiue
1132 2338 1267 2378 absens
1284 2338 1338 2383 fit,
1357 2352 1556 2389 nunquam
1572 2352 1685 2377 voca·

1030 2406 1107 2444 tus,
1136 2394 1285 2447 semper
1303 2406 1432 2433 tamen
1453 2393 1500 2432 ad
1520 2408 1685 2436 coenam
1753 2442 1760 2447 Ι
1811 2416 1813 2433 ;

1031 2452 1172 2503 veniat.
1225 2454 1264 2491 E.

1080 2508 1197 2547 Multi
1220 2506 1330 2546 codd.
1359 2519 1403 2545 vt
1430 2519 1493 2546 tua
1512 2506 1603 2545 mihi
1621 2508 1685 2545 do-

1023 2577 1110 2612 mus,
1136 2564 1378 2613 concinnius,
1399 2572 1437 2605 vt
1453 2562 1562 2609 Mihi
1579 2562 1622 2603 fit
1639 2563 1683 2603 in

1021 2618 1116 2664 Arsi.
1171 2621 1212 2661 B.
