<?xml version="1.0" encoding="UTF-8"?>
<!DOCTYPE html PUBLIC "-//W3C//DTD XHTML 1.0 Transitional//EN"
    "http://www.w3.org/TR/xhtml1/DTD/xhtml1-transitional.dtd">
<html xmlns="http://www.w3.org/1999/xhtml" xml:lang="en" lang="en">
 <head>
  <title>
</title>
<meta http-equiv="Content-Type" content="text/html;charset=utf-8" />
  <meta name='ocr-system' content='tesseract 3.04.00' />
  <meta name='ocr-capabilities' content='ocr_page ocr_carea ocr_par ocr_line ocrx_word'/>
</head>
<body>
  <div class='ocr_page' id='page_1' title='image "./comoediaesexexre01tereuoft_0159.png"; bbox 0 0 1815 3168; ppageno 0'>
   <div class='ocr_carea' id='block_1_1' title="bbox 588 183 882 232">
    <p class='ocr_par' dir='ltr' id='par_1_1' title="bbox 588 183 882 232">
     <span class='ocr_line' id='line_1_1' title="bbox 588 183 882 232; baseline -0.007 0"><span class='ocrx_word' id='word_1_1' title='bbox 588 183 882 232; x_wconf 83' lang='lat' dir='ltr'>ANDRIA.</span> 
     </span>
    </p>
   </div>
   <div class='ocr_carea' id='block_1_2' title="bbox 1366 195 1426 254">
    <p class='ocr_par' dir='ltr' id='par_1_2' title="bbox 1366 195 1426 254">
     <span class='ocr_line' id='line_1_2' title="bbox 1366 195 1426 254; baseline 0 0"><span class='ocrx_word' id='word_1_2' title='bbox 1366 195 1426 254; x_wconf 76' lang='lat'><strong>63</strong></span> 
     </span>
    </p>
   </div>
   <div class='ocr_carea' id='block_1_3' title="bbox 201 308 1430 376">
    <p class='ocr_par' dir='ltr' id='par_1_3' title="bbox 201 308 1430 376">
     <span class='ocr_line' id='line_1_3' title="bbox 201 308 1430 376; baseline -0.002 -15"><span class='ocrx_word' id='word_1_3' title='bbox 201 315 246 361; x_wconf 80' lang='lat' dir='ltr'><strong>Si</strong></span> <span class='ocrx_word' id='word_1_4' title='bbox 263 312 449 371; x_wconf 84' lang='lat' dir='ltr'>senserit,</span> <span class='ocrx_word' id='word_1_5' title='bbox 470 313 605 376; x_wconf 83' lang='lat' dir='ltr'><strong>perii:</strong></span> <span class='ocrx_word' id='word_1_6' title='bbox 642 321 717 359; x_wconf 81' lang='lat' dir='ltr'><strong>aut</strong></span> <span class='ocrx_word' id='word_1_7' title='bbox 736 308 767 357; x_wconf 85' lang='lat' dir='ltr'>fi</span> <span class='ocrx_word' id='word_1_8' title='bbox 785 310 976 359; x_wconf 82' lang='lat' dir='ltr'><strong>lubitum</strong></span> <span class='ocrx_word' id='word_1_9' title='bbox 997 311 1149 365; x_wconf 81' lang='lat' dir='ltr'><strong>fuerit,</strong></span> <span class='ocrx_word' id='word_1_10' title='bbox 1178 318 1342 364; x_wconf 79' lang='lat' dir='ltr'><strong>causam</strong></span> <span class='ocrx_word' id='word_1_11' title='bbox 1362 335 1430 367; x_wconf 77' lang='lat' dir='ltr'><strong>ce.</strong></span> 
     </span>
    </p>
   </div>
   <div class='ocr_carea' id='block_1_4' title="bbox 295 390 434 453">
    <p class='ocr_par' dir='ltr' id='par_1_4' title="bbox 295 390 434 453">
     <span class='ocr_line' id='line_1_4' title="bbox 295 390 434 453; baseline -0.014 -19"><span class='ocrx_word' id='word_1_12' title='bbox 295 390 434 453; x_wconf 83' lang='lat' dir='ltr'><strong>perit:</strong></span> 
     </span>
    </p>
   </div>
   <div class='ocr_carea' id='block_1_5' title="bbox 203 464 1430 532">
    <p class='ocr_par' dir='ltr' id='par_1_5' title="bbox 203 464 1430 532">
     <span class='ocr_line' id='line_1_5' title="bbox 203 464 1430 532; baseline 0.002 -23"><span class='ocrx_word' id='word_1_13' title='bbox 203 468 309 519; x_wconf 88' lang='lat' dir='ltr'><strong>Quo</strong></span> <span class='ocrx_word' id='word_1_14' title='bbox 334 465 442 515; x_wconf 85' lang='lat' dir='ltr'><strong>iure,</strong></span> <span class='ocrx_word' id='word_1_15' title='bbox 464 478 637 527; x_wconf 81' lang='lat' dir='ltr'><strong>quaque</strong></span> <span class='ocrx_word' id='word_1_16' title='bbox 657 465 817 509; x_wconf 84' lang='lat' dir='ltr'><strong>iniuria</strong></span> <span class='ocrx_word' id='word_1_17' title='bbox 835 464 1121 528; x_wconf 84' lang='lat' dir='ltr'><strong>praecipitem</strong></span> <span class='ocrx_word' id='word_1_18' title='bbox 1140 466 1269 518; x_wconf 78' lang='lat' dir='ltr'><strong>mein</strong></span> <span class='ocrx_word' id='word_1_19' title='bbox 1290 467 1430 532; x_wconf 69' lang='lat' dir='ltr'><strong>pistri.</strong></span> 
     </span>
    </p>
   </div>
   <div class='ocr_carea' id='block_1_6' title="bbox 295 537 561 585">
    <p class='ocr_par' dir='ltr' id='par_1_6' title="bbox 295 537 561 585">
     <span class='ocr_line' id='line_1_6' title="bbox 295 537 561 585; baseline -0.004 -1"><span class='ocrx_word' id='word_1_20' title='bbox 295 555 407 584; x_wconf 88' lang='lat' dir='ltr'><strong>num</strong></span> <span class='ocrx_word' id='word_1_21' title='bbox 427 537 561 585; x_wconf 84' lang='lat' dir='ltr'><strong>dabit.</strong></span> 
     </span>
    </p>
   </div>
   <div class='ocr_carea' id='block_1_7' title="bbox 112 611 1431 686">
    <p class='ocr_par' dir='ltr' id='par_1_7' title="bbox 112 611 1431 686">
     <span class='ocr_line' id='line_1_7' title="bbox 112 611 1431 686; baseline 0.001 -21"><span class='ocrx_word' id='word_1_22' title='bbox 112 631 186 686; x_wconf 78' lang='lat'><strong>10¹</strong></span> <span class='ocrx_word' id='word_1_23' title='bbox 206 613 279 661; x_wconf 84' lang='lat' dir='ltr'><strong>Ad</strong></span> <span class='ocrx_word' id='word_1_24' title='bbox 305 614 412 660; x_wconf 83' lang='lat' dir='ltr'><strong>haec</strong></span> <span class='ocrx_word' id='word_1_25' title='bbox 445 612 556 661; x_wconf 84' lang='lat' dir='ltr'><strong>mala</strong></span> <span class='ocrx_word' id='word_1_26' title='bbox 593 613 679 661; x_wconf 88' lang='lat' dir='ltr'><strong>hoc</strong></span> <span class='ocrx_word' id='word_1_27' title='bbox 706 614 818 660; x_wconf 89' lang='lat' dir='ltr'><strong>mibi</strong></span> <span class='ocrx_word' id='word_1_28' title='bbox 838 611 990 660; x_wconf 79' lang='lat' dir='ltr'><strong>accidit</strong></span> <span class='ocrx_word' id='word_1_29' title='bbox 1020 616 1175 661; x_wconf 87' lang='lat' dir='ltr'><strong>etiam:</strong></span> <span class='ocrx_word' id='word_1_30' title='bbox 1212 615 1318 664; x_wconf 83' lang='lat' dir='ltr'><strong>haec</strong></span> <span class='ocrx_word' id='word_1_31' title='bbox 1341 622 1431 666; x_wconf 87' lang='lat' dir='ltr'><strong>An-</strong></span> 
     </span>
    </p>
   </div>
   <div class='ocr_carea' id='block_1_8' title="bbox 297 688 403 742">
    <p class='ocr_par' dir='ltr' id='par_1_8' title="bbox 297 688 403 742">
     <span class='ocr_line' id='line_1_8' title="bbox 297 688 403 742; baseline 0 -7"><span class='ocrx_word' id='word_1_32' title='bbox 297 688 403 742; x_wconf 82' lang='lat' dir='ltr'><strong>dria,</strong></span> 
     </span>
    </p>
   </div>
   <div class='ocr_carea' id='block_1_9' title="bbox 201 761 1431 835">
    <p class='ocr_par' dir='ltr' id='par_1_9' title="bbox 201 761 1431 835">
     <span class='ocr_line' id='line_1_9' title="bbox 201 761 1431 835; baseline 0.003 -22"><span class='ocrx_word' id='word_1_33' title='bbox 201 768 304 813; x_wconf 86' lang='lat' dir='ltr'><strong>Siue</strong></span> <span class='ocrx_word' id='word_1_34' title='bbox 335 763 408 810; x_wconf 83' lang='lat' dir='ltr'><strong>ista</strong></span> <span class='ocrx_word' id='word_1_35' title='bbox 429 781 559 814; x_wconf 78' lang='lat' dir='ltr'><strong>vxor,</strong></span> <span class='ocrx_word' id='word_1_36' title='bbox 594 761 683 810; x_wconf 76' lang='lat' dir='ltr'><strong>flue</strong></span> <span class='ocrx_word' id='word_1_37' title='bbox 701 767 837 812; x_wconf 86' lang='lat' dir='ltr'><strong>amica</strong></span> <span class='ocrx_word' id='word_1_38' title='bbox 859 761 941 817; x_wconf 82' lang='lat' dir='ltr'><strong>est,</strong></span> <span class='ocrx_word' id='word_1_39' title='bbox 977 765 1156 826; x_wconf 81' lang='lat' dir='ltr'><strong>grauida</strong></span> <span class='ocrx_word' id='word_1_40' title='bbox 1181 783 1204 812; x_wconf 89' lang='lat' dir='ltr'><strong>e</strong></span> <span class='ocrx_word' id='word_1_41' title='bbox 1224 770 1431 835; x_wconf 83' lang='lat' dir='ltr'><strong>Pamphi-</strong></span> 
     </span>
    </p>
   </div>
   <div class='ocr_carea' id='block_1_10' title="bbox 296 837 440 887">
    <p class='ocr_par' dir='ltr' id='par_1_10' title="bbox 296 837 440 887">
     <span class='ocr_line' id='line_1_10' title="bbox 296 837 440 887; baseline -0.007 -1"><span class='ocrx_word' id='word_1_42' title='bbox 296 841 340 887; x_wconf 92' lang='lat' dir='ltr'><strong>lo</strong></span> <span class='ocrx_word' id='word_1_43' title='bbox 366 837 440 886; x_wconf 87' lang='lat' dir='ltr'><strong>est.</strong></span> 
     </span>
    </p>
   </div>
   <div class='ocr_carea' id='block_1_11' title="bbox 199 912 1379 1056">
    <p class='ocr_par' dir='ltr' id='par_1_11' title="bbox 199 912 1379 1056">
     <span class='ocr_line' id='line_1_11' title="bbox 199 912 1379 981; baseline 0.005 -19"><span class='ocrx_word' id='word_1_44' title='bbox 199 915 456 978; x_wconf 84' lang='lat' dir='ltr'>Audireque</span> <span class='ocrx_word' id='word_1_45' title='bbox 479 931 635 962; x_wconf 86' lang='lat' dir='ltr'><strong>eorum</strong></span> <span class='ocrx_word' id='word_1_46' title='bbox 657 912 718 961; x_wconf 88' lang='lat' dir='ltr'><strong>est</strong></span> <span class='ocrx_word' id='word_1_47' title='bbox 740 931 900 980; x_wconf 84' lang='lat' dir='ltr'>operae</span> <span class='ocrx_word' id='word_1_48' title='bbox 921 919 1115 981; x_wconf 84' lang='lat' dir='ltr'><strong>pretium</strong></span> <span class='ocrx_word' id='word_1_49' title='bbox 1137 918 1379 967; x_wconf 82' lang='lat' dir='ltr'><strong>audaciam:</strong></span> 
     </span>
     <span class='ocr_line' id='line_1_12' title="bbox 199 986 1296 1056; baseline 0.001 -16"><span class='ocrx_word' id='word_1_50' title='bbox 199 996 323 1040; x_wconf 83' lang='lat' dir='ltr'><strong>Nam</strong></span> <span class='ocrx_word' id='word_1_51' title='bbox 341 992 535 1056; x_wconf 82' lang='lat' dir='ltr'>inceptio</span> <span class='ocrx_word' id='word_1_52' title='bbox 557 986 606 1038; x_wconf 89' lang='lat' dir='ltr'><strong>&#39;st</strong></span> <span class='ocrx_word' id='word_1_53' title='bbox 627 992 883 1044; x_wconf 77' lang='lat' dir='ltr'><strong>amentium,</strong></span> <span class='ocrx_word' id='word_1_54' title='bbox 917 993 1024 1040; x_wconf 84' lang='lat' dir='ltr'><strong>haut</strong></span> <span class='ocrx_word' id='word_1_55' title='bbox 1042 996 1296 1041; x_wconf 81' lang='lat' dir='ltr'><strong>amantium.</strong></span> 
     </span>
    </p>
   </div>
   <div class='ocr_carea' id='block_1_12' title="bbox 60 1220 737 2676">
    <p class='ocr_par' dir='ltr' id='par_1_12' title="bbox 60 1220 730 1611">
     <span class='ocr_line' id='line_1_13' title="bbox 60 1220 721 1275; baseline -0.006 -11"><span class='ocrx_word' id='word_1_56' title='bbox 60 1262 65 1264; x_wconf 85' lang='lat'><em>.</em></span> <span class='ocrx_word' id='word_1_57' title='bbox 126 1221 269 1270; x_wconf 72' lang='lat' dir='ltr'><strong>Leffio,</strong></span> <span class='ocrx_word' id='word_1_58' title='bbox 292 1220 439 1274; x_wconf 80' lang='lat' dir='ltr'><strong>fitciam</strong></span> <span class='ocrx_word' id='word_1_59' title='bbox 471 1231 532 1261; x_wconf 79' lang='lat' dir='ltr'><strong>IN</strong></span> <span class='ocrx_word' id='word_1_60' title='bbox 572 1222 721 1275; x_wconf 76' lang='lat' dir='ltr'><strong>nuPtiis,</strong></span> 
     </span>
     <span class='ocr_line' id='line_1_14' title="bbox 71 1275 726 1331; baseline -0.002 -13"><span class='ocrx_word' id='word_1_61' title='bbox 71 1290 171 1331; x_wconf 88' lang='lat' dir='ltr'><strong>quae</strong></span> <span class='ocrx_word' id='word_1_62' title='bbox 200 1279 240 1316; x_wconf 89' lang='lat' dir='ltr'><strong>in</strong></span> <span class='ocrx_word' id='word_1_63' title='bbox 268 1275 418 1317; x_wconf 81' lang='lat' dir='ltr'><strong>duobus</strong></span> <span class='ocrx_word' id='word_1_64' title='bbox 445 1275 580 1316; x_wconf 83' lang='lat' dir='ltr'><strong>nostris</strong></span> <span class='ocrx_word' id='word_1_65' title='bbox 613 1275 726 1317; x_wconf 91' lang='lat' dir='ltr'>codd.</span> 
     </span>
     <span class='ocr_line' id='line_1_15' title="bbox 71 1333 726 1386; baseline -0.003 -12"><span class='ocrx_word' id='word_1_66' title='bbox 71 1345 110 1375; x_wconf 84' lang='lat' dir='ltr'><strong>et</strong></span> <span class='ocrx_word' id='word_1_67' title='bbox 138 1333 375 1373; x_wconf 86' lang='lat' dir='ltr'><strong>editionibus</strong></span> <span class='ocrx_word' id='word_1_68' title='bbox 396 1334 563 1384; x_wconf 83' lang='lat' dir='ltr'><strong>antiquis</strong></span> <span class='ocrx_word' id='word_1_69' title='bbox 596 1334 726 1386; x_wconf 85' lang='lat' dir='ltr'><strong>pleris-</strong></span> 
     </span>
     <span class='ocr_line' id='line_1_16' title="bbox 73 1388 726 1441; baseline 0.002 -14"><span class='ocrx_word' id='word_1_70' title='bbox 73 1402 151 1441; x_wconf 84' lang='lat' dir='ltr'><strong>que</strong></span> <span class='ocrx_word' id='word_1_71' title='bbox 187 1390 400 1437; x_wconf 82' lang='lat' dir='ltr'><strong>reperitur,</strong></span> <span class='ocrx_word' id='word_1_72' title='bbox 439 1389 582 1440; x_wconf 82' lang='lat' dir='ltr'><strong>placet,</strong></span> <span class='ocrx_word' id='word_1_73' title='bbox 621 1388 726 1440; x_wconf 90' lang='lat' dir='ltr'><strong>quod</strong></span> 
     </span>
     <span class='ocr_line' id='line_1_17' title="bbox 73 1444 730 1496; baseline -0.003 -12"><span class='ocrx_word' id='word_1_74' title='bbox 73 1445 261 1484; x_wconf 77' lang='lat' dir='ltr'><strong>conuenit</strong></span> <span class='ocrx_word' id='word_1_75' title='bbox 282 1444 368 1482; x_wconf 90' lang='lat' dir='ltr'><strong>loco</strong></span> <span class='ocrx_word' id='word_1_76' title='bbox 391 1457 420 1492; x_wconf 79' lang='grc' dir='ltr'><strong>ι,</strong></span> <span class='ocrx_word' id='word_1_77' title='bbox 440 1457 478 1491; x_wconf 88' lang='lat'><strong>2,</strong></span> <span class='ocrx_word' id='word_1_78' title='bbox 510 1457 575 1496; x_wconf 79' lang='lat'><strong>25,</strong></span> <span class='ocrx_word' id='word_1_79' title='bbox 604 1456 644 1483; x_wconf 87' lang='lat' dir='ltr'><strong>et</strong></span> <span class='ocrx_word' id='word_1_80' title='bbox 662 1445 730 1483; x_wconf 90' lang='lat' dir='ltr'><strong>tol-</strong></span> 
     </span>
     <span class='ocr_line' id='line_1_18' title="bbox 73 1497 730 1554; baseline -0.003 -14"><span class='ocrx_word' id='word_1_81' title='bbox 73 1501 118 1540; x_wconf 86' lang='lat' dir='ltr'><strong>lit</strong></span> <span class='ocrx_word' id='word_1_82' title='bbox 145 1502 343 1554; x_wconf 86' lang='lat' dir='ltr'><strong>ingratum</strong></span> <span class='ocrx_word' id='word_1_83' title='bbox 372 1497 730 1548; x_wconf 83' lang='lat' dir='ltr'>homoeoteleuton,</span> 
     </span>
     <span class='ocr_line' id='line_1_19' title="bbox 64 1554 539 1611; baseline -0.002 -15"><span class='ocrx_word' id='word_1_84' title='bbox 64 1558 222 1611; x_wconf 82' lang='lat' dir='ltr'><strong>faciam,</strong></span> <span class='ocrx_word' id='word_1_85' title='bbox 238 1554 441 1609; x_wconf 64' lang='lat' dir='ltr'><strong>jhllaciam.</strong></span> <span class='ocrx_word' id='word_1_86' title='bbox 498 1559 539 1597; x_wconf 88' lang='lat' dir='ltr'><strong>B.</strong></span> 
     </span>
    </p>

    <p class='ocr_par' dir='ltr' id='par_1_13' title="bbox 68 1608 732 2101">
     <span class='ocr_line' id='line_1_20' title="bbox 131 1608 730 1662; baseline -0.002 -12"><span class='ocrx_word' id='word_1_87' title='bbox 131 1619 152 1662; x_wconf 78' lang='lat' dir='ltr'>g</span> <span class='ocrx_word' id='word_1_88' title='bbox 183 1615 237 1653; x_wconf 91' lang='lat' dir='ltr'><strong>Vt</strong></span> <span class='ocrx_word' id='word_1_89' title='bbox 255 1608 384 1650; x_wconf 85' lang='lat' dir='ltr'><strong>sensus</strong></span> <span class='ocrx_word' id='word_1_90' title='bbox 405 1610 562 1655; x_wconf 88' lang='lat' dir='ltr'>constet,</span> <span class='ocrx_word' id='word_1_91' title='bbox 587 1612 629 1650; x_wconf 85' lang='lat' dir='ltr'><strong>in</strong></span> <span class='ocrx_word' id='word_1_92' title='bbox 649 1624 730 1650; x_wconf 84' lang='lat' dir='ltr'><strong>ver-</strong></span> 
     </span>
     <span class='ocr_line' id='line_1_21' title="bbox 73 1665 730 1720; baseline -0.005 -12"><span class='ocrx_word' id='word_1_93' title='bbox 73 1668 124 1708; x_wconf 83' lang='lat' dir='ltr'><strong>bo</strong></span> <span class='ocrx_word' id='word_1_94' title='bbox 151 1670 290 1720; x_wconf 85' lang='lat' dir='ltr'><em>ceperit</em></span> <span class='ocrx_word' id='word_1_95' title='bbox 309 1666 364 1705; x_wconf 86' lang='lat' dir='ltr'><strong>est</strong></span> <span class='ocrx_word' id='word_1_96' title='bbox 387 1665 474 1706; x_wconf 84' lang='lat' dir='ltr'><strong>finis</strong></span> <span class='ocrx_word' id='word_1_97' title='bbox 493 1666 730 1706; x_wconf 83' lang='lat' dir='ltr'><strong>anteceden-</strong></span> 
     </span>
     <span class='ocr_line' id='line_1_22' title="bbox 72 1722 730 1776; baseline -0.006 -12"><span class='ocrx_word' id='word_1_98' title='bbox 72 1725 121 1764; x_wconf 80' lang='lat' dir='ltr'><strong>tis</strong></span> <span class='ocrx_word' id='word_1_99' title='bbox 141 1722 437 1776; x_wconf 82' lang='lat' dir='ltr'><strong>intelligendus.</strong></span> <span class='ocrx_word' id='word_1_100' title='bbox 492 1723 615 1776; x_wconf 81' lang='lat' dir='ltr'><strong>Igitur</strong></span> <span class='ocrx_word' id='word_1_101' title='bbox 628 1724 730 1775; x_wconf 84' lang='lat' dir='ltr'><strong>perii</strong></span> 
     </span>
     <span class='ocr_line' id='line_1_23' title="bbox 72 1777 732 1830; baseline -0.003 -11"><span class='ocrx_word' id='word_1_102' title='bbox 72 1779 189 1820; x_wconf 84' lang='lat' dir='ltr'><strong>habet</strong></span> <span class='ocrx_word' id='word_1_103' title='bbox 225 1780 303 1819; x_wconf 89' lang='lat' dir='ltr'><strong>vim</strong></span> <span class='ocrx_word' id='word_1_104' title='bbox 339 1777 646 1822; x_wconf 74' lang='lat' dir='ltr'><strong>interiefflonis;</strong></span> <span class='ocrx_word' id='word_1_105' title='bbox 693 1789 732 1830; x_wconf 74' lang='lat' dir='ltr'><strong>et</strong></span> 
     </span>
     <span class='ocr_line' id='line_1_24' title="bbox 72 1831 727 1890; baseline -0.005 -15"><span class='ocrx_word' id='word_1_106' title='bbox 72 1849 143 1890; x_wconf 84' lang='lat' dir='ltr'><strong>pro</strong></span> <span class='ocrx_word' id='word_1_107' title='bbox 164 1831 517 1886; x_wconf 76' lang='lat' dir='ltr'><strong>autfireponeaut</strong></span> <span class='ocrx_word' id='word_1_108' title='bbox 530 1847 647 1887; x_wconf 82' lang='lat' dir='ltr'><strong>quam.</strong></span> <span class='ocrx_word' id='word_1_109' title='bbox 674 1837 727 1876; x_wconf 28' lang='lat' dir='ltr'><strong>(B.</strong></span> 
     </span>
     <span class='ocr_line' id='line_1_25' title="bbox 68 1889 731 1945; baseline 0 -15"><span class='ocrx_word' id='word_1_110' title='bbox 68 1927 72 1930; x_wconf 85' lang='lat'>.</span> <span class='ocrx_word' id='word_1_111' title='bbox 127 1903 153 1944; x_wconf 92' lang='lat'><strong>9</strong></span> <span class='ocrx_word' id='word_1_112' title='bbox 225 1904 271 1928; x_wconf 92' lang='lat' dir='ltr'><strong>uo</strong></span> <span class='ocrx_word' id='word_1_113' title='bbox 291 1892 379 1938; x_wconf 85' lang='lat' dir='ltr'><strong>iure,</strong></span> <span class='ocrx_word' id='word_1_114' title='bbox 412 1902 556 1944; x_wconf 78' lang='lat' dir='ltr'><strong>quaque</strong></span> <span class='ocrx_word' id='word_1_115' title='bbox 571 1889 731 1945; x_wconf 62' lang='lat' dir='ltr'><strong>iniuria]</strong></span> 
     </span>
     <span class='ocr_line' id='line_1_26' title="bbox 74 1944 732 1998; baseline -0.005 -9"><span class='ocrx_word' id='word_1_116' title='bbox 74 1950 219 1989; x_wconf 79' lang='lat' dir='ltr'><strong>Prouer</strong></span> <span class='ocrx_word' id='word_1_117' title='bbox 247 1947 321 1986; x_wconf 88' lang='lat' dir='ltr'><strong>iale</strong></span> <span class='ocrx_word' id='word_1_118' title='bbox 362 1944 437 1986; x_wconf 86' lang='lat' dir='ltr'><strong>hoc</strong></span> <span class='ocrx_word' id='word_1_119' title='bbox 476 1944 557 1986; x_wconf 88' lang='lat' dir='ltr'><strong>est:</strong></span> <span class='ocrx_word' id='word_1_120' title='bbox 606 1947 732 1998; x_wconf 79' lang='lat' dir='ltr'><strong>qualia</strong></span> 
     </span>
     <span class='ocr_line' id='line_1_27' title="bbox 75 2000 732 2056; baseline 0.002 -15"><span class='ocrx_word' id='word_1_121' title='bbox 75 2000 181 2054; x_wconf 76' lang='lat' dir='ltr'><strong>sunt,</strong></span> <span class='ocrx_word' id='word_1_122' title='bbox 210 2003 281 2056; x_wconf 79' lang='lat' dir='ltr'><strong>fas</strong></span> <span class='ocrx_word' id='word_1_123' title='bbox 313 2015 349 2041; x_wconf 83' lang='lat' dir='ltr'><strong>et</strong></span> <span class='ocrx_word' id='word_1_124' title='bbox 388 2003 510 2055; x_wconf 66' lang='lat' dir='ltr'><strong>nefins,</strong></span> <span class='ocrx_word' id='word_1_125' title='bbox 547 2002 644 2044; x_wconf 75' lang='lat' dir='ltr'><strong>nolis</strong></span> <span class='ocrx_word' id='word_1_126' title='bbox 671 2002 732 2042; x_wconf 68' lang='lat' dir='ltr'><strong>ve‘·</strong></span> 
     </span>
     <span class='ocr_line' id='line_1_28' title="bbox 74 2059 242 2101; baseline -0.012 -1"><span class='ocrx_word' id='word_1_127' title='bbox 74 2059 133 2101; x_wconf 70' lang='lat' dir='ltr'><strong>Hs.</strong></span> <span class='ocrx_word' id='word_1_128' title='bbox 191 2059 242 2098; x_wconf 89' lang='lat' dir='ltr'><strong>D.</strong></span> 
     </span>
    </p>

    <p class='ocr_par' dir='ltr' id='par_1_14' title="bbox 73 2113 735 2447">
     <span class='ocr_line' id='line_1_29' title="bbox 73 2113 731 2156; baseline 0.003 -2"><span class='ocrx_word' id='word_1_129' title='bbox 73 2128 85 2154; x_wconf 63' lang='grc' dir='ltr'><strong><em>ς</em></strong></span> <span class='ocrx_word' id='word_1_130' title='bbox 129 2113 203 2155; x_wconf 76' lang='lat' dir='ltr'><strong>Etsi</strong></span> <span class='ocrx_word' id='word_1_131' title='bbox 236 2126 376 2155; x_wconf 85' lang='lat' dir='ltr'><strong>omnes</strong></span> <span class='ocrx_word' id='word_1_132' title='bbox 413 2113 524 2154; x_wconf 86' lang='lat' dir='ltr'>codd.</span> <span class='ocrx_word' id='word_1_133' title='bbox 565 2126 606 2154; x_wconf 85' lang='lat' dir='ltr'><strong>et</strong></span> <span class='ocrx_word' id='word_1_134' title='bbox 641 2115 731 2156; x_wconf 86' lang='lat' dir='ltr'><strong>libri</strong></span> 
     </span>
     <span class='ocr_line' id='line_1_30' title="bbox 75 2169 734 2227; baseline 0.002 -16"><span class='ocrx_word' id='word_1_135' title='bbox 75 2169 318 2211; x_wconf 81' lang='lat' dir='ltr'><strong>consentiunt</strong></span> <span class='ocrx_word' id='word_1_136' title='bbox 348 2171 390 2209; x_wconf 89' lang='lat' dir='ltr'><strong>in</strong></span> <span class='ocrx_word' id='word_1_137' title='bbox 415 2171 584 2210; x_wconf 74' lang='lat' dir='ltr'><strong>lefflone</strong></span> <span class='ocrx_word' id='word_1_138' title='bbox 606 2173 734 2227; x_wconf 77' lang='lat' dir='ltr'><strong>vulga-</strong></span> 
     </span>
     <span class='ocr_line' id='line_1_31' title="bbox 77 2224 734 2279; baseline 0.002 -12"><span class='ocrx_word' id='word_1_139' title='bbox 77 2228 129 2267; x_wconf 76' lang='lat' dir='ltr'><strong>ri:</strong></span> <span class='ocrx_word' id='word_1_140' title='bbox 158 2224 286 2267; x_wconf 84' lang='lat' dir='ltr'><strong>sensus</strong></span> <span class='ocrx_word' id='word_1_141' title='bbox 312 2237 442 2266; x_wconf 85' lang='lat' dir='ltr'><strong>tamen</strong></span> <span class='ocrx_word' id='word_1_142' title='bbox 473 2227 655 2279; x_wconf 83' lang='lat' dir='ltr'><strong>postulat,</strong></span> <span class='ocrx_word' id='word_1_143' title='bbox 694 2239 734 2268; x_wconf 78' lang='lat' dir='ltr'><strong>vt</strong></span> 
     </span>
     <span class='ocr_line' id='line_1_32' title="bbox 78 2282 733 2338; baseline 0.003 -16"><span class='ocrx_word' id='word_1_144' title='bbox 78 2282 310 2337; x_wconf 21' lang='lat' dir='ltr'><strong>Qonutes</strong></span> <span class='ocrx_word' id='word_1_145' title='bbox 337 2284 379 2322; x_wconf 87' lang='lat' dir='ltr'><strong>in</strong></span> <span class='ocrx_word' id='word_1_146' title='bbox 401 2283 511 2336; x_wconf 67' lang='lat' dir='ltr'><strong>Qua,</strong></span> <span class='ocrx_word' id='word_1_147' title='bbox 536 2295 575 2324; x_wconf 89' lang='lat' dir='ltr'><strong>et</strong></span> <span class='ocrx_word' id='word_1_148' title='bbox 593 2298 733 2338; x_wconf 82' lang='lat' dir='ltr'><strong>quaque</strong></span> 
     </span>
     <span class='ocr_line' id='line_1_33' title="bbox 79 2339 735 2393; baseline 0.003 -14"><span class='ocrx_word' id='word_1_149' title='bbox 79 2340 122 2379; x_wconf 87' lang='lat' dir='ltr'><strong>in</strong></span> <span class='ocrx_word' id='word_1_150' title='bbox 149 2351 218 2393; x_wconf 80' lang='lat' dir='ltr'><strong>qua</strong></span> <span class='ocrx_word' id='word_1_151' title='bbox 243 2352 320 2390; x_wconf 79' lang='lat' dir='ltr'><strong>me,</strong></span> <span class='ocrx_word' id='word_1_152' title='bbox 351 2351 389 2379; x_wconf 85' lang='lat' dir='ltr'><strong>et</strong></span> <span class='ocrx_word' id='word_1_153' title='bbox 417 2339 546 2380; x_wconf 84' lang='lat' dir='ltr'><strong>deleas</strong></span> <span class='ocrx_word' id='word_1_154' title='bbox 574 2355 631 2381; x_wconf 83' lang='lat' dir='ltr'><strong>me</strong></span> <span class='ocrx_word' id='word_1_155' title='bbox 652 2340 735 2393; x_wconf 85' lang='lat' dir='ltr'><strong>post</strong></span> 
     </span>
     <span class='ocr_line' id='line_1_34' title="bbox 82 2394 442 2447; baseline 0.003 -13"><span class='ocrx_word' id='word_1_156' title='bbox 82 2394 359 2447; x_wconf 58' lang='lat' dir='ltr'><strong>praecipitem:</strong></span> <span class='ocrx_word' id='word_1_157' title='bbox 402 2398 442 2437; x_wconf 89' lang='lat' dir='ltr'><strong>B.</strong></span> 
     </span>
    </p>

    <p class='ocr_par' dir='ltr' id='par_1_15' title="bbox 82 2449 737 2617">
     <span class='ocr_line' id='line_1_35' title="bbox 140 2449 735 2504; baseline -0.003 -11.172"><span class='ocrx_word' id='word_1_158' title='bbox 140 2463 190 2493; x_wconf 85' lang='lat'><strong>10</strong></span> <span class='ocrx_word' id='word_1_159' title='bbox 216 2451 280 2490; x_wconf 83' lang='lat' dir='ltr'><strong>Ad</strong></span> <span class='ocrx_word' id='word_1_160' title='bbox 300 2451 403 2503; x_wconf 80' lang='lat' dir='ltr'><em>haec]</em></span> <span class='ocrx_word' id='word_1_161' title='bbox 430 2453 476 2492; x_wconf 89' lang='lat' dir='ltr'><strong>In</strong></span> <span class='ocrx_word' id='word_1_162' title='bbox 503 2449 581 2504; x_wconf 74' lang='lat' dir='ltr'><strong>ipsa</strong></span> <span class='ocrx_word' id='word_1_163' title='bbox 600 2465 643 2492; x_wconf 88' lang='lat' dir='ltr'><strong>re</strong></span> <span class='ocrx_word' id='word_1_164' title='bbox 661 2466 735 2491; x_wconf 85' lang='lat' dir='ltr'><strong>ma-</strong></span> 
     </span>
     <span class='ocr_line' id='line_1_36' title="bbox 84 2505 737 2563; baseline 0.003 -17"><span class='ocrx_word' id='word_1_165' title='bbox 84 2507 141 2546; x_wconf 83' lang='lat' dir='ltr'><strong>ior</strong></span> <span class='ocrx_word' id='word_1_166' title='bbox 162 2505 214 2545; x_wconf 88' lang='lat' dir='ltr'><strong>est</strong></span> <span class='ocrx_word' id='word_1_167' title='bbox 233 2505 446 2558; x_wconf 86' lang='lat' dir='ltr'><strong>difficultas,</strong></span> <span class='ocrx_word' id='word_1_168' title='bbox 465 2510 556 2560; x_wconf 89' lang='lat' dir='ltr'><strong>quia</strong></span> <span class='ocrx_word' id='word_1_169' title='bbox 576 2508 737 2563; x_wconf 82' lang='lat' dir='ltr'><strong>grauida</strong></span> 
     </span>
     <span class='ocr_line' id='line_1_37' title="bbox 82 2561 488 2617; baseline 0.005 -15"><span class='ocrx_word' id='word_1_170' title='bbox 82 2561 136 2602; x_wconf 68' lang='lat' dir='ltr'><strong>1³·st</strong></span> <span class='ocrx_word' id='word_1_171' title='bbox 152 2563 383 2617; x_wconf 82' lang='lat' dir='ltr'><strong>Glycerium.</strong></span> <span class='ocrx_word' id='word_1_172' title='bbox 441 2567 488 2604; x_wconf 85' lang='grc' dir='ltr'><strong>Ι).</strong></span> 
     </span>
    </p>

    <p class='ocr_par' dir='ltr' id='par_1_16' title="bbox 84 2618 735 2676">
     <span class='ocr_line' id='line_1_38' title="bbox 84 2618 735 2676; baseline -0.002 -14"><span class='ocrx_word' id='word_1_173' title='bbox 84 2629 97 2655; x_wconf 72' lang='grc' dir='ltr'><strong>τ’</strong></span> <span class='ocrx_word' id='word_1_174' title='bbox 141 2629 187 2662; x_wconf 83' lang='lat'><strong>11</strong></span> <span class='ocrx_word' id='word_1_175' title='bbox 222 2618 310 2660; x_wconf 78' lang='lat' dir='ltr'><strong>Siue</strong></span> <span class='ocrx_word' id='word_1_176' title='bbox 335 2619 401 2673; x_wconf 75' lang='lat' dir='ltr'><strong>tsta</strong></span> <span class='ocrx_word' id='word_1_177' title='bbox 429 2619 548 2676; x_wconf 75' lang='lat' dir='ltr'><strong>vxor]</strong></span> <span class='ocrx_word' id='word_1_178' title='bbox 595 2619 735 2674; x_wconf 52' lang='lat' dir='ltr'><strong>Et&#39;hoc</strong></span> 
     </span>
    </p>
   </div>
   <div class='ocr_carea' id='block_1_13' title="bbox 1297 1084 1433 1137">
    <p class='ocr_par' dir='ltr' id='par_1_17' title="bbox 1297 1084 1433 1137">
     <span class='ocr_line' id='line_1_39' title="bbox 1297 1084 1433 1137; baseline -0.007 -7"><span class='ocrx_word' id='word_1_179' title='bbox 1297 1084 1433 1137; x_wconf 86' lang='lat' dir='ltr'><strong>Quic-</strong></span> 
     </span>
    </p>
   </div>
   <div class='ocr_carea' id='block_1_14' title="bbox 775 1219 1450 2722">
    <p class='ocr_par' dir='ltr' id='par_1_18' title="bbox 775 1219 1437 1384">
     <span class='ocr_line' id='line_1_40' title="bbox 776 1219 1434 1273; baseline 0.006 -13"><span class='ocrx_word' id='word_1_180' title='bbox 776 1232 863 1260; x_wconf 83' lang='lat' dir='ltr'><strong>cum</strong></span> <span class='ocrx_word' id='word_1_181' title='bbox 896 1219 1064 1273; x_wconf 87' lang='lat' dir='ltr'><strong>quodam</strong></span> <span class='ocrx_word' id='word_1_182' title='bbox 1105 1220 1236 1263; x_wconf 78' lang='lat' dir='ltr'><strong>taedio</strong></span> <span class='ocrx_word' id='word_1_183' title='bbox 1267 1234 1306 1264; x_wconf 88' lang='lat' dir='ltr'><strong>et</strong></span> <span class='ocrx_word' id='word_1_184' title='bbox 1331 1225 1434 1264; x_wconf 86' lang='lat' dir='ltr'><strong>indi·</strong></span> 
     </span>
     <span class='ocr_line' id='line_1_41' title="bbox 775 1277 1437 1330; baseline 0.011 -15"><span class='ocrx_word' id='word_1_185' title='bbox 775 1277 965 1330; x_wconf 84' lang='lat' dir='ltr'><strong>gnatione</strong></span> <span class='ocrx_word' id='word_1_186' title='bbox 1009 1278 1190 1318; x_wconf 78' lang='lat' dir='ltr'><strong>stomachi</strong></span> <span class='ocrx_word' id='word_1_187' title='bbox 1233 1281 1437 1322; x_wconf 82' lang='lat' dir='ltr'><strong>interrum-</strong></span> 
     </span>
     <span class='ocr_line' id='line_1_42' title="bbox 775 1334 949 1384; baseline 0.017 -12"><span class='ocrx_word' id='word_1_188' title='bbox 775 1334 845 1384; x_wconf 84' lang='lat' dir='ltr'><strong>pit.</strong></span> <span class='ocrx_word' id='word_1_189' title='bbox 898 1338 949 1375; x_wconf 86' lang='lat' dir='ltr'><strong>D.</strong></span> 
     </span>
    </p>

    <p class='ocr_par' dir='ltr' id='par_1_19' title="bbox 778 1387 1437 1557">
     <span class='ocr_line' id='line_1_43' title="bbox 827 1387 1436 1442; baseline 0.007 -13"><span class='ocrx_word' id='word_1_190' title='bbox 827 1391 888 1429; x_wconf 87' lang='lat' dir='ltr'><strong>Ne</strong></span> <span class='ocrx_word' id='word_1_191' title='bbox 921 1387 1064 1442; x_wconf 82' lang='lat' dir='ltr'>syllaba</span> <span class='ocrx_word' id='word_1_192' title='bbox 1096 1390 1139 1428; x_wconf 90' lang='lat' dir='ltr'><strong>in</strong></span> <span class='ocrx_word' id='word_1_193' title='bbox 1176 1390 1281 1432; x_wconf 85' lang='lat' dir='ltr'><strong>versu</strong></span> <span class='ocrx_word' id='word_1_194' title='bbox 1317 1392 1436 1433; x_wconf 80' lang='lat' dir='ltr'><strong>abun·</strong></span> 
     </span>
     <span class='ocr_line' id='line_1_44' title="bbox 778 1443 1437 1501; baseline 0.011 -19"><span class='ocrx_word' id='word_1_195' title='bbox 778 1443 854 1491; x_wconf 87' lang='lat' dir='ltr'><strong>det,</strong></span> <span class='ocrx_word' id='word_1_196' title='bbox 878 1457 945 1494; x_wconf 87' lang='lat' dir='ltr'><strong>pro</strong></span> <span class='ocrx_word' id='word_1_197' title='bbox 962 1445 1085 1495; x_wconf 86' lang='lat' dir='ltr'><strong>primo</strong></span> <span class='ocrx_word' id='word_1_198' title='bbox 1099 1445 1181 1485; x_wconf 79' lang='lat' dir='ltr'><strong>Siue</strong></span> <span class='ocrx_word' id='word_1_199' title='bbox 1197 1448 1290 1501; x_wconf 86' lang='lat' dir='ltr'><strong>lege</strong></span> <span class='ocrx_word' id='word_1_200' title='bbox 1309 1450 1373 1497; x_wconf 79' lang='lat' dir='ltr'><strong>Si3</strong></span> <span class='ocrx_word' id='word_1_201' title='bbox 1398 1460 1437 1489; x_wconf 85' lang='lat' dir='ltr'><strong>vt</strong></span> 
     </span>
     <span class='ocr_line' id='line_1_45' title="bbox 778 1500 1436 1557; baseline 0.012 -19"><span class='ocrx_word' id='word_1_202' title='bbox 778 1501 880 1552; x_wconf 84' lang='lat' dir='ltr'><strong>apud</strong></span> <span class='ocrx_word' id='word_1_203' title='bbox 896 1500 1080 1550; x_wconf 81' lang='lat' dir='ltr'><strong>Plautum,</strong></span> <span class='ocrx_word' id='word_1_204' title='bbox 1091 1503 1202 1542; x_wconf 79' lang='lat' dir='ltr'><strong>Cui-c.</strong></span> <span class='ocrx_word' id='word_1_205' title='bbox 1223 1517 1250 1549; x_wconf 89' lang='lat'><strong>1,</strong></span> <span class='ocrx_word' id='word_1_206' title='bbox 1273 1516 1306 1553; x_wconf 92' lang='lat'><strong>1,</strong></span> <span class='ocrx_word' id='word_1_207' title='bbox 1325 1519 1363 1557; x_wconf 86' lang='lat'><strong>4.</strong></span> <span class='ocrx_word' id='word_1_208' title='bbox 1394 1509 1436 1546; x_wconf 87' lang='lat' dir='ltr'><strong>B.</strong></span> 
     </span>
    </p>

    <p class='ocr_par' dir='ltr' id='par_1_20' title="bbox 777 1557 1442 2111">
     <span class='ocr_line' id='line_1_46' title="bbox 837 1557 1441 1611; baseline 0.008 -18"><span class='ocrx_word' id='word_1_209' title='bbox 837 1568 887 1599; x_wconf 87' lang='lat'><strong>12</strong></span> <span class='ocrx_word' id='word_1_210' title='bbox 929 1557 1070 1608; x_wconf 85' lang='lat' dir='ltr'><em>Operae</em></span> <span class='ocrx_word' id='word_1_211' title='bbox 1113 1563 1277 1611; x_wconf 84' lang='lat' dir='ltr'><strong>pretium</strong></span> <span class='ocrx_word' id='word_1_212' title='bbox 1324 1561 1441 1601; x_wconf 79' lang='lat' dir='ltr'><strong>auda-</strong></span> 
     </span>
     <span class='ocr_line' id='line_1_47' title="bbox 779 1612 1439 1666; baseline 0.012 -16"><span class='ocrx_word' id='word_1_213' title='bbox 779 1612 890 1666; x_wconf 82' lang='lat' dir='ltr'><strong>ciam]</strong></span> <span class='ocrx_word' id='word_1_214' title='bbox 937 1612 1089 1651; x_wconf 87' lang='lat' dir='ltr'><strong>Dicitur</strong></span> <span class='ocrx_word' id='word_1_215' title='bbox 1119 1614 1171 1653; x_wconf 86' lang='lat' dir='ltr'><strong>de</strong></span> <span class='ocrx_word' id='word_1_216' title='bbox 1199 1615 1370 1656; x_wconf 84' lang='lat' dir='ltr'><strong>mirificis</strong></span> <span class='ocrx_word' id='word_1_217' title='bbox 1399 1627 1439 1658; x_wconf 88' lang='lat' dir='ltr'><strong>et</strong></span> 
     </span>
     <span class='ocr_line' id='line_1_48' title="bbox 777 1666 1440 1725; baseline 0.009 -18"><span class='ocrx_word' id='word_1_218' title='bbox 777 1666 1043 1708; x_wconf 82' lang='lat' dir='ltr'><strong>laudabilibus,</strong></span> <span class='ocrx_word' id='word_1_219' title='bbox 1098 1672 1200 1710; x_wconf 87' lang='lat' dir='ltr'><strong>Nam</strong></span> <span class='ocrx_word' id='word_1_220' title='bbox 1220 1682 1260 1709; x_wconf 88' lang='lat' dir='ltr'><strong>et</strong></span> <span class='ocrx_word' id='word_1_221' title='bbox 1280 1685 1325 1711; x_wconf 88' lang='lat' dir='ltr'><strong>ea</strong></span> <span class='ocrx_word' id='word_1_222' title='bbox 1339 1686 1440 1725; x_wconf 81' lang='lat' dir='ltr'><strong>quae</strong></span> 
     </span>
     <span class='ocr_line' id='line_1_49' title="bbox 779 1719 1439 1777; baseline 0.009 -15"><span class='ocrx_word' id='word_1_223' title='bbox 779 1736 922 1777; x_wconf 84' lang='lat' dir='ltr'><strong>magna</strong></span> <span class='ocrx_word' id='word_1_224' title='bbox 945 1719 1040 1772; x_wconf 85' lang='lat' dir='ltr'><strong>sunt,</strong></span> <span class='ocrx_word' id='word_1_225' title='bbox 1068 1725 1183 1764; x_wconf 83' lang='lat' dir='ltr'><strong>etiam</strong></span> <span class='ocrx_word' id='word_1_226' title='bbox 1198 1725 1224 1765; x_wconf 81' lang='lat' dir='ltr'>fi</span> <span class='ocrx_word' id='word_1_227' title='bbox 1244 1729 1356 1777; x_wconf 78' lang='lat' dir='ltr'><strong>mala,</strong></span> <span class='ocrx_word' id='word_1_228' title='bbox 1386 1740 1439 1768; x_wconf 88' lang='lat' dir='ltr'><strong>ta-</strong></span> 
     </span>
     <span class='ocr_line' id='line_1_50' title="bbox 779 1779 1440 1832; baseline 0.011 -14"><span class='ocrx_word' id='word_1_229' title='bbox 779 1792 873 1818; x_wconf 89' lang='lat' dir='ltr'><strong>men</strong></span> <span class='ocrx_word' id='word_1_230' title='bbox 910 1779 1112 1819; x_wconf 83' lang='lat' dir='ltr'><strong>miramur:</strong></span> <span class='ocrx_word' id='word_1_231' title='bbox 1155 1782 1242 1832; x_wconf 77' lang='lat' dir='ltr'><strong>quia</strong></span> <span class='ocrx_word' id='word_1_232' title='bbox 1268 1783 1440 1825; x_wconf 81' lang='lat' dir='ltr'><strong>libenter</strong></span> 
     </span>
     <span class='ocr_line' id='line_1_51' title="bbox 782 1834 1441 1889; baseline 0.009 -15"><span class='ocrx_word' id='word_1_233' title='bbox 782 1834 990 1874; x_wconf 80' lang='lat' dir='ltr'><strong>audiamus.</strong></span> <span class='ocrx_word' id='word_1_234' title='bbox 1019 1846 1059 1874; x_wconf 89' lang='lat' dir='ltr'><strong>et</strong></span> <span class='ocrx_word' id='word_1_235' title='bbox 1086 1835 1160 1875; x_wconf 90' lang='lat' dir='ltr'><strong>hoc</strong></span> <span class='ocrx_word' id='word_1_236' title='bbox 1186 1840 1356 1889; x_wconf 78' lang='lat' dir='ltr'><strong>pretium</strong></span> <span class='ocrx_word' id='word_1_237' title='bbox 1385 1840 1441 1880; x_wconf 89' lang='lat' dir='ltr'><strong>est</strong></span> 
     </span>
     <span class='ocr_line' id='line_1_52' title="bbox 782 1891 1440 1942; baseline 0.015 -14"><span class='ocrx_word' id='word_1_238' title='bbox 782 1903 940 1942; x_wconf 84' lang='lat' dir='ltr'><strong>operae,</strong></span> <span class='ocrx_word' id='word_1_239' title='bbox 979 1891 1019 1930; x_wconf 85' lang='lat' dir='ltr'><strong>id</strong></span> <span class='ocrx_word' id='word_1_240' title='bbox 1044 1891 1108 1941; x_wconf 84' lang='lat' dir='ltr'><strong>est,</strong></span> <span class='ocrx_word' id='word_1_241' title='bbox 1129 1894 1329 1935; x_wconf 75' lang='lat' dir='ltr'><strong>audiendi.</strong></span> <span class='ocrx_word' id='word_1_242' title='bbox 1388 1900 1440 1940; x_wconf 69' lang='lat' dir='ltr'><strong>Et</strong></span> 
     </span>
     <span class='ocr_line' id='line_1_53' title="bbox 780 1947 1442 2001; baseline 0.011 -15"><span class='ocrx_word' id='word_1_243' title='bbox 780 1947 996 2001; x_wconf 84' lang='lat' dir='ltr'><strong>audaciam]</strong></span> <span class='ocrx_word' id='word_1_244' title='bbox 1044 1950 1201 2001; x_wconf 86' lang='lat' dir='ltr'><strong>proprie</strong></span> <span class='ocrx_word' id='word_1_245' title='bbox 1238 1951 1355 1992; x_wconf 80' lang='lat' dir='ltr'><strong>dixit:</strong></span> <span class='ocrx_word' id='word_1_246' title='bbox 1400 1963 1442 1992; x_wconf 82' lang='lat' dir='ltr'><strong>vt</strong></span> 
     </span>
     <span class='ocr_line' id='line_1_54' title="bbox 781 2002 1441 2051; baseline 0.011 -9"><span class='ocrx_word' id='word_1_247' title='bbox 781 2005 823 2043; x_wconf 91' lang='lat' dir='ltr'><strong>in</strong></span> <span class='ocrx_word' id='word_1_248' title='bbox 849 2002 1059 2051; x_wconf 84' lang='lat' dir='ltr'><strong>Eunucho,</strong></span> <span class='ocrx_word' id='word_1_249' title='bbox 1095 2006 1298 2048; x_wconf 83' lang='lat' dir='ltr'><strong>Audaciam</strong></span> <span class='ocrx_word' id='word_1_250' title='bbox 1325 2022 1441 2049; x_wconf 81' lang='lat' dir='ltr'><strong>mere·</strong></span> 
     </span>
     <span class='ocr_line' id='line_1_55' title="bbox 780 2059 1280 2111; baseline -0.004 -11"><span class='ocrx_word' id='word_1_251' title='bbox 780 2065 915 2100; x_wconf 79' lang='lat' dir='ltr'><strong>tricum</strong></span> <span class='ocrx_word' id='word_1_252' title='bbox 933 2059 1071 2111; x_wconf 68' lang='lat' dir='ltr'><strong>spec‘ta.</strong></span> <span class='ocrx_word' id='word_1_253' title='bbox 1127 2065 1176 2103; x_wconf 86' lang='lat' dir='ltr'><strong>D.</strong></span> <span class='ocrx_word' id='word_1_254' title='bbox 1278 2095 1280 2098; x_wconf 89' lang='lat'>.</span> 
     </span>
    </p>

    <p class='ocr_par' dir='ltr' id='par_1_21' title="bbox 781 2117 1445 2669">
     <span class='ocr_line' id='line_1_56' title="bbox 841 2117 1442 2172; baseline 0.01 -16"><span class='ocrx_word' id='word_1_255' title='bbox 841 2124 888 2169; x_wconf 87' lang='lat'><strong>13</strong></span> <span class='ocrx_word' id='word_1_256' title='bbox 928 2117 1025 2156; x_wconf 83' lang='lat' dir='ltr'><strong>Nam</strong></span> <span class='ocrx_word' id='word_1_257' title='bbox 1053 2119 1212 2171; x_wconf 78' lang='lat' dir='ltr'><strong>inceptio</strong></span> <span class='ocrx_word' id='word_1_258' title='bbox 1250 2118 1297 2172; x_wconf 81' lang='lat' dir='ltr'><strong>est</strong></span> <span class='ocrx_word' id='word_1_259' title='bbox 1320 2134 1442 2162; x_wconf 80' lang='lat' dir='ltr'><strong>amm·</strong></span> 
     </span>
     <span class='ocr_line' id='line_1_57' title="bbox 781 2171 1441 2224; baseline 0.008 -12"><span class='ocrx_word' id='word_1_260' title='bbox 781 2172 898 2221; x_wconf 78' lang='lat' dir='ltr'><strong>tium,</strong></span> <span class='ocrx_word' id='word_1_261' title='bbox 929 2171 1022 2212; x_wconf 70' lang='lat' dir='ltr'><strong>hau:</strong></span> <span class='ocrx_word' id='word_1_262' title='bbox 1046 2178 1275 2224; x_wconf 85' lang='lat' dir='ltr'><strong>amantium]</strong></span> <span class='ocrx_word' id='word_1_263' title='bbox 1324 2181 1441 2218; x_wconf 76' lang='lat' dir='ltr'><strong>Ama-</strong></span> 
     </span>
     <span class='ocr_line' id='line_1_58' title="bbox 782 2228 1441 2283; baseline 0.011 -16"><span class='ocrx_word' id='word_1_264' title='bbox 782 2228 879 2268; x_wconf 90' lang='lat' dir='ltr'><strong>bant</strong></span> <span class='ocrx_word' id='word_1_265' title='bbox 906 2239 1054 2269; x_wconf 86' lang='lat' dir='ltr'><strong>veteres</strong></span> <span class='ocrx_word' id='word_1_266' title='bbox 1078 2229 1129 2269; x_wconf 87' lang='lat' dir='ltr'><strong>de</strong></span> <span class='ocrx_word' id='word_1_267' title='bbox 1146 2232 1324 2283; x_wconf 81' lang='lat' dir='ltr'><strong>proximo</strong></span> <span class='ocrx_word' id='word_1_268' title='bbox 1344 2233 1441 2282; x_wconf 82' lang='lat' dir='ltr'><strong>fimi·</strong></span> 
     </span>
     <span class='ocr_line' id='line_1_59' title="bbox 782 2283 1440 2341; baseline 0.011 -18"><span class='ocrx_word' id='word_1_269' title='bbox 782 2285 834 2323; x_wconf 86' lang='lat' dir='ltr'><strong>lia</strong></span> <span class='ocrx_word' id='word_1_270' title='bbox 863 2283 1013 2326; x_wconf 86' lang='lat' dir='ltr'><strong>dicere:</strong></span> <span class='ocrx_word' id='word_1_271' title='bbox 1046 2297 1085 2324; x_wconf 80' lang='lat' dir='ltr'><strong>vt</strong></span> <span class='ocrx_word' id='word_1_272' title='bbox 1106 2288 1268 2337; x_wconf 87' lang='lat' dir='ltr'><strong>Cicero,</strong></span> <span class='ocrx_word' id='word_1_273' title='bbox 1308 2291 1440 2341; x_wconf 77' lang='lat' dir='ltr'><strong>(Verr.</strong></span> 
     </span>
     <span class='ocr_line' id='line_1_60' title="bbox 784 2339 1444 2399; baseline 0.005 -18"><span class='ocrx_word' id='word_1_274' title='bbox 784 2354 829 2381; x_wconf 77' lang='lat' dir='ltr'><strong>vx</strong></span> <span class='ocrx_word' id='word_1_275' title='bbox 845 2339 970 2394; x_wconf 43' lang='lat'><em>(27.)</em></span> <span class='ocrx_word' id='word_1_276' title='bbox 1019 2342 1152 2381; x_wconf 85' lang='lat' dir='ltr'><strong>Minus</strong></span> <span class='ocrx_word' id='word_1_277' title='bbox 1179 2357 1306 2397; x_wconf 64' lang='lat' dir='ltr'><strong>carum</strong></span> <span class='ocrx_word' id='word_1_278' title='bbox 1330 2358 1444 2399; x_wconf 82' lang='lat' dir='ltr'><strong>puta-</strong></span> 
     </span>
     <span class='ocr_line' id='line_1_61' title="bbox 784 2396 1444 2455; baseline 0.011 -20"><span class='ocrx_word' id='word_1_279' title='bbox 784 2397 944 2447; x_wconf 82' lang='lat' dir='ltr'><strong>uitfore</strong></span> <span class='ocrx_word' id='word_1_280' title='bbox 965 2396 1007 2436; x_wconf 87' lang='lat' dir='ltr'><strong>de</strong></span> <span class='ocrx_word' id='word_1_281' title='bbox 1026 2401 1198 2450; x_wconf 64' lang='lat' dir='ltr'><strong>armario,</strong></span> <span class='ocrx_word' id='word_1_282' title='bbox 1219 2413 1327 2453; x_wconf 85' lang='lat' dir='ltr'><strong>quam</strong></span> <span class='ocrx_word' id='word_1_283' title='bbox 1340 2402 1444 2455; x_wconf 67' lang='lat' dir='ltr'><strong>quod</strong></span> 
     </span>
     <span class='ocr_line' id='line_1_62' title="bbox 785 2451 1445 2506; baseline 0.008 -14"><span class='ocrx_word' id='word_1_284' title='bbox 785 2453 827 2492; x_wconf 77' lang='lat' dir='ltr'><strong>de</strong></span> <span class='ocrx_word' id='word_1_285' title='bbox 840 2451 1012 2506; x_wconf 66' lang='lat' dir='ltr'><strong>ficrario</strong></span> <span class='ocrx_word' id='word_1_286' title='bbox 1023 2452 1160 2506; x_wconf 65' lang='lat' dir='ltr'><strong>fuxffet</strong></span> <span class='ocrx_word' id='word_1_287' title='bbox 1181 2456 1357 2498; x_wconf 72' lang='lat' dir='ltr'><strong>ablazum.</strong></span> <span class='ocrx_word' id='word_1_288' title='bbox 1394 2454 1445 2499; x_wconf 60' lang='grc' dir='ltr'><strong>Εἰ</strong></span> 
     </span>
     <span class='ocr_line' id='line_1_63' title="bbox 786 2508 1444 2563; baseline 0.009 -16"><span class='ocrx_word' id='word_1_289' title='bbox 786 2509 946 2561; x_wconf 89' lang='lat' dir='ltr'><strong>quidem</strong></span> <span class='ocrx_word' id='word_1_290' title='bbox 970 2508 997 2548; x_wconf 85' lang='lat' dir='ltr'><strong>fi</strong></span> <span class='ocrx_word' id='word_1_291' title='bbox 1031 2512 1073 2550; x_wconf 89' lang='lat' dir='ltr'><strong>in</strong></span> <span class='ocrx_word' id='word_1_292' title='bbox 1095 2511 1352 2563; x_wconf 68' lang='lat' dir='ltr'><strong>vei-bissum,</strong></span> <span class='ocrx_word' id='word_1_293' title='bbox 1382 2531 1444 2553; x_wconf 68' lang='lat' dir='ltr'><strong>xa-</strong></span> 
     </span>
     <span class='ocr_line' id='line_1_64' title="bbox 785 2564 1445 2620; baseline 0.012 -19"><span class='ocrx_word' id='word_1_294' title='bbox 785 2564 914 2614; x_wconf 69' lang='grc' dir='ltr'><em>ρόμοιον</em></span> <span class='ocrx_word' id='word_1_295' title='bbox 943 2565 1101 2607; x_wconf 86' lang='lat' dir='ltr'><strong>dicitur:</strong></span> <span class='ocrx_word' id='word_1_296' title='bbox 1134 2568 1175 2608; x_wconf 87' lang='lat' dir='ltr'><strong>iu</strong></span> <span class='ocrx_word' id='word_1_297' title='bbox 1205 2569 1445 2620; x_wconf 81' lang='lat' dir='ltr'><strong>nominibus,</strong></span> 
     </span>
     <span class='ocr_line' id='line_1_65' title="bbox 784 2625 1168 2669; baseline 0.013 -9"><span class='ocrx_word' id='word_1_298' title='bbox 784 2629 1021 2669; x_wconf 65' lang='grc' dir='ltr'><strong>παρονομασία.</strong></span> <span class='ocrx_word' id='word_1_299' title='bbox 1086 2625 1134 2664; x_wconf 88' lang='lat' dir='ltr'><strong>D.</strong></span> <span class='ocrx_word' id='word_1_300' title='bbox 1165 2633 1168 2636; x_wconf 88' lang='lat'>&#39;</span> 
     </span>
    </p>

    <p class='ocr_par' dir='ltr' id='par_1_22' title="bbox 1344 2681 1450 2722">
     <span class='ocr_line' id='line_1_66' title="bbox 1344 2681 1450 2722; baseline 0 0"><span class='ocrx_word' id='word_1_301' title='bbox 1344 2681 1450 2722; x_wconf 59' lang='lat' dir='ltr'><strong>Ince«</strong></span> 
     </span>
    </p>
   </div>
  </div>
 </body>
</html>
