1815 3168
543 161 545 164 ,
579 116 1102 163 HEAVTONTIM.

1417 117 1511 176 651

180 255 249 294 20
285 243 330 290 Si
351 241 590 294 abduxeris,
614 241 821 289 celabitur
838 240 1005 293 itidem,
1037 251 1084 287 vt
1107 241 1237 288 celata
1258 241 1407 296 ‚adhuc
1439 241 1514 290 est.

284 313 385 365 CL.
426 324 486 364 At
507 320 625 363 enim
653 317 755 364 istoc
781 317 891 363 nihil
912 315 970 363 est
982 318 1134 376 magi.S,
1158 321 1279 379 Syre,
1303 320 1411 364 meis
1429 336 1514 370 v,nu-

379 394 482 457 ptiis
510 392 740 438 aduorsum
755 411 765 437 :

281 471 403 515 Nam
426 484 514 531 quo
536 484 611 513 ore
644 467 872 532 appellabo
894 464 1096 531 patrem?
1129 476 1277 520 tenes,
1319 469 1424 531 quid
1447 470 1513 517 di-

382 544 508 588 c-am'?
550 541 637 589 SV.
680 543 866 605 quidni?
980 547 982 549 ’

277 613 378 666 CL.
421 617 542 672 Quid
578 616 747 665 dicam?
796 633 926 680 quam
961 616 1134 683 *causam
1170 614 1380 667 afferam?
1421 617 1513 666 Sv.

380 695 487 756 quin
517 692 622 739 nolo
644 694 877 738 mentiare:

282 770 474 833 Aperte,
510 770 566 813 ita
588 778 633 813 vt
653 783 721 812 res
744 766 825 813 sese
846 766 998 821 habet,
1031 777 1220 815 narrato.
1258 765 1304 816 C
1321 781 1366 815 L.
1407 769 1513 832 quid

380 844 472 890 ais?
509 839 595 890 SY.
632 843 764 890 iubeo

180 932 244 982 ις
283 917 406 964 Illam
429 928 471 964 te
490 933 657 970 amare,
694 930 736 964 et
765 917 874 965 velle
906 934 1108 966 vxorem:
1148 920 1260 967 hanc
1287 916 1369 966 effe
1394 920 1513 968 Cliti-

331 1042 333 1045 ,
378 994 556 1058 phonis.

281 1065 379 1116 CL.
422 1071 587 1113 Bonam
611 1077 738 1130 atque
757 1067 910 1116 iustam
929 1086 1024 1118 rem
1048 1049 1216 1137 oppido
1235 1071 1438 1136 imperas,
1469 1082 1513 1120 et

378 1140 495 1192 fastu
525 1142 709 1190 facilem.

202 1339 259 1369 20
288 1325 329 1367 Si
354 1326 571 1383 obduxeris]
603 1328 720 1370 Rec‘te
748 1327 808 1368 ab·

145 1384 320 1424 duxeris:
368 1399 459 1425 nam
489 1385 693 1426 abducitun
719 1398 806 1438 pro-

146 1443 233 1492 prie
256 1441 361 1493 quod
383 1442 569 1481 alienum.
630 1444 676 1484 C.

205 1507 253 1537 21
289 1500 340 1536 At
370 1499 463 1536 enim
484 1497 588 1551 istoc]
620 1500 728 1537 Haec
748 1510 806 1536 res

144 1551 244 1590 mihi
273 1552 426 1592 videtur
455 1552 531 1592 efl'e
555 1553 808 1593 vehementer

144 1610 351 1648 contraria.
409 1613 509 1651 Nam
523 1609 726 1660 quomodo
753 1622 810 1648 ro-

146 1663 251 1716 gabo
273 1675 423 1716 patrem
442 1677 480 1705 vt
498 1664 719 1704 mihifiliam
733 1664 809 1714 det,

147 1720 179 1759 fi
193 1718 280 1759 sciat
298 1734 425 1761 meam
446 1723 608 1760 amicam
626 1719 703 1761 esse
728 1733 810 1760 me-

147 1777 359 1819 ren-icem?
417 1780 459 1817 E.

144 1864 146 1866 .
204 1844 259 1872 22
294 1831 381 1886 Qto
416 1837 494 1884 ore]
542 1833 604 1873 Sic
635 1833 810 1881 dicimus,

78 1929 82 1939 »
145 1887 305 1940 quando
316 1888 461 1940 aliquid
474 1887 701 1939 pudendum
713 1901 812 1927 com-

147 1945 348 1984 mittimus.
407 1943 606 1997 Appellabo
620 1945 653 1998 Tr]
688 1945 729 1985 Si
743 1942 810 1984 du'-

145 2012 244 2042 xero
269 1998 509 2040 Bacchidem.
565 2002 611 2041 C.

200 2069 252 2109 23
286 2056 412 2112 Qtin]
434 2056 562 2096 Immo.
578 2049 722 2097 Caut'us
737 2053 809 2094 ser-

145 2124 217 2151 uus
240 2124 285 2150 ea
303 2112 508 2157 admonet,
542 2126 644 2163 quae
667 2125 750 2150 non
769 2125 809 2151 e·-

148 2178 239 2208 runt
258 2166 416 2207 aduersa
437 2169 592 2219 nuptiis.
651 2169 699 2210 C.

205 2223 308 2277 Qin
328 2223 410 2264 nolo
430 2222 625 2270 mentiare]
655 2226 741 2263 Hoc
760 2235 808 2260 ex

149 2280 308 2319 consilio
338 2281 430 2319 dicit
458 2278 606 2328 seruus,
647 2280 702 2318 vti
722 2291 807 2316 non

148 2337 376 2384 mentiatur,
403 2334 469 2375 sed
490 2337 677 2375 continuo
694 2334 806 2379 dicat,

144 2391 255 2429 ,illam
283 2391 400 2431 filiam
421 2391 640 2433 Chremetis
661 2389 698 2429 se
717 2403 807 2429 vxo-

148 2459 232 2485 rem
254 2448 364 2497 velle,
386 2458 424 2486 et
445 2446 523 2488 efl'e
535 2448 634 2486 hanc
645 2447 808 2485 amicam

147 2501 395 2554 Clitiphonis
453 2505 512 2543 Sic
532 2503 637 2543 enim
657 2499 807 2554 persua-

146 2555 252 2597 surus
271 2559 324 2597 est
342 2559 469 2612 postea
490 2558 649 2598 domino
665 2556 806 2606 seruus,

147 2615 226 2654 tale
246 2611 459 2670 repperiffe
477 2612 518 2656 se
529 2615 808 2665 confilium,vti

1455 1227 1513 1272 Et

856 1342 877 1368 a
894 1326 1140 1367 Menedemo
1160 1325 1259 1365 filius
1276 1336 1380 1378 petat
1399 1340 1516 1379 pecu-

857 1385 974 1432 niam,
995 1396 1074 1434 quo
1097 1383 1199 1434 quasi
1220 1383 1329 1431 dicat,
1355 1381 1393 1422 se
1413 1385 1515 1423 velle

855 1439 974 1478 filiam
1002 1439 1221 1479 Chremetis
1258 1453 1417 1479 vxorem
1445 1441 1515 1479 du-

857 1509 957 1543 cere,
981 1496 1029 1534 vti
1049 1495 1096 1534 ad
1115 1496 1266 1546 nuptias
1291 1495 1430 1536 habeat
1445 1508 1515 1534 ne-

860 1548 1034 1591 cessaria:
1072 1562 1112 1590 et
1140 1551 1212 1589 hoc
1240 1551 1369 1590 credat
1396 1550 1514 1591 senex

860 1618 1065 1659 propterea
1093 1604 1419 1646 adolescentulum
1447 1620 1516 1659 pe·

860 1675 961 1710 tere,
1005 1675 1083 1714 quo
1113 1677 1182 1714 per
1209 1662 1396 1702 fallaciam
1433 1663 1516 1702 dari

860 1719 995 1772 poffit3
1025 1720 1077 1757 ita
1104 1729 1161 1766 vt,
1201 1732 1287 1758 cum
1312 1729 1515 1770 vti-umque

862 1775 1002 1814 dixerit
1020 1772 1253 1822 adolescens,
1281 1788 1351 1826 per
1369 1773 1517 1814 fallaci·

861 1845 923 1870 am
941 1831 1072 1870 dicere
1092 1830 1275 1870 credatur.
1333 1833 1376 1872 E.

916 1886 1160 1927 concinnius
1177 1885 1301 1935 fuerit,
1330 1887 1444 1942 Quid
1461 1887 1518 1926 di-

861 1947 962 1982 cam?
992 1943 1080 1996 quid
1091 1941 1217 1996 ωτι-[ἷκε
1236 1940 1417 1994 affiram?
1447 1944 1488 1982 Β.

916 2011 970 2053 24
1005 1999 1251 2038 Concinnius
1263 1998 1327 2046 est,
1346 2012 1417 2050 pro
1428 2012 1517 2039 nar-

859 2068 946 2094 rato
991 2068 1186 2106 reponere
1224 2069 1400 2093 narrare(
1448 2056 1516 2095 Di-

858 2112 983 2150 θυι-υς
1011 2111 1116 2150 enim
1151 2121 1229 2149 erat
1245 2112 1360 2162 Syrus
1386 2109 1517 2150 Iubeo:

859 2164 924 2205 sed
947 2167 1076 2207 Clinia
1090 2166 1346 2205 admiratione
1365 2164 1514 2217 percus—

857 2219 915 2261 sus
935 2222 1204 2274 interpellauit,
1230 2222 1396 2263 dicendo
1411 2222 1514 2279 Quid

859 2277 939 2321 ais?
996 2280 1038 2317 B.

910 2346 963 2386 25
985 2337 1047 2374 Ne
1062 2332 1243 2372 onrhic
1263 2331 1422 2385 primam
1436 2347 1514 2374 cot·

858 2391 989 2442 ripiat‚
1017 2388 1117 2428 forte
1137 2390 1214 2443 legi
1235 2389 1364 2437 debet,
1396 2389 1514 2430 Illanc

858 2459 980 2485 amare
1008 2456 1044 2486 et
1068 2444 1152 2483 velle
1173 2459 1209 2485 te
1235 2459 1415 2486 vxorem:
1451 2446 1514 2498 eJJe'

857 2503 949 2542 hanc
971 2500 1200 2553 Clitiphonis.
1253 2504 1292 2541 B.

910 2561 964 2600 26
1010 2558 1152 2596 Bonam
1203 2569 1315 2610 atque
1350 2556 1510 2612 iustam]

856 2616 1032 2663 Εῖςωνικῶς
1049 2612 1275 2668 legendnm.
1331 2614 1376 2658 Οἱ
