1815 3168
543 85 948 132 EVNVCHVS:

1329 105 1429 162 429

205 213 354 261 Credis
386 212 488 258 huic
521 213 641 274 quod
674 212 816 260 dicat?
843 210 880 260 P
890 228 934 260 Y.
977 214 1083 277 quid
1121 213 1186 263 isti
1222 218 1429 266 credam?

296 305 366 335 res
388 287 474 352 ipsa
501 288 674 335 indicat.

197 363 286 414 PH.
327 362 527 410 Concede
547 362 653 410 istuc
673 363 927 428 paululum:
956 360 1136 412 audin’?
1171 368 1428 416 etiamnunc

294 438 536 504 paululum.
580 438 637 485 sat
659 437 733 484 est.

94 532 163 578 40
199 515 284 561 Dic
320 515 425 560 dum
457 514 542 560 hoc
570 513 765 560 rursum:
806 513 997 561 Chaerea
1031 525 1152 562 tuam
1174 513 1335 563 vestem
1356 516 1427 565 de·

292 592 418 637 traxit
441 588 553 636 tibi?

193 664 301 714 DO.
349 662 548 712 Fastum.
585 662 682 713 ΡΗ.
726 674 770 711 et
814 659 912 711 ea'st
949 663 1162 711 indutus?
1209 664 1318 714 Do.
1367 666 1425 714 fa-

294 738 428 787 stum.
450 738 536 786 ΡΗ.
560 751 602 787 et
614 758 698 805 pro
711 732 753 786 te
766 740 854 786 huc
868 735 1160 786 dedthus'st?
1185 737 1286 789 Do.
1311 744 1382 788 ita.

192 811 292 862 ΡΗ.
330 817 531 879 Iuppiter
554 818 733 876 magne!
773 833 800 862 ο
820 812 1039 861 scelestum
1058 824 1186 878 atque
1218 816 1425 865 audacem

289 890 536 938 hominem!
573 889 658 937 ΡΥ.
694 907 771 937 vae
788 890 923 941 mihi!

192 968 337 1014 Etiam
367 983 487 1013 nunc
518 983 611 1013 non
642 960 809 1019 credis,
841 965 1034 1027 indignis
1063 982 1145 1013 nos
1179 961 1261 1013 esse
1286 968 1424 1017 irrisas

289 1040 463 1088 modis?

193 1115 294 1166 ΡΗ.
335 1119 531 1170 Mirum,
563 1118 611 1164 ni
640 1126 689 1164 tu
723 1115 871 1166 credas
903 1115 1025 1182 quod
1053 1114 1129 1165 iste
1151 1115 1277 1165 dicat.
1314 1118 1423 1184 quid

287 1207 413 1253 agam
433 1191 589 1241 nescio.

115 1416 167 1464 38
202 1409 336 1451 Credas
359 1408 444 1450 huic
455 1411 557 1464 quod
569 1411 668 1451 dicat
677 1411 714 1466 ?]

58 1470 96 1511 A
125 1466 312 1520 personae
340 1469 525 1518 qualitate
553 1468 715 1521 derogat

59 1523 190 1564 fidem.
246 1527 344 1564 Nam
364 1523 456 1574 quid
477 1523 714 1563 credendum

58 1580 114 1619 est
150 1577 257 1619 seruo
294 1579 483 1618 Eunucho
518 1579 712 1632 fugitiuo?

55 1635 164 1689 Qid
190 1635 248 1687 zsti
273 1633 446 1677 credam?
475 1649 533 1674 res
562 1636 639 1688 ipsit
659 1638 713 1674 in-

57 1692 178 1745 dlcat]
210 1688 496 1742 Hicapersona,
512 1705 610 1742 quae
623 1705 713 1731 con-

56 1747 295 1797 uincebatnr‚
322 1747 486 1786 oratorie
504 1747 553 1786 ad
573 1746 714 1787 faetum

55 1801 96 1845 se
112 1803 255 1842 retulit.
310 1805 360 1842 D.

111 1870 166 1912 39
210 1859 367 1898 Concede
395 1857 484 1910 zstuc
506 1859 710 1914 paululum]

56 1914 119 1957 Ad
142 1913 181 1954 se
197 1912 344 1953 versum
361 1915 456 1954 dicit
473 1917 562 1969 istuc
580 1916 711 1969 (forte,

57 1972 119 2011 Ad
127 1971 171 2022 so}
189 1971 292 2022 versb
310 1971 401 2011 dicit
412 1971 510 2025 istuc,
522 1975 585 2011 W.
615 1977 704 2021 Aut,

56 2026 277 2076 Adseruum
297 2027 447 2078 auevfics
467 2027 711 2074 etc.seu‚Ad-

58 2097 100 2122 eo
120 2082 266 2132 auersus
282 2093 350 2124 etc.
376 2085 447 2136 Z.)‚
473 2095 511 2123 vt
527 2086 651 2138 longe
668 2084 712 2123 fit

59 2152 83 2177 a
108 2138 251 2191 Pythia.
310 2139 499 2180 Eunucho
525 2142 632 2180 enim
659 2141 713 2179 di·

59 2194 112 2232 cit
127 2193 322 2235 Phaedria.
376 2198 425 2236 D.

116 2252 175 2289 Ne
210 2249 330 2290 versui
369 2250 510 2305 syllaba
543 2250 709 2305 superfit,

63 2304 162 2358 lege,
173 2309 277 2345 etiam
286 2321 379 2348 nunc
393 2308 556 2361 paulum.
587 2313 628 2350 B.

116 2373 165 2414 41
200 2367 306 2416 Lego
338 2376 424 2404 cum
447 2366 602 2414 nostris,
631 2378 709 2406 vno

61 2428 236 2467 excepto,
255 2420 442 2470 omnibus,
465 2433 600 2461 etcum
621 2422 709 2462 edd.

60 2484 151 2511 vett.
181 2473 232 2514 Et
251 2488 325 2514 eam
341 2476 386 2526 est
398 2478 561 2518 indutus.
592 2481 710 2519 Nem-

60 2542 113 2580 pe
134 2528 208 2568 hoc
233 2531 403 2571 interest:
431 2533 586 2574 Indutus
604 2534 650 2586 est
677 2549 711 2574 e-

60 2598 139 2632 am,
167 2586 332 2637 perinde
363 2588 415 2626 est
439 2603 480 2628 ac
496 2588 575 2642 ipse
598 2589 637 2630 se
662 2604 710 2631 ea

62 2639 209 2689 induit:
237 2652 286 2695 at,
309 2643 461 2688 indutus
478 2646 523 2698 est
541 2661 591 2697 ea,-
622 2660 708 2701 perf

1351 1287 1419 1336 45

765 1409 859 1449 inde
878 1423 921 1450 ac
940 1411 1036 1451 alius
1055 1424 1146 1452 eum
1165 1411 1268 1453 veste
1293 1412 1424 1454 induit

765 1478 949 1519 tanquam
976 1481 1157 1508 mancum
1185 1479 1249 1508 aut
1278 1480 1423 1509 mortu-

763 1537 840 1563 um.
894 1525 935 1562 B.

816 1592 870 1633 42
906 1578 1154 1631 Ofielestum,
1182 1593 1291 1634 atque
1310 1581 1423 1621 auda·

762 1648 837 1675 cem
865 1634 1065 1690 hominem]
1107 1635 1327 1677 Chaeream
1358 1635 1422 1677 sci-

764 1693 856 1730 licet
889 1693 952 1730 vel
978 1695 1275 1733 Parmenonem.
1339 1693 1420 1734 Sed

763 1747 812 1786 fic
837 1747 1177 1799 pronunciandum
1197 1748 1270 1797 est,
1297 1758 1335 1787 vt
1352 1763 1421 1801 pu-

762 1814 819 1842 tet
855 1804 994 1842 ancilla
1027 1803 1078 1842 de
1101 1805 1292 1844 Eunucho
1328 1804 1420 1855 dici,

760 1858 834 1898 hoc
853 1858 933 1909 ipso
954 1859 1059 1911 qnod
1077 1859 1222 1909 praesto
1235 1858 1289 1899 est
1302 1860 1419 1912 (Edd.

760 1917 920 1956 Venett.
957 1916 1000 1954 de
1033 1915 1210 1955 Eunucho
1242 1917 1316 1955 dici
1348 1916 1420 1956 hoc

760 1971 899 2025 ipficm,
929 1974 992 2025 qui
1018 1983 1057 2024 p.
1092 1975 1155 2023 e.).
1221 1972 1316 2011 Ideo
1352 1973 1420 2013 illa

759 2028 898 2077 infert,
932 2029 1006 2068 Vae
1034 2027 1151 2068 mihi!
1186 2030 1297 2067 etiam
1322 2041 1420 2069 nunc

758 2099 834 2124 non
853 2084 988 2133 credis,
1017 2085 1177 2138 indignis
1203 2097 1269 2122 nos
1287 2084 1350 2136 effi
1368 2088 1420 2125 ir-

760 2141 853 2192 rzjst'zs
882 2141 1030 2184 modis?
1065 2141 1138 2179 Vae
1161 2139 1295 2194 mihiJ]
1328 2143 1417 2181 Hoc

761 2208 895 2246 totum,
918 2197 994 2237 Vae
1010 2195 1114 2244 mihi,
1137 2195 1295 2247 quidam
1314 2199 1417 2251 aPy-

761 2254 841 2293 thia
851 2283 860 2302 ‚
892 2250 1009 2305 vsque
1040 2251 1089 2291 ad
1116 2252 1250 2303 irrtjshs·
1278 2254 1410 2304 modis,

759 2309 834 2349 dici
855 2309 1079 2349 existimant.
1133 2308 1184 2349 D.

813 2378 865 2419 43
898 2368 943 2406 In
965 2364 1114 2404 duobus
1135 2363 1270 2404 nostris
1296 2365 1418 2415 deest,

757 2435 874 2472 nunc,
898 2422 951 2461 «in
980 2434 1077 2471 vno,
1111 2434 1197 2465 non.
1251 2424 1416 2474 Repone

759 2477 890 2520 versus
907 2475 1032 2526 causa,
1064 2479 1192 2519 Etiam
1219 2490 1315 2518 nunc
1333 2492 1414 2520 cre-

759 2536 820 2575 des
837 2536 1018 2589 indignis.
1073 2537 1114 2574 B.

814 2604 869 2647 44
906 2591 1056 2634 Mirum
1066 2618 1077 2643 ,
1112 2592 1153 2633 ni
1185 2604 1226 2634 tu
1270 2590 1406 2637 credas,

1112 2669 1114 2672 ⁴
1310 2647 1422 2702 quod..
