1815 3168
304 178 323 208 υ

332 175 358 222 kf>

368 166 393 214 ΘΟ

699 159 923 206 ACT.1.
965 159 1161 208 SCEN.
1192 160 1244 204 Π.

433 290 548 336 Heri
567 289 704 334 minas
725 288 880 347 viginti
899 302 982 350 pro
1007 284 1219 333 ambobus
1243 285 1356 333 dedi.

339 379 404 426 90
438 367 613 411 Tamen
636 373 879 410 contemtus
902 361 976 408 abs
997 373 1057 413 te,
1086 361 1191 408 haec
1214 361 1346 408 habui
1368 361 1412 406 in
1436 359 1661 412 memoria,

440 439 512 487 Ob
549 440 655 486 haec
702 435 812 484 fasta
846 436 920 484 abs
960 447 1002 483 te
1035 437 1230 502 spernor.
1270 432 1382 482 ΤΗ.
1417 434 1524 498 quid
1556 431 1662 489 istic,

538 513 746 561 Phaedria
756 514 778 558 ?

439 594 720 653 Quamquam
755 587 874 653 issam
903 589 1035 655 cupio
1065 585 1302 641 abducere,
1341 595 1470 649 atque
1506 582 1587 630 hac
1615 597 1664 630 re

536 664 723 713 arbitror

365 877 417 923 39
448 868 542 908 Heri
568 868 686 906 minas
713 866 831 907 decem
861 863 965 919 (scri-

308 925 378 979 pi'lt
409 928 582 966 Donatus
611 922 672 960 vel
697 924 853 976 viginti,
893 922 966 968 vel,

309 982 416 1034 quod
441 978 690 1020 verofimilius
708 979 869 1023 videtur,
899 980 967 1016 tri-

307 1041 430 1093 ginta.
486 1037 586 1074 Nam
613 1033 727 1085 paulo
750 1031 832 1083 post
847 1034 968 1086 vigin-

309 1096 342 1132 ti
362 1092 474 1131 minis
498 1088 617 1129 solum
637 1088 869 1128 Eunuchum
888 1100 966 1126 em-

309 1161 391 1188 tum
423 1144 500 1186 ess'e
529 1145 580 1184 ait
608 1147 665 1195 Z.)
691 1157 761 1197 pro
791 1142 967 1182 ambobus

308 1205 408 1255 dedi]
439 1200 664 1242 Recentiora
675 1199 876 1248 beneficia,
888 1213 969 1253 gra·

309 1256 420 1299 uiora
446 1254 646 1297 aduersum
672 1257 846 1309 ingratos
873 1253 969 1294 sunt.

308 1319 414 1369 Ergo
445 1328 466 1354 a
489 1324 666 1365 tempore
693 1312 888 1351 inducitur
909 1324 972 1352 ex-

309 1371 519 1425 probratio.
575 1367 652 1407 Pro
671 1367 846 1408 ambobus
871 1367 970 1421 dedi]

311 1428 459 1470 Melius
469 1423 669 1464 amborum
683 1425 848 1476 pretium
862 1423 970 1471 dixit,

313 1496 432 1536 quam
479 1491 517 1520 vt
563 1478 767 1530 separatim
813 1479 970 1527 diceret,

313 1549 461 1592 quanto
493 1537 629 1577 emerit
665 1536 886 1576 ancillulam
914 1536 971 1573 ni-

309 1607 445 1650 gram:
476 1593 527 1633 de
545 1606 617 1644 qua
626 1606 716 1632 mox
727 1592 885 1641 dicetur,
898 1592 972 1630 Hic

301 1652 401 1704 fient
425 1663 499 1689 tres
527 1653 653 1688 minae.
710 1651 811 1689 Nam
828 1646 972 1687 constat

313 1705 547 1749 Eunuchum
578 1702 698 1744 folum
729 1715 877 1744 emtum
896 1701 974 1743 effe

314 1763 428 1803 minis
456 1761 613 1814 viginti3
653 1770 694 1800 vt
719 1759 798 1812 ipse
825 1763 975 1800 Parme·

317 1832 372 1859 no
396 1816 643 1858 confitebitur
664 1814 756 1855 seni.
814 1819 863 1858 D.

370 1873 498 1926 Magis
551 1872 801 1925 magnificum
856 1869 974 1919 sonat,

316 1929 423 1982 quod
452 1927 536 1966 cod.
566 1928 611 1968 C.
640 1928 685 1967 C.
714 1926 849 1973 habet,
879 1927 975 1966 Heri

317 1990 436 2026 minas
464 1996 534 2037 pro
551 1981 727 2031 ambobus
746 1985 887 2037 viginti
911 1983 973 2021 de-

316 2045 369 2083 di.
427 2043 559 2090 Atque
585 2041 714 2078 auetor
733 2036 827 2077 solet
849 2040 972 2093 vigin-

316 2103 350 2138 ti
378 2096 475 2136 illud
502 2108 652 2145 ponere
677 2096 719 2133 in
749 2091 841 2134 sede
863 2095 975 2146 quin-

316 2166 365 2194 ta.
422 2155 461 2192 B.

372 2221 428 2260 90
464 2208 601 2247 Tamen
623 2219 826 2247 contemtus
844 2204 907 2245 abs
918 2205 971 2259 te]

315 2269 365 2306 Et
390 2264 467 2302 hoe
490 2259 656 2301 seruatur
684 2264 726 2301 in
758 2261 971 2302 beneficiis.

315 2325 417 2362 Nam
442 2319 584 2357 maiora
612 2315 714 2368 sunt,
747 2316 972 2357 cess'antibus

314 2376 464 2416 meritis
495 2387 651 2424 eorum,
690 2375 831 2428 quibus
865 2386 973 2428 prae-

316 2432 483 2472 stantur.'
526 2431 575 2469 D.
630 2464 632 2466 .

373 2499 425 2541 91
460 2484 516 2524 Ob
538 2484 624 2526 haec
632 2487 740 2540 fac'la
751 2486 814 2526 ahs
826 2499 860 2526 te
866 2485 975 2539 sper-

316 2544 403 2591 no'r]
434 2542 496 2582 Sic
515 2543 621 2596 Virg.
643 2546 760 2595 (Aen.
783 2556 837 2589 lv,
860 2544 976 2594 217.)

303 2613 376 2632 ’---
403 2611 468 2637 nos
489 2610 638 2639 munera
664 2597 805 2651 templis
832 2597 977 2652 Qcippe

320 2657 396 2697 tuis
412 2654 596 2708 firimus,
627 2656 847 2710 famamque
868 2655 977 2709 fime-

1611 732 1666 780 Id

1013 879 1090 907 mus
1109 867 1264 905 inanem.
1323 866 1382 910 Et,
1406 861 1473 901 Vel
1493 872 1582 913 quas
1609 863 1669 897 tu-

1015 925 1082 972 lit,
1137 935 1222 960 cum
1265 917 1568 971 interrogatione
1605 923 1669 952 aut

1016 993 1105 1018 cum
1125 976 1392 1028 increpatione
1410 971 1574 1025 proferri
1586 980 1670 1021 pot·

1017 1034 1082 1074 est.
1141 1032 1196 1072 Oh
1218 1033 1301 1072 haec
1311 1031 1422 1083 fabia
1441 1027 1502 1068 abs
1521 1041 1555 1066 te
1565 1026 1670 1079 sper-

1016 1089 1106 1143 nor]
1139 1090 1212 1129 HIc
1233 1088 1377 1139 duplex
1396 1084 1448 1124 est
1465 1082 1671 1136 pronunci—

1016 1147 1115 1185 atio:
1146 1144 1206 1184 vel
1237 1157 1306 1194 per
1332 1137 1560 1181 inuidiosam
1579 1151 1673 1191 pro-

1016 1202 1203 1240 lationem
1230 1199 1341 1252 (lege
1371 1211 1419 1237 ex
1446 1195 1506 1236 ed.
1527 1198 1671 1237 Vener.

1019 1268 1059 1297 et
1099 1261 1261 1308 Argent.
1314 1251 1671 1346 exprobrationenss,

1018 1313 1081 1354 vel
1107 1326 1179 1365 per
1210 1308 1566 1362 interrogationem.
1656 1316 1672 1344 t

1019 1370 1156 1410 melius
1176 1366 1250 1406 hoc
1272 1364 1404 1413 modo,
1428 1364 1688 1416 quaminter·'

1019 1426 1196 1479 rogatiue
1223 1420 1435 1475 profertur:
1471 1419 1533 1458 hic
1567 1418 1676 1458 enim

1021 1481 1076 1521 est
1097 1481 1221 1520 multo
1253 1479 1406 1532 grauior
1436 1477 1525 1516 illo.⁴
1568 1474 1678 1529 Qid
1721 1496 1727 1506 =

1020 1537 1099 1592 rstic
1109 1537 1147 1591 ἲ]
1177 1539 1262 1576 Hoc
1281 1532 1507 1573 aduerbium
1519 1531 1678 1572 consen-

1021 1595 1096 1634 tire
1121 1591 1346 1644 incipientis
1373 1588 1438 1629 est.
1473 1599 1513 1627 et
1543 1588 1595 1628 est
1625 1586 1679 1626 ἐ’Λ·

1021 1655 1145 1694 asum:
1174 1647 1280 1687 deest
1305 1645 1412 1686 enim
1432 1656 1676 1694 remoramur,

1021 1716 1087 1747 aut
1106 1704 1199 1757 quid
1216 1704 1306 1743 tale.
1362 1704 1410 1741 D.

1048 1774 1133 1816 ⁷92
1174 1761 1290 1813 Cupio
1319 1755 1512 1811 abducere]
1552 1755 1678 1795 Abdu-

1025 1832 1101 1858 cere
1121 1817 1235 1865 dixit,
1269 1822 1456 1865 tanquam
1477 1814 1524 1852 ab
1544 1811 1678 1850 stulto:

1025 1887 1099 1913 nec
1125 1886 1196 1925 per
1223 1884 1356 1910 verum
1385 1870 1580 1915 meritum,
1611 1864 1678 1906 sed

1024 1942 1093 1981 per
1112 1927 1302 1967 fraudem.
1320 1925 1456 1965 Cicero
1467 1926 1595 1977 (Verr.
1608 1936 1677 1972 111⁴

1023 1988 1106 2038 34.)
1118 2015 1127 2032 ,
1159 1984 1233 2022 Per
1252 1983 1327 2020 vim
1343 1993 1454 2033 atque
1472 1979 1595 2018 dolum
1615 1978 1678 2018 ab·

1023 2041 1130 2080 dubia
1157 2037 1202 2077 ab
1221 2036 1364 2078 Rhodio
1395 2037 1554 2075 tibicine.
1610 2038 1679 2074 At·

1022 2110 1089 2150 que
1111 2096 1177 2135 hac
1194 2108 1234 2134 re
1251 2091 1437 2146 arbitror]
1468 2094 1558 2132 Non
1586 2090 1678 2130 dicit

1024 2150 1217 2204 quashoe
1236 2148 1308 2196 est,
1334 2162 1381 2189 ex
1407 2159 1447 2187 te
1467 2146 1578 2199 (Edd.
1601 2151 1681 2187 Ve-

1024 2218 1117 2248 nett.
1150 2207 1243 2245 Non
1260 2205 1359 2254 dicit,
1381 2206 1466 2257 quia
1485 2203 1552 2242 hoc
1567 2202 1613 2256 est
1632 2217 1680 2242 ex

1023 2278 1068 2303 te.
1127 2261 1293 2303 Videtur
1327 2256 1561 2313 legendum}
1589 2260 1682 2300 Non

1023 2321 1113 2360 dicit
1122 2332 1203 2372 qua,
1215 2319 1301 2370 quia
1312 2317 1379 2356 hoc
1389 2315 1434 2365 cll
1445 2330 1489 2357 ex
1501 2329 1551 2355 re.
1563 2318 1598 2357 N
1601 2329 1681 2355 em-

1024 2390 1076 2428 pe
1094 2388 1173 2413 non
1192 2383 1273 2412 erat
1293 2386 1338 2413 ex
1356 2387 1394 2411 re
1413 2369 1680 2422 Thaidis‚spe-

1025 2431 1150 2470 ciatim
1168 2429 1298 2468 dicere
1323 2442 1450 2467 coram
1462 2429 1679 2468 exulcerato

1023 2485 1221 2534 Phaedria,
1243 2497 1311 2537 qua
1331 2499 1370 2523 re
1385 2485 1424 2523 id
1446 2484 1554 2536 quod
1574 2484 1681 2536 eupi-

1025 2544 1114 2582 ebat
1139 2540 1223 2580 fieri
1256 2538 1376 2591 pofl'et
1404 2543 1591 2589 maxime,
1632 2537 1680 2582 se.

1024 2597 1208 2639 Phaedria
1226 2596 1471 2636 excludendo
1483 2626 1492 2642 ,
1522 2592 1682 2637 Thraso-

1025 2666 1079 2697 ne
1124 2651 1381 2699 admittendo.
1436 2652 1514 2696 Nisi
1550 2654 1682 2707 legas:

1570 2721 1680 2752 HAG
