1815 3168
387 144 657 214 VICTOR
694 169 783 214 DE
820 169 1216 221 COMOEDIA.
1319 193 1477 225 ιω]

125 289 294 345 Tragicis
315 287 407 327 olim
431 289 681 337 celebratam,
713 289 754 328 in
782 290 981 332 Comicam
1002 295 1474 338 azoammam‘deridendo

121 345 365 404 permutauit.
418 345 488 383 llle
514 345 618 383 idem
649 345 926 398 Aristophanes
945 349 1107 400 (mirum
1134 349 1255 400 dictu)
1275 365 1404 392 nouae
1424 368 1477 394 et-

118 408 190 447 iam
209 401 365 441 initium
385 400 628 441 comoediae
651 401 780 451 dedit,
811 402 913 454 quod
937 404 1050 443 velim
1070 405 1153 443 eius
1172 408 1334 458 egregia
1357 408 1474 450 laude

118 461 257 502 dictum
283 455 485 495 arbitreris.
544 458 704 508 Quippe
730 470 850 509 quum
877 472 974 497 vnus
1001 457 1083 511 ipse
1101 472 1218 511 queat
1238 463 1396 514 triplicis
1414 479 1471 504 ar-

115 514 290 571 gumenti
309 514 424 552 Poeta
442 513 624 564 reperiri,
653 513 842 564 liquidem
860 526 899 554 et
917 514 1043 564 aliam,
1072 516 1132 554 cui
1151 528 1301 557 nomen
1319 518 1375 558 est
1392 521 1472 561 Co-

114 572 213 616 calo,
246 567 425 609 Fabulam
443 580 684 607 commentus
702 566 780 609 effe
798 567 957 618 dicitur,
989 572 1031 610 in
1057 584 1132 622 qua
1152 574 1349 626 virginum
1367 587 1470 615 com-

112 626 336 680 presfioneS,
364 626 601 677 agnitaeque
630 624 867 678 agitarentur
892 626 1110 667 affinitates.
1163 629 1333 669 Demum
1350 631 1474 671 Athe.

52 697 55 701 ’
107 685 172 723 nis
192 681 456 722 Macedonum
483 679 696 732 petulantia
727 678 958 735 subiugatis,
989 677 1055 723 eas
1086 686 1277 724 continuo
1295 685 1471 727 Fabellas

111 739 229 778 edere
255 736 482 777 studuerunt
508 739 669 785 Poetae,
714 736 854 788 quibus
893 739 1050 779 illorum
1089 740 1302 792 impuritati
1330 740 1470 783 satissa-

109 795 208 834 etum
228 789 307 831 effe
325 793 528 831 videretur.
584 789 917 845 Quandoquidem
945 795 1007 833 vel
1033 807 1083 834 ex
1110 795 1305 837 Athenaei
1329 811 1470 839 monu-

108 850 252 890 mentis
280 848 393 888 facile
426 845 615 898 pofl'umus
646 849 885 896 coniectare,
926 848 1031 902 quod
1067 852 1201 904 gulae,
1244 853 1469 907 ventrisque

107 904 264 946 seruitio
302 905 539 944 Macedones
570 902 719 943 fuerint
760 904 1005 958 emancipati.
1078 906 1306 949 Menander
1333 912 1467 962 itaque

107 960 195 1002 suae
221 960 433 1010 tempestati
453 972 599 998 morem
628 959 820 1013 gesturus,
850 959 1106 1002 Comoediam
1132 963 1178 1003 ab
1197 965 1465 1016 Aristophanis

104 1017 250 1060 Cocalo
276 1016 441 1056 feliciter
465 1013 673 1055 admodum
702 1015 756 1055 est
774 1013 1005 1069 auspicatus:
1037 1020 1098 1057 cui
1117 1018 1166 1059 fic
1182 1021 1348 1061 Ouidius
1369 1025 1467 1062 allu-

104 1073 164 1113 dit
193 1078 378 1114 Amorum
399 1069 588 1120 secunde,
623 1072 739 1111 nobis
767 1072 892 1113 obiter
919 1086 1114 1126 quaenam
1140 1074 1286 1116 fuerint
1304 1080 1387 1118 eius
1408 1093 1465 1119 ar·

103 1139 293 1184 gumenta
312 1127 588 1175 demonstrans,

212 1185 317 1223 Dum
325 1182 453 1234 fidlax
460 1184 614 1234 firuus,
654 1181 771 1225 durus
790 1194 921 1238 pater,
955 1183 1123 1240 improba
1151 1186 1234 1229 Iena

216 1240 365 1280 Vixertt
384 1252 419 1278 et
431 1241 622 1280 Meretrix
642 1238 776 1281 blanda
787 1271 797 1291 ,
824 1242 1059 1283 Menandros
1075 1244 1160 1284 erit.

106 1293 225 1346 Quod
257 1310 326 1334 nos
354 1308 440 1334 cum
462 1298 610 1336 Graeco
631 1298 801 1337 carmine
827 1298 1009 1338 ludentes
1026 1299 1069 1339 in
1089 1298 1292 1354 egregiam
1312 1302 1463 1343 Teren·

103 1353 147 1390 tii
166 1352 320 1391 laudem
341 1347 594 1401 vertissemus,
624 1352 693 1390 tibi
713 1351 990 1404 pulcherrimos
1009 1356 1209 1396 condendi
1225 1358 1378 1398 lambos
1396 1360 1463 1399 de-

103 1404 195 1445 diffe
212 1403 338 1445 ansam
359 1406 548 1446 videmur.
605 1409 815 1449 Caeterum
841 1408 910 1449 fuit
927 1411 1012 1449 080
1031 1420 1180 1451 tantum
1212 1414 1329 1452 annis
1358 1415 1463 1454 iuni-

102 1476 148 1501 or
169 1462 410 1509 Alexandr-0,
439 1460 626 1514 sanguine
646 1462 788 1503 nobilis
808 1474 848 1503 et
873 1478 1022 1505 morum
1045 1467 1267 1520 integritate
1295 1470 1462 1521 praecla-

104 1530 177 1558 rus.
234 1517 479 1568 Alexideque
500 1521 557 1570 (vt
576 1517 757 1570 arbitror)
776 1531 1032 1573 praeceptore
1055 1524 1133 1562 iam
1151 1521 1375 1565 adolescens
1393 1527 1461 1566 da-

101 1586 145 1613 re
170 1573 326 1613 Fabulas
344 1574 492 1624 coepit,
524 1585 623 1624 quae
641 1585 795 1615 centum
816 1587 854 1616 et
882 1578 967 1616 octo
998 1589 1159 1618 numero
1177 1590 1306 1620 coram
1326 1579 1461 1622 dotus-

100 1629 200 1668 fimis
228 1626 440 1680 quibusque
465 1628 671 1685 steterunt,
703 1630 764 1669 vel
793 1633 967 1683 quinque
994 1630 1102 1683 supra
1124 1645 1302 1685 centum,
1335 1648 1373 1677 vt
1398 1649 1460 1677 ce·

99 1681 233 1723 cinifl'e
252 1684 530 1735 Apollodorum
551 1684 699 1724 Gellius
725 1683 862 1726 scribit.
919 1689 1102 1728 Tandem
1129 1690 1294 1730 Athenis
1321 1693 1363 1732 in
1391 1706 1458 1745 pa—

99 1740 171 1779 tria
192 1739 291 1779 duos
318 1751 358 1778 et
375 1739 661 1793 quinquaginta
681 1752 791 1780 natus
819 1754 942 1781 annos
961 1742 1058 1783 obiit
1077 1756 1269 1793 mortem,
1299 1748 1455 1788 decimo

96 1793 239 1836 scilicet
267 1806 358 1835 ante
389 1795 532 1834 bellum
558 1796 860 1837 Macedonicum
887 1810 1011 1847 anno,
1043 1801 1148 1851 quod
1176 1802 1342 1856 Pyrrhus
1365 1818 1456 1845 cum

70 1852 241 1903 ‹populo
273 1854 444 1890 Romano
482 1851 593 1904 gessit
623 1854 862 1893 acerrimum.
936 1855 1018 1894 Nec
1046 1854 1150 1895 solae
1183 1859 1341 1909 quidem
1378 1859 1455 1901 hae

92 1906 308 1950 Menandri
329 1906 493 1946 Fabulae
511 1908 778 1948 Macedonum
805 1906 956 1949 lumbos
983 1913 1043 1963 (vt
1061 1911 1119 1951 his
1138 1923 1218 1953 vtar
1237 1915 1350 1954 Perfii
1371 1929 1455 1957 ver·-

92 1962 172 2012 bis)
201 1963 413 2010 intrauere,
440 1959 505 2002 sed
533 1972 571 2003 et
597 1965 694 2003 aliae
712 1962 864 2017 Diphili
885 1966 1046 2019 Sinopei
1076 1978 1234 2009 centum
1260 1971 1454 2012 Philemo—

92 2015 228 2070 nisque
248 2015 470 2071 Syracusani
494 2019 757 2060 Menandrum
777 2022 1005 2062 aemulantis
1032 2022 1116 2063 sere
1137 2026 1298 2066 totidem
1330 2024 1454 2069 acces-

89 2072 227 2114 serunt.
283 2079 486 2115 Praetereo
514 2086 607 2126 quas
629 2077 917 2128 Apollod01·t13‚
944 2077 1170 2132 Pofidippus
1199 2094 1239 2121 et
1267 2083 1453 2137 Philippi·

91 2131 161 2170 des
189 2129 441 2179 addiderunt,
471 2143 512 2170 ac
535 2133 702 2181 caeteri,
738 2147 833 2184 quos
854 2135 965 2174 Noua
979 2137 1201 2177 Comoedia
1225 2139 1450 2180 celebrauit.

89 2185 265 2228 ProfeSlo
292 2187 387 2226 mira
414 2186 489 2225 fuit
504 2187 770 2240 Aristophanis
796 2188 980 2231 felicitas:
1011 2192 1119 2230 cuius
1148 2205 1222 2233 vna
1240 2196 1406 2236 Cocalus
1427 2208 1452 2236 e

89 2243 374 2294 quinquaginta
402 2253 563 2294 quatuor
592 2245 668 2295 (tot
695 2246 803 2284 enim
835 2243 969 2285 vidisse
1002 2242 1040 2286 se
1060 2248 1230 2289 Thomas
1263 2251 1451 2305 Magister

89 2299 159 2350 ait)
183 2300 280 2337 adeo
298 2299 436 2338 multas
456 2294 692 2340 diuersorum
714 2302 918 2341 Poetarum
928 2301 1088 2342 Fabulas
1110 2308 1329 2356 procrearit,
1349 2319 1450 2360 quae

89 2366 176 2394 cum
196 2365 359 2406 parente
381 2353 445 2393 suo
464 2352 700 2407 reliquisque
722 2368 897 2396 veterum
916 2369 1021 2409 pene
1033 2362 1214 2400 omnibus
1231 2363 1279 2401 ab
1299 2360 1360 2403 vsu
1381 2377 1451 2403 no·

90 2409 161 2448 stro
183 2408 388 2451 suffurante
406 2421 586 2463 tempore
616 2413 856 2453 exciderunt.
913 2416 1073 2454 Vtinam
1099 2428 1275 2457 extarent
1303 2418 1365 2458 vel
1391 2420 1450 2459 di—

89 2465 289 2513 midiatae,
320 2478 399 2505 non
419 2467 517 2506 adeo
543 2463 668 2507 forsan
696 2471 738 2508 in
758 2466 971 2520 praesentia
990 2471 1148 2511 Fabulas
1175 2471 1449 2525 perspiciendo

89 2521 383 2562 caecutiremus:
414 2534 488 2563 nec
516 2521 611 2564 effer
637 2536 701 2563 cur
726 2536 803 2578 ego
825 2538 890 2565 vos
923 2524 1154 2567 semicaecus
1172 2529 1316 2569 ducere
1335 2544 1447 2571 cona-

91 2587 163 2616 rer.
218 2580 294 2618 Sed
315 2580 392 2618 acta
411 2592 463 2618 ne
481 2592 658 2633 agamus,
687 2581 818 2621 vitium
837 2578 911 2620 hoc
932 2593 974 2621 et
993 2585 1241 2635 praeteritam
1260 2587 1452 2627 calamita-

88 2639 170 2673 tem
191 2631 248 2674 his
269 2633 369 2688 quasi
389 2633 586 2689 frugibus,
616 2647 811 2689 quotquot
831 2647 979 2690 extant,
1002 2638 1270 2694 Aristophanis
1288 2643 1453 2684 Fabellis

796 2706 820 2734 e
1348 2711 1454 2741 como
