1815 3168
353 195 628 247 VICTOR
659 193 747 240 DE
784 189 1186 240 COMOEDIA.
1285 203 1445 234 vau

82 320 307 363 hibebatur:
335 316 440 369 quod
467 314 718 368 particulatim
748 327 770 352 a
796 312 976 353 Platonio
1002 310 1169 362 legimus
1196 305 1440 357 disputatum.

83 379 128 419 Id
158 378 288 427 itaque
316 373 671 413 animaduertentes
698 373 857 415 Poetae,
893 364 1221 418 quemadmodum
1250 366 1323 402 lata
1348 365 1439 416 lege

83 435 132 475 de
159 445 241 471 non
272 428 469 481 carpendo
498 427 749 472 nominatim,
779 424 939 465 materia
968 420 1204 467 mutabatur,
1238 420 1292 457 ita
1321 419 1439 460 etiam

79 487 290 530 Cantilenis
317 483 512 528 abstinere
533 484 686 534 penitus
705 480 986 520 decreuerunt:
1019 477 1208 528 quodque
1234 473 1440 526 sapientes,

80 557 199 597 quum
217 542 381 594 tempori
400 539 617 585 cedendum
637 537 710 586 est,
740 537 896 576 efficere
914 531 1056 581 solent,
1087 545 1189 584 quae
1209 540 1292 571 erat
1308 526 1440 568 neces-

78 601 180 648 fitas,
209 599 249 637 in
277 599 456 639 virtutem
485 595 684 648 egregiam
717 591 955 632 transtulere.
1013 592 1113 630 Nam
1139 588 1243 626 aetus
1270 585 1439 629 Fabulae

77 654 321 708 {ie-agebant
348 653 568 705 colligatos,
599 659 639 690 vt
668 661 738 701 per
761 647 989 693 interualla,
1025 657 1125 696 quae
1145 643 1303 695 quidem
1324 650 1438 684 erant

38 714 41 718 '
76 712 246 759 minima,
266 708 398 749 saltem
417 722 513 747 vnus
532 706 659 749 histrio
677 705 971 755 relinqueretur,
993 710 1061 740 aut
1074 699 1317 751 frequentius
1334 710 1439 734 com«

76 768 206 820 plures
235 766 393 804 alternis
420 765 523 804 inter
550 761 589 802 se
617 761 806 801 versiculis
831 756 1071 805 differentes.
1124 755 1311 806 Denique
1339 751 1437 791 nibil

76 821 212 862 vetusti
232 820 342 860 chori
363 820 559 873 proprium
581 815 854 857 obseruabant:
884 811 1213 866 quemadmodum
1239 811 1279 848 in
1298 809 1439 849 Aristo-

74 878 214 931 phanis
242 878 352 918 Pluto
370 875 516 921 Fabula
541 884 623 914 tute
646 872 877 930 iampridem
905 868 1039 914 vidisti,
1098 867 1144 908 Id
1173 866 1354 914 Horatius
1383 864 1438 904 ita

76 935 226 984 cecinit,

398 985 460 1029 Iex
479 985 524 1038 cst
541 996 686 1039 accepta
698 999 713 1021 .·
741 982 946 1036 charusque

246 1044 426 1096 Turpiter
451 1042 628 1087 obticuit,
644 1038 798 1091 stablato
820 1041 900 1080 iure
921 1035 1088 1081 nocendtss

73 1101 200 1142 Miror
228 1110 358 1140 autem
387 1098 490 1150 quasi
516 1098 730 1141 monstrum
749 1093 1007 1147 conspicatus,
1034 1093 1147 1133 illum
1174 1089 1281 1133 cuius
1301 1084 1438 1138 scripta

73 1155 141 1197 sub
162 1156 326 1197 Aci-onis
344 1155 509 1194 nomine
532 1151 874 1201 circumferuntur,
905 1151 968 1190 vel
993 1149 1019 1188 fi
1045 1147 1101 1192 est
1124 1144 1205 1198 ipse
1223 1147 1344 1191 Acro,
1379 1142 1437 1183 di-

74 1211 170 1253 xisse
197 1214 238 1253 id
263 1212 356 1265 lege
386 1221 539 1255 cautum
564 1208 630 1253 sub
648 1207 837 1262 Augusto.
893 1210 1044 1249 Poterat
1061 1199 1324 1246 mediusfidius
1352 1211 1438 1254 per-

73 1266 237 1321 spexifl'e
267 1266 406 1319 (modo
428 1267 606 1311 Plautum
635 1276 698 1306 aut
717 1264 955 1306 Terentium
983 1260 1143 1313 legerit)
1172 1271 1223 1297 an
1250 1267 1342 1296 ante
1357 1258 1439 1294 Au-

75 1324 228 1378 gustum
260 1325 366 1363 auae
393 1322 560 1364 Fabulae
592 1334 831 1373 quemquam
865 1314 1169 1362 momordiffem.
1251 1315 1287 1352 O
1319 1314 1437 1368 quam

76 1380 237 1433 egregie
255 1377 400 1421 vetusta
423 1378 557 1426 nouis,
588 1377 802 1426 Larinaque
829 1376 985 1415 Graecis
1012 1386 1095 1416 non
1119 1370 1181 1409 hic
1203 1367 1342 1414 modo⁷
1373 1379 1438 1405 ve·

77 1449 162 1474 rum
184 1445 222 1473 et
241 1434 306 1472 alii
324 1432 483 1474 fortuna
499 1432 638 1475 fimiles
666 1429 938 1474 consudet-uim
993 1428 1158 1479 Quippe
1176 1424 1250 1463 hoc
1269 1422 1438 1465 Athenis

77 1491 279 1530 decretum
307 1488 458 1528 patricii
486 1487 786 1540 promulgauere
812 1485 875 1528 vix
903 1497 1009 1525 anno
1037 1483 1138 1526 vrbis
1167 1485 1313 1525 Romae
1347 1491 1437 1530 qua-

76 1545 293 1599 dragelimo
312 1541 473 1599 septimo
501 1541 610 1600 supra
638 1552 696 1586 ter
718 1550 898 1588 centum,
927 1540 1108 1582 videlicet
1125 1550 1247 1590 quum
1265 1532 1437 1578 Tribuni

76 1603 270 1646 Militares
289 1600 452 1649 imperio
474 1597 676 1640 Consulari
696 1608 932 1639 crearentur.

188 1655 443 1698 Comoediam
461 1655 594 1706 itaque
612 1665 763 1705 tempus
782 1663 822 1690 et
837 1652 1015 1699 materia,
1044 1648 1140 1690 ficut
1171 1647 1358 1693 diximus,
1390 1643 1436 1684 in

76 1713 151 1752 tria
173 1725 321 1765 genera
344 1709 544 1757 diffidunt,
572 1711 790 1762 AntIquum
816 1705 975 1754 scilieet,
1005 1717 1043 1746 et
1072 1707 1255 1748 Nouum,
1282 1713 1321 1740 et
1349 1703 1437 1741 Me-

76 1769 197 1808 dium.
253 1766 371 1807 Stilus
391 1779 501 1812 ver0,
532 1765 707 1810 numeri,
739 1774 780 1802 et
800 1772 1002 1814 apparatus
1033 1760 1194 1814 duplici
1212 1768 1362 1799 tantum
1382 1753 1436 1795 se-

75 1825 205 1863 &ione
234 1823 470 1873 partiuntur:
499 1818 650 1860 diuersa
678 1831 808 1860 tamen
834 1819 1005 1858 ratione:
1044 1817 1230 1868 quoniam
1258 1814 1364 1852 stilus
1393 1821 1436 1851 et

73 1880 230 1920 numeri
258 1877 462 1919 vetustiora
487 1876 566 1916 duo
594 1875 704 1915 fimul
741 1884 1005 1926 componunt,
1050 1884 1151 1924 quae
1186 1871 1235 1910 ad
1262 1869 1435 1910 Alexan-

72 1936 189 1976 drum
221 1931 338 1986 vsque
361 1945 597 1986 peruenere:
628 1929 692 1971 sed
712 1940 915 1983 apparatus
944 1928 1118 1969 medium
1136 1925 1235 1966 illud
1262 1924 1436 1964 aneeffit

74 1991 315 2032 recentiori.¹
347 1992 449 2030 Nam
476 1990 517 2028 in
546 1998 715 2040 vtroque
736 1987 784 2040 (fi
802 1986 1067 2027 Grammaticis
1086 1981 1330 2023 credendum
1358 1979 1435 2033 est)

73 2048 181 2089 nulla
199 2045 321 2088 Chori
345 2044 635 2085 modulamenta
657 2044 917 2095 reperiuntur.
1161 2050 1167 2059 ·
1225 2078 1228 2083 ,
1477 2039 1480 2041 ’

183 2105 275 2144 Non
302 2112 432 2141 autem
461 2098 540 2141 effe
566 2099 727 2139 arbitror
745 2099 917 2139 alienum
941 2098 983 2137 in
1003 2093 1222 2150 praesentia
1239 2092 1431 2146 quaedam

74 2158 355 2213 particulariter
382 2156 643 2205 confiderare,
686 2168 790 2207 quae
822 2153 997 2207 profefito
1026 2154 1146 2193 multa
1179 2164 1261 2189 non
1296 2159 1434 2189 erunt:

36 2239 41 2242 -
75 2216 261 2268 quoniam
281 2213 395 2254 facile
414 2213 566 2253 videtur
585 2226 634 2252 ex
651 2210 835 2251 haffenus
856 2211 963 2249 ditiis
976 2209 1059 2250 fere
1069 2221 1206 2248 omnes
1221 2217 1300 2245 tum
1314 2207 1433 2245 Grae-

76 2284 155 2320 cas,
186 2282 266 2310 tum
276 2271 428 2311 Latinas
447 2267 830 2323 inetriCornoedias,
859 2266 884 2306 si
903 2277 1123 2318 temporum
1141 2261 1362 2316 praesertim
1383 2262 1434 2300 vl-

75 2327 153 2367 lam
169 2326 312 2366 habere
331 2328 501 2366 volueris
517 2326 734 2371 rationem3
765 2323 925 2375 quando
947 2320 1087 2362 scilicet
1105 2321 1147 2359 in
1166 2322 1290 2360 Scena
1316 2318 1434 2357 floru-
1468 2344 1470 2346 v

75 2383 147 2422 erit
167 2380 425 2434 vnusquisque
445 2381 676 2422 Fabularum
695 2384 825 2421 Poeta.
865 2379 1029 2418 Primam
1054 2377 1174 2431 igitur
1202 2378 1348 2415 Romae
1366 2376 1434 2413 Fa-

75 2438 201 2489 bulam
219 2439 310 2478 dare
326 2440 463 2479 Lucius
480 2438 609 2478 Liuius
627 2436 778 2487 occepit
790 2436 942 2474 decimo
959 2432 1069 2485 supra
1080 2429 1434 2484 quingenteiimum'

76 2493 191 2534 Vrbis
210 2501 336 2536 anno:
366 2495 433 2546 qui
452 2493 631 2546 quidem,
658 2493 789 2534 Gellio
808 2490 916 2543 teste,
946 2487 1284 2542 quinquageiimus
1303 2483 1433 2525 secun-

78 2550 148 2589 dus
164 2550 209 2590 ab
227 2550 334 2590 obitu
356 2550 564 2592 Menandri
577 2547 868 2588 numerabatur:
889 2545 1072 2601 vigesimo
1083 2544 1163 2584 fete
1174 2543 1305 2595 postea
1317 2555 1434 2593 quam

79 2607 243 2646 Romani
268 2607 435 2657 primum
464 2603 849 2659 Carthaginienfibus
878 2603 1025 2643 bellum
1056 2597 1299 2653 indixissent:
1339 2610 1432 2636 tunc

79 2662 186 2704 enim
209 2663 304 2716 pace
321 2662 539 2716 composita„
559 2675 660 2715 quae
677 2660 826 2715 populo
841 2662 950 2700 'tanto
974 2655 1373 2711 opere'expetebatur‚
1393 2652 1434 2692 id

313 2732 315 2734 ’
737 2729 761 2756 e
791 2728 815 2770 3
1310 2721 1438 2766 genus
1485 2718 1487 2721 “
