1815 3168
309 162 396 206 ¹40

681 144 834 188 ACT.
868 144 935 187 111.
978 141 1171 187 SCEN.
1207 141 1259 185 ΙΙ.

343 291 402 323 20
435 269 510 320 SI.
545 271 720 318 Mihine
751 268 1006 333 quisquam?
1044 267 1202 315 DAV.
1239 268 1349 317 eho!
1390 284 1441 313 an
1474 278 1566 315 tute
1597 271 1662 316 iu-

533 348 691 395 tellexti
716 347 799 392 hoc
827 343 1086 390 affimulari?
1124 342 1197 391 Sl.
1231 344 1431 390 irrideor.

434 421 482 471 D
502 436 596 469 AV.
634 414 1023 469 Renunciatum'st:
1058 435 1160 465 nam
1195 421 1271 482 qui
1294 418 1418 466 istaec
1451 419 1531 466 tibi
1560 422 1664 467 inci·

535 499 597 545 dit
627 497 837 562 suspicio?

437 572 513 622 Sl.
557 572 680 628 Qui?
720 573 820 634 quia
842 582 884 618 te
905 588 1075 618 noram.
1116 568 1276 617 DAV.
1315 568 1430 633 quasi
1465 581 1513 618 tu
1538 570 1665 623 dicas.

533 647 697 696 fastum
719 647 763 693 id
790 645 966 692 consilio
990 663 1106 693 meo.

437 722 514 773 Sl.
552 728 680 772 Certe
707 725 824 768 enim
850 722 947 768 scio.
996 720 1133 769 DAV.
1168 738 1260 768 non
1292 720 1384 768 satis
1418 738 1489 767 me
1508 738 1666 786 perno-

535 800 584 846 sti
610 802 751 851 etiam,
774 798 911 859 qualis
931 795 1023 850 fim,
1047 800 1182 844 Simo.

441 873 471 924 S
488 891 520 923 1.
555 880 710 936 Egone
731 887 773 921 te
785 876 805 917 ’ἓ
847 869 892 919 D
908 886 939 918 A
954 885 1004 918 v·-
1044 872 1113 920 sed
1135 870 1166 918 fi
1188 871 1295 936 quid
1307 888 1481 920 narrare
1504 875 1669 938 occepi,

533 953 747 999 continuo
782 950 873 996 dari

302 1200 366 1227 aut
384 1202 458 1240 quo
470 1187 597 1237 modo,
618 1197 680 1227 aut
688 1196 846 1239 propter
856 1183 960 1237 quid.

301 1246 406 1299 Qu'd
423 1245 545 1283 credas
556 1245 591 1297 ?]
624 1244 774 1293 Repetit
800 1242 962 1281 verbum

303 1303 384 1339 eius
412 1299 516 1351 quod
536 1301 600 1347 ait,
631 1299 814 1340 Credon'?
844 1309 963 1347 quare

292 1356 568 1396 „adiuuandum
633 1353 964 1406 pronunciatione

302 1411 369 1453 est.
411 1413 498 1467 Qu
514 1412 618 1450 t'non
639 1410 711 1449 tibi
729 1406 963 1460 renunciata]

301 1469 512 1509 Nuuciata:
532 1465 781 1519 compositum
800 1477 871 1516 pro
882 1463 964 1503 fim-

303 1525 404 1578 plici.
461 1526 513 1564 D.

357 1583 464 1631 Lege
490 1577 560 1619 tibi
589 1574 667 1628 fiet
695 1577 963 1622 renunciatum,

304 1634 453 1684 haecfi'c
470 1636 580 1688 fhre,
605 1633 655 1673 ob
673 1631 906 1672 sententiam
925 1641 966 1670 et

304 1706 345 1734 v.
372 1704 438 1733 21.
497 1693 538 1730 B.

360 1760 415 1789 20
441 1746 583 1786 Mihin‘
611 1742 860 1798 quisquam?]
900 1744 971 1782 Fa-

304 1814 373 1843 uet
404 1803 472 1842 sibi
500 1800 620 1841 senex
647 1802 688 1839 in
707 1813 773 1846 eo,
804 1799 909 1851 quod
933 1795 971 1837 se

305 1861 386 1899 vult
399 1855 710 1911 perspicaciorem
721 1856 863 1897 videri„
887 1854 970 1892 Eho

307 1931 355 1955 cm
377 1918 471 1966 tute]
501 1910 580 1952 Eho
603 1912 721 1951 modo
754 1911 971 1950 interieciio

310 1972 364 2013 est
387 1971 628 2017 admirantis,
658 1969 748 2008 alias
769 1967 817 2006 ad
843 1964 880 2005 se
907 1979 972 2005 vo-

310 2028 441 2075 cantis,
463 2026 628 2065 Ehodum
643 2025 693 2063 ad
710 2038 775 2062 me.
829 2025 879 2063 D.

364 2084 501 2133 Aptius
524 2083 607 2128 erit,
627 2080 844 2132 fireponas,
866 2078 970 2118 Min’

300 2143 502 2194 'qut‘cquam
522 2140 537 2177 3
594 2135 641 2177 sc.
701 2136 971 2175 renunciatum

310 2195 397 2238 est?
453 2198 492 2235 B.
939 2211 941 2213 ·

366 2264 417 2294 21
450 2251 552 2290 Nam
569 2248 650 2302 qui]
671 2247 762 2303 Qui,
780 2247 896 2287 vnde.
926 2249 975 2287 D.

371 2308 512 2347 Incidit
533 2304 713 2358 suspicio]
751 2308 806 2344 lta
833 2300 901 2343 Ms.
936 2312 976 2342 et

312 2363 490 2406 Priscian.
505 2362 571 2401 lib.
587 2375 647 2414 15.
660 2359 904 2413 alsuspecffio,
933 2362 974 2400 L.

307 2440 310 2443 >
344 2422 435 2459 ‘Ne
464 2419 593 2469 recipe
610 2415 792 2470 suspec‘tio
812 2430 881 2467 pro
902 2416 974 2466 Ju-

1607 1043 1667 1088 22*

1067 1196 1119 1226 22
1187 1183 1270 1235 uafi
1295 1197 1337 1223 tu
1375 1183 1489 1236 dicas]
1539 1182 1670 1230 Dicas,

1012 1255 1082 1294 pro
1095 1241 1239 1279 credas.
1273 1242 1364 1279 Non
1377 1240 1483 1277 enim
1496 1238 1671 1287 dicimus,

1014 1297 1083 1336 nisi
1095 1295 1198 1347 quod
1211 1295 1422 1334 credimus:
1450 1292 1496 1331 ab
1507 1306 1554 1332 eo
1567 1295 1674 1345 quod

1014 1350 1202 1403 sequitur,
1249 1350 1290 1389 id
1321 1348 1425 1401 quod
1451 1349 1681 1400 praecedit*

1015 1407 1139 1462 figura
1167 1411 1372 1454 μετάληψις,
1411 1420 1432 1444 a
1462 1405 1678 1455 posteriori-

1014 1465 1085 1504 bus
1133 1463 1181 1503 ad
1228 1465 1365 1514 priora.
1430 1462 1537 1501 ldem
1583 1461 1677 1500 alibi

1015 1524 1034 1573 (
1037 1524 1145 1561 Haec
1163 1516 1295 1560 frustra
1311 1520 1350 1558 in
1361 1519 1552 1558 Terentio
1564 1530 1678 1569 quae·

1015 1577 1131 1618 fieris.
1184 1578 1268 1615 Nec
1294 1575 1344 1614 de
1380 1573 1583 1613 comoedia
1611 1573 1678 1613 de·

1015 1633 1166 1687 perdita
1191 1630 1246 1671 fas
1282 1631 1335 1670 est
1371 1628 1557 1682 suspicari.
1612 1634 1678 1669 An

1022 1700 1112 1729 ante
1132 1687 1227 1728 haec
1244 1687 1362 1726 verba
1374 1686 1680 1727 excideruntno-

1021 1758 1114 1785 men
1156 1754 1195 1783 et
1221 1741 1409 1783 sententia
1437 1744 1589 1781 alterius
1617 1756 1680 1781 au-

1023 1801 1155 1843 uotis?
1184 1803 1324 1851 Neque
1341 1799 1380 1838 id
1401 1797 1482 1838 satis
1502 1798 1679 1838 audaster

1022 1858 1197 1897 dixerim.
1256 1857 1369 1906 Quae
1389 1855 1493 1893 enim
1515 1852 1680 1905 sequun-

1023 1925 1101 1962 tur,
1127 1912 1367 1951 Terentiana
1388 1908 1487 1949 sunt.
1517 1909 1671 1949 Phorm.

1025 1985 1098 2017 111,
1119 1981 1156 2016 2,
1177 1971 1242 2020 8.)‚
1264 1967 1448 2005 Audacter
1464 1966 1592 2004 dicito.
1631 1968 1679 2004 Et

1020 2024 1124 2073 alibi,
1157 2023 1399 2062 Foeneratum
1428 2022 1524 2075 istud
1553 2020 1678 2072 benefi-

1022 2083 1120 2120 cium
1139 2078 1289 2132 pulchre
1316 2077 1387 2118 tibi
1420 2078 1532 2126 dices:
1566 2077 1604 2115 id
1625 2076 1680 2115 est

1024 2136 1171 2184 credeS‚
1191 2133 1295 2182 scies,
1316 2132 1467 2174 senties.
1519 2137 1567 2173 D.

1078 2204 1130 2244 23
1161 2191 1285 2230 Etiam
1303 2192 1436 2244 qualis]
1467 2192 1589 2229 Etiam
1609 2201 1679 2240 pro

1025 2246 1162 2287 adhuc.
1193 2257 1231 2285 vt
1258 2247 1443 2300 Virgilius
1469 2248 1588 2297 (Aen.
1619 2259 1680 2284 vi.

1025 2306 1153 2357 485),
1171 2303 1398 2356 Idaeumque,
1419 2306 1527 2341 etiam
1541 2315 1678 2348 currus,

1026 2362 1134 2400 etiam
1156 2373 1259 2398 arma
1278 2372 1466 2399 tenentem.
1522 2361 1571 2398 D.

1077 2413 1289 2455 Rotundius
1310 2426 1348 2455 et
1368 2417 1493 2454 verius
1513 2413 1581 2453 fic:
1606 2426 1682 2451 non

302 2476 435 2531 spicio,
451 2485 582 2513 contra
594 2485 729 2513 omnes
741 2472 848 2511 codd.
877 2476 975 2512 Nam
1012 2470 1112 2523 finis
1122 2469 1286 2524 pernosti
1304 2485 1357 2509 me
1378 2474 1502 2511 etiam.
1561 2471 1600 2508 B.

314 2530 444 2573 versus
465 2529 518 2569 est
530 2528 661 2577 saluus,
683 2527 974 2580 dummodopro

316 2588 423 2643 {staec
445 2584 515 2627 tibi
533 2584 779 2639 reponastibi
791 2585 907 2639 istaec.
936 2587 974 2626 B.

1081 2540 1136 2580 24
1164 2526 1292 2581 Egone
1314 2528 1399 2581 te?]
1429 2524 1589 2567 Duobus
1608 2523 1682 2563 istis

1027 2583 1321 2637 pronominibus
1359 2581 1527 2624 ostendit
1558 2578 1595 2619 se
1629 2577 1684 2618 se-

1600 2648 1681 2675 nex
