1815 3168
289 168 376 213 ¹42

671 146 826 192 ACT.
861 146 932 191 111.
977 143 1170 189 SCEN.
1202 142 1251 187 11.

416 282 494 327 Ne
519 287 567 325 tu
587 276 673 323 hoc
696 274 806 321 mihi
827 269 1039 336 posterius
1062 268 1191 322 dicas,
1212 268 1329 315 Daui
1351 262 1518 314 fastum
1544 283 1646 314 con·

516 352 622 405 filio,
656 360 729 396 aut
756 348 882 394 dolis.

324 448 385 495 30
416 428 593 479 Prorsus
627 444 650 472 a
672 440 742 470 mc
765 423 1025 487 opinionem
1047 419 1159 466 hanc
1179 427 1299 465 tuam
1321 414 1404 464 esse
1423 434 1508 479 ego
1532 433 1650 464 amo·

522 516 609 549 tam
642 499 758 546 volo.

420 573 500 629 St.
538 574 666 624 Vnde
702 573 747 619 id
767 572 876 619 scis?
913 569 1071 618 DAv.
1106 568 1280 622 audiui,
1316 578 1359 614 et
1381 567 1527 622 credo,
1573 564 1651 614 St.

518 651 657 699 multa
679 657 951 696 concurrunt
973 644 1112 699 fimul,

286 924 382 953 nunc
407 907 479 950 tibi
502 907 698 954 renuncia,
730 902 829 952 here,
839 902 950 955 fime-

288 968 387 1021 rum]
420 966 472 1005 Re
490 962 643 1017 syllaba,
675 960 778 1013 apud
796 971 947 1000 veteres

287 1022 484 1064 interdum
517 1018 705 1059 abundat:
753 1027 791 1055 vt
828 1015 945 1055 modo

286 1080 473 1125 renuntio,
502 1088 571 1128 pro
590 1074 748 1112 nuncio.
778 1083 818 1111 et
837 1073 946 1113 Cice-

290 1150 347 1183 ro,
370 1135 622 1174 chunciatur
640 1127 741 1169 mihi.
800 1128 944 1167 Renun-

288 1192 365 1246 cio]
396 1187 510 1241 Quafi
530 1186 717 1227 secretum
729 1183 946 1224 confilium:

287 1259 329 1288 vt
346 1246 467 1299 supra,
489 1244 759 1283 Renunciatum
776 1239 835 1289 est.
865 1243 916 1280 D.

344 1301 452 1343 Ordo
471 1298 580 1338 codd.
600 1308 639 1337 et
658 1306 747 1335 vett.
759 1293 855 1335 Edd.
867 1306 948 1332 me-

287 1360 364 1398 lior
374 1356 438 1406 est,
458 1354 540 1403 tibi,
557 1352 651 1400 here,
674 1352 863 1398 renuncio,
885 1347 949 1387 ad-

287 1415 341 1455 de
358 1413 432 1464 qffi’,
454 1421 493 1450 vt
509 1423 575 1458 ΠΙ,
595 1421 632 1461 5,
656 1409 718 1449 16.
773 1408 814 1445 B.

343 1482 399 1523 29
425 1467 531 1507 Daui
545 1466 694 1519 fac'tum
712 1461 860 1514 confilio
884 1471 949 1499 aut

286 1526 400 1580 dolis]
449 1520 725 1565 Commodius,
754 1528 801 1564 „et
824 1515 948 1569 magis

289 1596 378 1623 cum
395 1579 544 1620 inuidia
562 1576 669 1626 dixit,
695 1575 812 1622 Daui,
834 1585 949 1624 quam

288 1637 318 1679 fi
337 1651 412 1678 meo
440 1631 612 1674 dixiffet:
642 1642 682 1671 vt
699 1630 808 1683 Virg.
827 1629 948 1679 (Aen.

289 1708 372 1743 χιι,
403 1694 506 1745 11.)‚
542 1702 629 1728 cum
657 1690 811 1727 Turnus
839 1685 948 1723 incu-

289 1747 450 1798 saretur,
477 1746 592 1796 dixit,
649 1742 767 1784 Nulla
786 1754 891 1782 mora
909 1741 950 1781 in

290 1807 426 1848 Turno.
481 1805 531 1844 D.

344 1860 462 1902 Tolle
477 1856 567 1898 mihi
577 1853 705 1897 versus
716 1854 855 1908 gratia„
879 1854 920 1892 B.

346 1930 403 1972 30
430 1912 590 1965 Provfias
617 1926 640 1950 a
667 1911 738 1957 me]
773 1907 949 1958 Prorfits,

291 1972 397 2028 quasi
415 1983 530 2025 porro
547 1965 692 2009 versus:
718 1965 821 2017 quod
833 1967 951 2004 Grae-

292 2032 330 2071 ci
366 2026 495 2076 μακρὲν
528 2024 671 2065 dicunt.
731 2020 895 2071 Prorfics
924 2033 950 2058 a

292 2086 364 2135 me]
395 2082 570 2135 Quidam
585 2078 749 2134 μνον-βυ,
770 2090 839 2127 pro
862 2088 950 2127 qua-

293 2155 338 2183 re
372 2139 538 2194 politum
564 2144 712 2188 putant.
766 2136 851 2185 Ego
879 2144 948 2182 pro

293 2211 344 2239 eo
363 2194 470 2249 quod
486 2193 539 2236 est
555 2191 729 2232 omnino.
767 2190 864 2229 Sunt
881 2186 950 2238 qui

293 2251 609 2295 coniunctionem
628 2247 749 2286 velint
767 2241 856 2284 esse.
898 2243 949 2282 Ο.

287 2311 477 2364 pinionem
495 2306 586 2346 hanc
606 2307 723 2355 tuam]
763 2301 871 2340 Hanc
890 2311 948 2338 tu-

294 2380 353 2406 am
365 2397 374 2414 ‚
403 2377 491 2403 cum
509 2360 639 2402 taedio
656 2358 771 2406 dixit,
800 2355 875 2395 hoc
895 2354 950 2394 est

294 2421 411 2463 nimis
428 2416 639 2463 molestam,
659 2414 775 2453 nimis
792 2410 951 2464 suspica-

293 2490 400 2525 cem,
430 2474 543 2515 nimis
564 2468 839 2512 accusatricem.
888 2467 949 2507 Sic

294 2533 390 2573 dixit
407 2531 498 2572 banc
519 2543 630 2577 tuam,
659 2538 698 2567 vt
714 2526 781 2565 ille
800 2524 849 2564 de
873 2523 951 2572 api·

296 2589 366 2630 bus
383 2588 511 2642 (Virg.
529 2587 746 2638 Georg.1v‚
765 2582 863 2632 22),
882 2579 951 2621 Ve-

1564 754 1657 807 Qui

997 916 1038 942 re
1053 900 1144 952 suo,
1198 903 1246 941 Et
1273 899 1393 951 (Aen.
1419 909 1487 946 vx,
1520 896 1653 950 641.)‚

999 959 1182 1011 Solemque
1189 956 1303 1007 ficum
1320 984 1328 1001 ,
1357 953 1432 1006 fita
1442 952 1569 1005 fi'dera
1589 966 1656 991 no-

996 1027 1098 1054 runt.
1152 1016 1200 1053 Et
1220 1014 1259 1051 in
1280 1008 1484 1063 Adelphis,
1502 1009 1579 1048 Iam
1594 1022 1656 1047 ve·

996 1083 1039 1111 ro
1073 1072 1210 1118 omitte,
1247 1068 1385 1108 Demea
1395 1097 1405 1116 ‚
1431 1077 1533 1106 tuam
1556 1063 1658 1116 fiam

995 1125 1234 1166 iracundiam.
1291 1128 1342 1165 D.

1054 1193 1103 1234 31
1134 1181 1297 1228 Audiui,
1325 1192 1361 1218 et
1381 1178 1503 1226 credo]
1532 1179 1655 1217 Locus

998 1238 1237 1283 communis,
1269 1248 1318 1273 an
1347 1233 1475 1274 famae
1495 1232 1656 1271 creden-

998 1293 1090 1332 dum
1130 1290 1183 1330 fit.
1239 1292 1288 1330 Et
1311 1289 1420 1328 bene
1451 1287 1655 1335 subiunxit,

999 1348 1104 1387 credo
1118 1361 1125 1385 :
1149 1359 1233 1385 non
1243 1345 1350 1383 enim
1359 1341 1513 1390 audiffe,
1533 1342 1663 1382 statim.

999 1403 1158 1443 credere
1176 1400 1239 1440 est.
1277 1399 1409 1441 Multa
1428 1410 1657 1440 concurrunt

989 1456 1117 1513 fi‘mul]
1147 1456 1271 1498 Restat
1301 1457 1427 1504 enim,
1456 1465 1498 1495 vt
1522 1455 1655 1493 multis

998 1513 1316 1556 concurrentibus
1334 1511 1461 1566 lignis,
1481 1524 1558 1550 vna
1569 1524 1655 1550 con-

998 1573 1141 1612 ieetura
1160 1569 1357 1608 confletur.
1409 1571 1458 1609 D.

1051 1627 1204 1675 Audiui,
1230 1625 1370 1677 inquit,
1382 1621 1552 1663 conscius
1571 1636 1657 1663 non

998 1681 1101 1730 sum,
1129 1683 1195 1735 qui
1224 1681 1356 1721 auditu
1380 1680 1447 1719 ista
1475 1680 1656 1732 cognoui.

998 1739 1075 1781 Sed
1101 1739 1237 1790 incipit
1255 1736 1424 1790 quaestio
1443 1749 1514 1787 per
1529 1736 1657 1775 locum

1000 1807 1264 1842 communem,
1294 1807 1343 1832 an
1370 1808 1392 1832 a
1411 1805 1476 1831 me
1499 1791 1657 1831 creden-

999 1853 1093 1891 dum
1119 1850 1183 1890 fit:
1221 1848 1398 1901 adiungit
1423 1857 1656 1899 argumenta

999 1921 1049 1947 ex
1059 1906 1229 1959 plum‘bus
1241 1903 1365 1949 rebus,
1375 1906 1421 1944 Et
1432 1903 1548 1941 credo.
1565 1901 1656 1940 mul-

998 1977 1057 2012 ta,
1088 1963 1223 2013 inquit,
1256 1971 1491 2000 concurrunt.
1550 1958 1656 2008 Quia

1000 2027 1226 2072 argumenta
1275 2016 1424 2068 colligit
1462 2028 1511 2054 ex
1546 2013 1654 2053 faffis

999 2071 1331 2127 praecedentibus,
1354 2083 1394 2110 et
1410 2070 1529 2118 diffls,
1548 2068 1654 2121 quod

1000 2130 1197 2183 grauidam
1229 2126 1267 2168 se
1288 2128 1426 2166 mulier
1453 2123 1531 2165 effe
1547 2126 1655 2166 dixe-

999 2197 1066 2226 rat.
1133 2185 1297 2237 Colligit
1331 2194 1461 2222 tatnen
1502 2180 1653 2222 easdem

1000 2242 1077 2281 hoc
1103 2238 1181 2281 ess'e
1207 2239 1383 2287 facturas,
1420 2249 1459 2278 vt
1489 2251 1653 2290 puerum

1000 2309 1090 2338 ante
1108 2296 1244 2335 ostium
1264 2304 1437 2347 ponant,
1462 2293 1652 2345 liquidem

1000 2353 1179 2393 obstetrix
1206 2354 1281 2391 iam
1314 2350 1461 2390 videtur
1490 2347 1567 2390 efl'e
1596 2362 1652 2388 ar·

1000 2410 1138 2450 ceffita.
1206 2407 1396 2447 Obiicitur
1420 2404 1542 2444 rursus
1574 2407 1653 2445 Da-

999 2480 1063 2513 uo,
1089 2478 1153 2503 cur
1173 2477 1254 2502 non
1274 2462 1367 2511 hoc,
1399 2475 1486 2501 curn
1507 2459 1652 2512 expofi-

998 2523 1145 2562 tionem
1173 2519 1409 2572 argumentis
1429 2514 1652 2571 collegifi'et,

998 2578 1185 2618 continuo
1195 2588 1279 2617 non
1293 2574 1433 2616 dixerit
1441 2572 1652 2626 Pamphilo.

1602 2631 1653 2670 Et
