1877 3183
346 319 628 388 dicando
688 316 1177 407 differeudoque
1236 316 1643 386 subtilitatem
1707 335 1772 387 et

343 455 635 513 acumen,
664 450 852 521 atque
880 433 946 497 in
972 431 1130 498 locis
1161 431 1535 517 scriptorum
1554 451 1772 498 corru-

342 548 467 634 ptis
508 544 934 612 emendandis
980 559 1046 609 et
1088 541 1469 634 castigandis
1500 543 1772 636 diligen-

341 660 499 725 tiam
545 657 1041 745 cautionemque
1083 655 1268 741 plane
1305 653 1770 738 admirabilem,

344 788 410 837 et
450 792 613 837 TvA
652 766 946 835 doctrina
972 766 1260 859 dignam,
1291 748 1586 833 omnium
1616 788 1771 834 cou-

342 883 513 949 seusu
564 882 1008 968 maximopere
1058 897 1122 948 et
1162 877 1479 948 verissime
1530 880 1770 948 laudari

340 992 795 1062 meminissem:
823 992 1030 1061 statim
1062 992 1341 1073 decreui,
1371 992 1616 1059 iudicio
1635 993 1771 1059 lub-

339 1107 533 1174 iicere
562 1127 720 1175 Tvo
752 1106 1056 1197 quicquid
1085 1103 1191 1172 hic
1220 1127 1364 1173 mea
1380 1103 1680 1172 effectum
1700 1105 1771 1173 fit

339 1241 558 1307 opera,
581 1217 1080 1289 adhibuerimne
1102 1235 1207 1287 aut
1234 1220 1302 1284 in
1327 1219 1501 1286 notis
1521 1217 1768 1297 Bentle-

335 1332 380 1398 ii
406 1332 457 1399 F
461 1334 763 1423 aernique
788 1334 857 1399 iu
887 1331 1359 1420 compendium
1390 1330 1800 1422 redigendis

335 1445 475 1512 fatis
505 1445 963 1534 perspicuitatis
981 1463 1129 1511 cum
1144 1441 1291 1510 iusta
1313 1443 1646 1521 breuitate,
1663 1458 1770 1509 aut

336 1559 402 1624 in
442 1556 730 1640 scholiis,
792 1578 953 1648 quae
991 1555 1320 1624 interdum
1372 1555 1475 1622 vel
1511 1554 1767 1622 aliunde

336 1669 792 1759 compilaffem,
816 1670 917 1737 vel
942 1669 1072 1758 ipse
1098 1665 1496 1747 addidissem,
1538 1667 1767 1733 idone-

335 1804 439 1852 am
481 1784 918 1875 diligentiam,
965 1799 1071 1850 aut
1109 1782 1180 1849 in
1215 1779 1378 1847 locis
1401 1776 1767 1856 Scholiasta-

334 1919 502 1978 rum,
534 1917 696 1987 quae
724 1911 1028 1983 corrupta
1045 1910 1109 1961 et
1133 1913 1357 1960 manca
1372 1892 1765 1974 viderentur,

335 2009 758 2090 restituendiS,
781 2007 1000 2076 iustam
1018 2007 1385 2076 cautionem
1407 2021 1471 2072 et
1486 2004 1763 2098 pruden-

335 2123 524 2210 tiam,
587 2140 658 2190 vt
685 2122 852 2194 adeo
883 2117 1188 2211 quicquid
1215 2140 1420 2209 TIBI,
1460 2139 1598 2186 VIR
1629 2140 1675 2184 D
1693 2139 1762 2185 o-

336 2257 708 2303 CTISSIME
734 2290 752 2316 ,
812 2233 1139 2321 displicere
1166 2229 1631 2310 intellexissem,
1689 2232 1761 2297 in

333 2347 661 2434 posterum
691 2348 1121 2441 corrigeretur
1141 2346 1628 2433 euitareturque,
1658 2343 1762 2410 vel

338 2459 377 2524 fi
418 2461 571 2550 quid
614 2458 787 2528 forte
839 2482 1012 2528 ΤΙΒῙ
1065 2456 1329 2547 probari
1369 2452 1761 2538 audiuiffem,

340 2595 437 2640 'rv
456 2596 496 2641 A
516 2627 532 2653 ,
589 2595 723 2641 VIR
766 2597 861 2644 (fu
886 2595 926 2641 Α
942 2594 1062 2641 VIS
1082 2593 1307 2653 SIME,
1363 2566 1760 2649 a11&oi·ita‘te,

1557 2703 1759 2773 rquae
