1815 3168
512 149 615 231 *DE
655 184 1046 233 TERENTIO.
1353 207 1472 237 nvn

118 318 293 360 tempore
310 305 470 352 eodem,
500 306 606 356 quod
628 320 647 343 a
669 306 800 344 Plauto
821 306 923 343 rene
942 307 1092 353 dicitur,
1131 306 1219 345 alibi
1241 318 1356 359 atque
1376 311 1468 349 alibi

116 362 250 404 versari
269 361 413 416 potest:
447 359 513 400 niti
533 362 679 411 afiquid
695 360 944 400 monstrosum
966 361 1028 400 fiat
1048 364 1087 400 in
1101 363 1324 404 Comoedia
1359 369 1465 404 idem

115 432 263 466 tamen,
300 432 384 458 cum
418 419 667 458 Curculionis
693 416 841 457 scenam
859 417 1045 469 Epidauri
1074 416 1277 469 posuisset,
1310 423 1465 460 Romam

113 473 240 518 transit
269 475 308 514 in
336 473 498 519 eadem,
529 485 568 511 et
598 475 636 511 in
659 474 919 512 Romanorum
950 487 1098 518 mores,
1124 471 1261 513 scenae
1280 472 1367 513 suae
1388 478 1464 515 iarn

112 531 277 581 oblitus,
315 529 439 568 libere
467 529 667 568 inuehitur
688 544 698 573 2
744 541 784 568 et
822 530 999 581 quidem,
1039 540 1078 568 vt
1117 531 1269 582 antiqui
1298 531 1462 576 Comici,

111 588 304 634 tributim,
335 587 386 624 ita
413 595 450 625 vt
471 596 511 624 et
527 584 675 638 fingula
692 582 879 624 describat
900 586 981 624 loca
1000 586 1084 624 Aa.
1113 596 1176 631 tV,
1208 588 1328 626 Scena
1349 589 1463 627 Aede-

109 643 183 698 pvl.
239 636 319 681 Iam
335 641 381 679 τοὶ
409 639 517 687 ἄλογα
541 642 578 679 in
599 641 750 681 Fabulis
771 655 885 692 quam
903 641 1052 680 multa?
1084 641 1135 679 ita
1157 655 1261 689 voco,
1284 656 1386 693 quae
1407 646 1464 683 ni-

48 705 51 709 ’
109 700 163 740 hil
184 696 388 739 verisimile
409 696 565 736 habent.
620 698 718 737 Tale
741 695 805 744 est,
836 695 1015 736 Soficlem
1035 697 1366 746 Menaechmum,
1395 701 1464 752 qui

108 756 260 796 veniret
287 767 311 793 e
330 754 478 799 Sicilia,
509 752 725 805 surreptum
750 755 843 792 item
871 754 937 804 qui
965 753 1006 791 in
1023 753 1151 806 Iliyria
1169 755 1243 793 iam
1262 754 1462 805 habitaret,

107 811 262 857 habitu,
292 810 432 849 eodem
452 821 649 861 tempore,
684 811 734 847 ita
752 808 859 848 timili
881 806 1006 857 fuiss'e,
1034 820 1073 848 vt
1092 807 1263 861 dignosci
1283 824 1303 848 a
1326 810 1460 863 specia-

105 866 251 909 toribus
280 879 360 905 non
391 863 563 918 poffeut3
596 878 680 903 cum
710 865 805 904 nihil
833 865 953 904 fimile
981 865 1171 906 haberent
1198 865 1288 904 istae
1308 878 1463 920 gentes.

108 923 228 974 Quod
260 923 414 969 vitium,
444 933 494 959 ne
517 935 536 959 a
563 920 731 972 chorago
754 920 917 973 quidem
948 920 1145 960 emendari
1167 922 1304 973 potest.
1361 926 1462 962 Nam

106 980 325 1020 Mercurius
355 976 645 1031 Amphitryone
677 990 717 1016 et
735 978 906 1029 Iupiter,
939 977 1003 1017 Dii
1026 974 1132 1019 sunt:
1163 980 1304 1029 quibus
1330 982 1462 1018 omnia

107 1035 287 1082 concedi,
318 1035 436 1073 etiam
467 1033 547 1081 hic,
568 1031 713 1072 solent.
767 1035 901 1084 Quare
929 1035 1128 1072 incurrere
1164 1033 1206 1071 τέ
1234 1032 1354 1079 ἄλογον
1380 1049 1460 1074 non

104 1088 270 1144 possunt.
328 1091 405 1130 Vbi
434 1089 537 1128 enim
571 1090 638 1128 Dii
671 1101 813 1141 agunt,
847 1087 960 1129 cessat
986 1090 1096 1130 ratio.
1155 1090 1326 1140 Quiduis
1354 1092 1463 1130 enim

104 1144 211 1199 pofl'e
238 1159 325 1193 eOS‚
358 1158 475 1186 nemo
504 1145 576 1193 est,
611 1146 678 1197 qui
709 1159 789 1184 non
816 1146 1018 1196 intelligat.
1072 1147 1117 1183 In
1141 1147 1357 1193 Terentio,
1397 1149 1460 1187 cui

104 1201 172 1242 soli
191 1205 326 1242 Artem
353 1203 507 1242 Flaccus
533 1201 662 1241 noster
681 1199 900 1253 affignauit,
931 1200 1027 1240 nihil
1059 1203 1147 1239 tale.
1203 1203 1346 1242 Omnia
1372 1217 1461 1243 cum

102 1258 265 1306 iudicio,
296 1271 384 1298 cum
419 1260 588 1304 ratione,
622 1255 914 1309 circumspecte,
957 1269 1006 1296 ex
1036 1268 1137 1305 arte,
1166 1269 1208 1296 et
1243 1272 1330 1298 cum
1360 1272 1461 1299 cura.

103 1318 203 1355 Nam
226 1325 265 1352 et
285 1314 449 1354 Fabulae
469 1312 658 1365 insignem
675 1313 761 1352 fere
783 1326 870 1352 cum
889 1314 1093 1364 agnitione
1118 1315 1374 1354 mutationem
1394 1316 1464 1355 ha-

104 1369 219 1408 bent:
251 1382 351 1420 quae
367 1370 472 1408 inter
495 1369 557 1411 τοὶς
584 1369 630 1412 μή
657 1369 762 1411 cia-affl,-
787 1367 866 1408 fiue
886 1375 1113 1415 πεπλεγμέιας
1149 1367 1226 1408 effe
1245 1371 1464 1420 perfeffiffi

105 1438 183 1464 mas
204 1424 356 1463 necesse
375 1425 443 1463 est.
497 1426 631 1474 Qualis
652 1436 691 1463 et
708 1426 749 1463 in
768 1426 920 1475 reliqua
940 1425 1085 1475 vbique
1102 1422 1365 1476 Dispositione
1393 1429 1462 1467 est.

106 1482 226 1531 Quod
254 1481 300 1519 ad
330 1479 552 1518 Dietiouem
588 1490 738 1528 autem,
766 1482 851 1531 quis
877 1481 1058 1532 negabit,
1090 1482 1279 1532 quaedam
1309 1480 1387 1521 effe
1419 1485 1462 1523 in

104 1541 261 1579 Plauto,
293 1549 392 1586 quae
416 1548 489 1574 nec
510 1537 639 1574 locum
662 1541 769 1575 'extra
788 1534 955 1583 scenam,
983 1548 1113 1587 neque
1141 1535 1244 1575 vsum
1266 1536 1336 1576 nifi
1356 1539 1460 1578 inter

103 1592 306 1631 histriones
326 1591 495 1630 habent?
526 1592 642 1630 Vnde
661 1590 740 1631 solo
758 1602 799 1630 et
817 1591 962 1643 exiguo
982 1590 1120 1631 theatri
1140 1593 1285 1632 ambitu
1301 1595 1462 1635 circum·

103 1646 331 1686 scribuntur.
388 1651 486 1687 Nam
507 1657 547 1684 et
569 1646 758 1693 ἁγωνιςικδν
782 1648 823 1686 in
842 1647 946 1695 foro,
972 1659 1113 1698 ³neque
1130 1648 1259 1687 minus
1276 1650 1462 1700 γραφικὼ,

103 1703 183 1743 fiue
202 1702 374 1742 vsitatum
395 1703 434 1741 in
459 1699 662 1741 scribendo
681 1702 938 1741 characterem
952 1733 961 1750 ,
992 1703 1114 1755 longe
1133 1705 1349 1744 excedunt:
1381 1721 1459 1757 quo

102 1760 246 1810 vbique
269 1760 400 1802 Noua,
432 1768 472 1796 et
503 1758 577 1796 iam
595 1758 825 1803 emendata,
860 1755 1011 1809 respicit
1034 1759 1261 1811 Comoedia.
1323 1764 1460 1812 Quare

100 1817 226 1854 varro
246 1827 331 1853 cum
351 1812 537 1852 sermonis
559 1813 712 1853 laudem
732 1815 786 1853 illi
810 1814 963 1860 tribuit,
997 1814 1103 1854 idern
1123 1815 1227 1866 quod
1247 1816 1393 1869 vbique
1418 1820 1459 1858 in

99 1868 258 1922 scriptis,
277 1870 409 1922 quanti
430 1869 572 1908 faceret
592 1872 871 1922 antiquitatem,
893 1869 1118 1921 profiteturt
1151 1883 1188 1912 vt
1208 1874 1275 1924 qui
1293 1873 1339 1911 τοὶ
1356 1880 1460 1921 ἀπῆς»-

98 1934 287 1972 χκιωμένα,
316 1938 418 1977 quae
437 1926 476 1963 in
497 1927 630 1965 Plauto
655 1922 792 1978 partim
813 1939 953 1965 aeuum
976 1941 1052 1978 quo
1071 1926 1167 1966 haec
1187 1925 1348 1980 scripsit,
1376 1944 1460 1981 par-

98 1984 167 2021 tim
186 1994 285 2035 quae
303 1979 497 2033 plerisque
517 1982 661 2033 placet,
692 1981 771 2035 ipsa
789 1981 906 2022 delita
925 1980 1079 2022 excusat
1101 1985 1330 2033 antiquitas,
1358 2001 1462 2025 com-

96 2036 267 2078 mendat.
325 2037 438 2078 Vnde
458 2049 497 2076 et
516 2035 595 2089 ipse
623 2039 690 2090 qui
710 2040 757 2078 sic
777 2038 984 2085 iudicauit,
1014 2050 1052 2078 vt
1071 2039 1238 2079 nimium
1256 2043 1462 2093 antiquita-

97 2096 146 2135 tis
165 2096 204 2134 in
224 2092 424 2134 scribendo
445 2091 648 2140 studiosus,
678 2090 810 2147 neque
835 2092 919 2133 satis
938 2095 1027 2134 aeui
1057 2092 1111 2134 sui
1137 2109 1303 2145 memor,
1335 2101 1460 2138 Varro

98 2151 145 2189 ab
177 2151 344 2202 antiquis
362 2150 519 2190 Criticis
549 2161 715 2190 notatur,
768 2152 956 2199 Quicum
983 2148 1149 2190 sentiant
1168 2153 1237 2199 sic,
1270 2154 1461 2194 iudicent—

97 2220 194 2260 que5
225 2207 338 2247 nobis
356 2207 422 2257 qui
444 2205 491 2244 ab
509 2206 584 2249 illis
605 2208 747 2246 merito
767 2206 1005 2258 pendemuS,
1036 2208 1223 2258 equidem
1252 2212 1460 2250 tacendum

96 2276 198 2303 reor.
257 2263 402 2305 Audict
429 2261 480 2301 de
502 2261 619 2302 caufis
641 2264 898 2314 eloquentiae
925 2273 1149 2314 corruptae:
1182 2265 1375 2305 Neminem
1394 2281 1462 2306 no·

94 2317 241 2371 me'nabo
254 2333 269 2361 ‚·
295 2330 408 2373 genus
421 2316 767 2373 homirzumfignasjb
789 2332 1006 2359 contentus:
1022 2318 1093 2369 fl’d
1111 2319 1218 2357 vobit
1237 2324 1364 2374 vtique
1376 2337 1460 2361 ver.

85 2374 226 2426 fitntur
243 2389 328 2414 ante
352 2375 497 2423 oculos,
530 2378 594 2427 qui
614 2374 792 2415 Lucilium
814 2387 884 2428 pro
905 2375 1082 2420 Horatio,
1109 2390 1143 2413 ez
1165 2377 1374 2417 Lucretium
1386 2391 1458 2431 pro

97 2430 256 2486 Virgilio
275 2431 419 2485 legant,
448 2429 580 2483 quibus
607 2432 814 2484 eloquentia
835 2432 891 2470 tui
911 2429 1182 2485 Aufidiissaffi,
1218 2445 1285 2472 aut
1309 2436 1461 2482 Sermlji

96 2486 264 2527 Noniani
282 2502 330 2526 ex
353 2490 626 2541 comparatione
650 2486 821 2538 Sisennae
840 2500 908 2526 aut
924 2488 1122 2532 Varronis,
1129 2488 1276 2536 sordet.
1338 2493 1461 2542 Quod

97 2555 147 2582 ex
168 2542 324 2584 vocibus
345 2544 511 2594 antiquis
528 2554 657 2596 patet,
690 2556 782 2596 quas
807 2555 856 2582 ex
875 2543 985 2582 libris
1008 2544 1090 2583 eius
1110 2541 1243 2583 Critici
1264 2546 1461 2599 legerunt,

98 2611 183 2638 cum
201 2612 282 2638 non
299 2611 420 2652 pauca
441 2599 513 2638 alia
532 2597 739 2651 exscriptis
753 2600 833 2640 eius
847 2600 928 2652 peti
939 2599 1088 2651 poffint.
1121 2600 1296 2653 Ideoque
1309 2605 1462 2648 Cicero,

99 2655 167 2707 qui
193 2654 244 2696 de
272 2656 406 2697 aetatis
435 2654 523 2696 suae
542 2665 581 2696 et
605 2653 782 2696 sermone
785 2666 841 2754 det
863 2655 1066 2699 venustate
1085 2658 1252 2696 maxima
1269 2671 1356 2699 cum
1377 2673 1465 2699 cura

123 2719 128 2738 ⁴·
1222 2726 1236 2741 ⁸
1366 2716 1465 2757 iudi-
