1815 3168
388 146 483 192 554

521 257 681 319 Coegi:
713 273 868 320 agrum
880 258 999 305 hunc
1013 267 1226 305 mercatus
1238 258 1354 304 sum:
1388 258 1458 305 hic
1472 274 1541 305 me
1555 275 1748 308 exerceo.

793 127 1022 176 ACT.1.
1066 130 1258 177 SCEN.
1287 133 1322 177 Ι.

419 349 482 396 95
522 336 713 381 Decreui
733 334 936 398 tantisper
959 350 1029 379 me
1050 335 1196 379 minus
1220 335 1415 386 iniuriae,

520 410 726 462 Chreme,
751 426 851 455 meo
876 419 1008 469 gnato
1031 408 1184 460 facere,
1207 408 1312 455 dum
1333 407 1432 455 fiam
1453 410 1600 457 miser:

515 490 618 534 Nec
639 485 698 531 fas
721 481 817 536 esse,
838 484 922 530 vlla
943 499 1015 529 me
1037 484 1258 547 voluptate
1280 483 1352 530 hic
1374 484 1476 536 frui,

515 558 615 612 Nisi
633 560 705 607 vbi
724 559 796 605 ille
820 560 906 605 huc
931 558 1066 605 saluos
1088 558 1266 605 redierit
1284 576 1406 606 meus
1427 562 1657 626 particeps.

515 632 563 683 C
578 648 629 685 Η,
665 637 853 698 Ingenio
874 644 917 682 te
938 631 1021 682 effe
1042 636 1088 682 in
1110 630 1269 682 liberos
1291 634 1380 681 leni
1403 646 1529 700 puto,

379 890 550 937 aedibus,
575 904 657 931 non
675 892 911 932 vendendis.
939 895 1038 934 Nam

379 951 559 998 Cuperus
583 949 627 986 ‘in
650 945 866 987 Obseruatt.
902 960 919 989 1
934 978 943 996 ,
978 960 1038 998 17.

378 1002 571 1051 ostendit,
612 1003 817 1043 Mercedem
854 1016 934 1044 non
962 1001 1039 1043 effe

377 1058 548 1110 pretium
596 1071 728 1097 rerum
782 1059 1036 1107 venditarum,

376 1111 444 1151 sed
479 1113 663 1163 quicquid
690 1127 739 1152 ex
769 1115 871 1168 agris
891 1115 1038 1161 locatis,

375 1169 548 1220 pecunia
575 1167 642 1207 sub
669 1167 774 1210 vsura
802 1170 965 1218 credita,
999 1181 1040 1209 et

376 1225 459 1263 aliis
479 1223 605 1273 rebus,
641 1238 803 1277 quarum
822 1228 1037 1278 proprietas

375 1280 423 1319 ad
447 1293 536 1328 nos,
565 1279 648 1319 vsus
676 1282 725 1321 ad
741 1282 848 1321 *al'ios
867 1283 1037 1334 pei-tine-

375 1348 424 1385 nt,
445 1336 676 1389 redigamus.
732 1335 1034 1387 Hu'c‘aecedere,

374 1392 481 1443 quod
517 1393 685 1442 pretium
711 1394 770 1432 rei
799 1394 1035 1434 vendendae

375 1462 577 1498 nunquam
596 1450 637 1488 in
659 1447 786 1489 tabul'a
797 1450 1035 1502 propositum

371 1504 504 1544 suerit.
541 1502 605 1545 Cf.
642 1505 749 1544 locus
783 1506 926 1559 Digest.
952 1520 1033 1555 xlx,

374 1572 414 1601 2.
452 1561 581 1600 Locati
607 1571 646 1600 et
679 1561 879 1612 conduffl,
917 1575 1034 1614 quem

370 1617 497 1656 Bentl.
520 1615 660 1655 laudat.
716 1620 757 1659 Z.

429 1684 485 1724 94
512 1673 588 1711 Hic
606 1686 661 1711 me
672 1674 840 1728 exerceo]
869 1674 1034 1715 Nonhic

371 1726 421 1765 ad
431 1742 432 1745 ¹
443 1728 557 1779 volup
563 1739 680 1767 tatem
699 1729 861 1781 pofitum
872 1738 1033 1780 exerceo,

369 1780 439 1821 sed
477 1783 526 1823 ad
546 1784 725 1832 Vlaborem
737 1799 748 1831 3
789 1787 1034 1837 quemadmo-

368 1838 466 1876 dum
495 1841 629 1892 Vir-gil.
661 1843 783 1887 (Aem
806 1855 887 1891 111,
921 1846 1032 1896 182.)

369 1917 483 1925 ——
527 1909 613 1934 nate
641 1895 761 1936 Iliacis
787 1900 945 1937 exercite
966 1900 1035 1951 fiz-

370 1954 432 1989 tis.
489 1953 530 1990 E.

426 2008 463 2045 N
468 2020 520 2044 on
539 2007 642 2046 male
658 2009 822 2047 Daceria
840 2009 911 2057 ait,
943 2011 1033 2049 ima-

367 2062 504 2114 ginem
526 2063 756 2103 Menedemi
783 2061 882 2104 senis
918 2063 957 2104 se
979 2065 1028 2104 ob

366 2115 579 2157 absentiam
610 2118 682 2158 filii
711 2121 918 2160 cruciantis
955 2120 1031 2160 for-

367 2184 514 2212 matam
534 2170 612 2214 esse
637 2188 686 2214 ex
705 2173 836 2229 Odyff.
863 2182 905 2225 ά,
939 2184 1030 2230 189.

363 2226 472 2280 seqq.
497 2229 560 2268 vbi
582 2233 734 2270 Laertes
753 2232 830 2270 ruri
850 2230 947 2272 solus
969 2233 1030 2273 de-

365 2286 435 2338 git,
456 2282 631 2324 miseram
654 2286 809 2327 trahens
829 2289 956 2336 vitam,
979 2289 1028 2328 ob

365 2338 554 2393 VIyfl'errr
564 2339 774 2383 absentem.
830 2347 870 2394 Z.

419 2408 473 2449 95
504 2397 686 2452 Decreui]
714 2400 802 2438 Plus
832 2400 886 2439 est
913 2400 1027 2440 decer-

363 2465 449 2491 nere
468 2467 583 2504 quam
604 2452 847 2495 constituere.
908 2460 955 2496 Et
973 2457 1028 2496 est

364 2510 525 2560 proprie
544 2510 729 2550 decernere
747 2511 798 2550 de
810 2511 924 2551 rebus
950 2527 1025 2553 ma-

363 2565 452 2616 gnis
476 2576 619 2663 egram
646 2565 820 2621 proferre
844 2566 1028 2611 sententi-

364 2633 437 2662 am.
535 2650 543 2662 .

1591 742 1807 798 v100³}

1806 813 1808 836 i

1805 839 1807 859 ἲ

1140 891 1302 932 Decreui
1335 890 1518 945 tanttsper
1544 890 1618 946 me]
1654 893 1743 931 Hoc
1806 911 1809 933 ,·

1087 950 1193 987 enim
1218 950 1384 988 indicaui
1404 962 1468 988 me
1493 962 1575 987 non
1597 958 1742 1002 tantam

1087 1004 1268 1043 iniuriam
1288 1004 1417 1043 facere
1435 1018 1524 1044 meo
1534 1003 1744 1055 filioquem
1807 1006 1809 1049 j

1808 1059 1809 1074 i

1086 1059 1229 1110 expuli,
1250 1059 1275 1098 {i
1296 1070 1334 1098 et
1350 1058 1430 1111 ipse
1440 1058 1639 1099 miserfim.
1670 1062 1715 1100 E.

1139 1114 1298 1154 Decreui
1317 1115 1510 1169 tantisper]
1542 1117 1683 1157 Cicero
1697 1128 1738 1163 v,

1091 1181 1153 1212 10.
1189 1171 1240 1210 de
1266 1170 1393 1210 Finib.
1413 1181 1451 1210 et
1475 1169 1627 1212 Tuscul.
1655 1184 1742 1219 111,
1808 1206 1809 1234 ἦ

1085 1230 1240 1279 27L

1114 1257 1194 1336 §7
1231 1257 1428 1335 isoluptate
1462 1282 1575 1336 fruz]
1612 1284 1652 1324 Si
1675 1297 1741 1334 pa·
1808 1259 1810 1275 Χ

1084 1349 1217 1378 rentes
1237 1351 1305 1389 pro
1323 1337 1405 1377 filiis
1425 1337 1634 1387 elaborant,
1656 1339 1740 1389 quis

1084 1395 1313 1435 clementior
1321 1394 1394 1433 hoc
1407 1392 1508 1443 sene,
1532 1395 1597 1445 qui
1608 1394 1740 1433 om'nia

1085 1451 1286 1490 commoda
1322 1448 1479 1490 absente
1505 1449 1584 1489 filio
1615 1448 1740 1502 asper.

1083 1510 1218 1546 natur?
1254 1504 1350 1546 Frui
1374 1507 1529 1558 proprie
1541 1505 1611 1554 fest
1639 1506 1739 1546 dele-

1085 1564 1295 1602 &ationem
1315 1575 1452 1614 capere
1470 1576 1518 1602 ex
1535 1560 1610 1602 vsu.
1641 1565 1685 1604 C.

1132 1622 1189 1672 '98
1223 1619 1337 1658 Meus
1359 1619 1560 1672 particeps]
1600 1617 1642 1657 Id
1668 1617 1740 1665 est,

1082 1675 1195 1716 heres
1213 1688 1332 1723 meus,
1355 1674 1455 1726 quafi
1474 1687 1578 1713 nunc
1588 1685 1738 1725 partem

1083 1733 1238 1783 capiens
1257 1731 1449 1770 bonorum
1470 1743 1653 1778 meorum,
1674 1728 1737 1769 vel

1082 1789 1196 1827 etiam
1205 1790 1396 1839 particeps,
1415 1788 1475 1825 cui
1487 1786 1650 1825 debeam
1661 1798 1739 1824 cre·

1083 1845 1177 1883 dere
1194 1844 1326 1882 omnia
1345 1842 1497 1881 confilia
1516 1856 1612 1881 mea.
1645 1843 1690 1883 C.

1132 1912 1186 1952 99
1214 1900 1368 1952 Ingenio
1398 1911 1433 1936 te
1450 1897 1511 1948 est}
1539 1898 1613 1936 leni
1632 1899 1671 1936 in
1695 1897 1739 1936 li-

1081 1953 1187 1994 beros
1199 1954 1314 2007 puto]
1346 1952 1496 1992 Liberos
1527 1953 1738 1994 multitudi-

1081 2011 1141 2049 nis
1164 2013 1326 2050 numero
1353 2010 1461 2057 dixit,
1493 2023 1577 2047 cum
1599 2012 1737 2049 Mene-

1081 2066 1215 2106 demus
1245 2067 1400 2105 vnicum
1426 2064 1584 2104 haberet
1601 2065 1734 2105 filium.

1081 2121 1240 2164 Constat
1268 2122 1375 2161 enim
1400 2122 1578 2172 antiquos
1598 2124 1737 2161 Orato-

1079 2192 1150 2225 res,
1170 2178 1435 2228 historiaeque,
1447 2188 1512 2215 aut
1523 2178 1735 2217 carminum

1078 2236 1307 2286 Scriptores,
1339 2234 1456 2272 etiam
1480 2247 1596 2271 vnum
1614 2232 1734 2272 filium

1078 2290 1268 2337 filiamue‚
1308 2289 1437 2328 liberos
1477 2289 1734 2328 multitudinis

1077 2359 1241 2385 numero
1270 2342 1486 2397 appellasse.
1542 2348 1587 2384 In
1605 2347 1745 2398 Hecy--

1076 2417 1115 2441 ra
1131 2402 1266 2441 liberos
1281 2402 1322 2440 in
1333 2400 1610 2454 significatione
1623 2402 1734 2440 vnius

1076 2458 1178 2497 filiae
1197 2458 1314 2506 dixit,
1342 2459 1426 2513 Qi
1455 2455 1555 2496 illum
1575 2457 1734 2496 decreue-

1075 2527 1167 2554 runt
1197 2515 1371 2568 dignum‚
1402 2512 1495 2564 fitos
1522 2515 1578 2551 cui
1596 2512 1732 2554 liberos

1078 2572 1356 2611 committerent.
1410 2570 1471 2609 Sic
1485 2569 1636 2617 Cicero,
1672 2571 1730 2609 En

1076 2629 1138 2670 cui
1154 2640 1238 2670 tuos
1255 2625 1614 2669 liberoscomminas.
1648 2626 1696 2667 C.
