1815 3168
518 143 1062 197 'HEAVTONTIM

1379 157 1471 203 599

246 279 547 339 Omniumque
579 274 688 322 adeo
718 272 982 325 vostrarum,
1023 272 1179 331 volgus
1213 286 1323 333 quae
1344 270 1394 316 ab
1428 270 1469 316 se

341 352 566 411 segregant
579 369 589 394 :

240 431 297 473 Et
317 443 393 472 vos
419 421 499 471 esse
520 423 767 477 istiusmodi,
792 434 835 470 et
853 439 935 470 nos
961 429 1052 469 no‘n
1078 416 1174 472 esse,
1211 418 1317 465 haut
1339 421 1466 465 mira-

338 495 423 546 bile
461 499 533 546 est.

238 579 360 621 Nam
381 575 553 639 expedit
574 574 709 621 bonas
732 569 814 619 esse
839 571 985 620 vobis:
1021 588 1117 623 nos,
1140 567 1396 633 quibuscum
1407 565 1466 614 est

335 667 419 701 τες,
447 667 539 695 non
562 648 729 706 sinunt:

232 726 414 789 Quippe
444 724 585 770 forma
608 720 779 787 impulsi
801 721 943 781 nostra
964 713 1044 768 nb‘s
1065 729 1275 767 amatores
1297 718 1462 764 colunt.

144 814 205 850 10
237 805 360 858 Haec
381 799 455 846 vbi
477 800 706 846 imminuta
729 795 800 850 est,
824 797 885 843 illi
907 797 1030 843 suum
1053 799 1246 843 animum
1258 793 1340 839 aiio
1361 810 1463 839 con-

332 875 495 921 ferunt.

234 947 332 999 Nisi
365 946 396 994 fi
427 944 708 1013 prospefium
744 949 908 994 interea
944 945 1106 1010 aiiquid
1142 944 1223 998 est,
1277 942 1462 991 desertae

332 1025 522 1071 viuimus
537 1038 549 1073 t

232 1098 374 1148 Vobis
409 1115 510 1145 cum
548 1116 637 1147 vno
674 1099 801 1146 semel
822 1096 906 1146 'vbi
944 1107 1127 1144 aetatem
1159 1112 1286 1156 agere
1317 1095 1460 1142 decre·

331 1166 473 1220 tum’st
493 1174 603 1229 viro,

262 1247 275 1267 ὖ
311 1268 314 1274 .

151 1355 182 1398 ’6
218 1354 350 1408 Volgus
370 1367 458 1406 quae
478 1353 543 1393 abs
560 1353 606 1404 fi
638 1353 755 1408 lbgre-

95 1416 204 1466 gant]
234 1415 318 1451 Hoc
346 1410 416 1457 est,
444 1422 575 1461 neque
602 1408 756 1460 promis-

99 1479 173 1506 cue
194 1464 364 1518 quosque
385 1467 585 1516 recipiunt.
644 1467 691 1506 C.

158 1529 179 1570 8
222 1524 325 1561 Nam
364 1524 509 1575 expedit
545 1519 657 1560 bonas
692 1520 752 1572 eff}

94 1577 220 1631 vobis]
259 1579 362 1628 Quia
394 1591 479 1616 cum
505 1574 583 1615 solo
613 1577 748 1616 viuitis.

94 1636 180 1675 ‘Nee
199 1633 321 1685 potest
340 1630 418 1672 effe
438 1645 548 1672 verus
563 1645 680 1680 amor,
691 1633 750 1670 ni·

93 1689 122 1728 fi
152 1690 254 1728 inter
275 1690 371 1728 duos
404 1690 468 1740 qui
490 1689 555 1727 fibi
574 1689 748 1727 inuicem

92 1744 213 1784 fidem
235 1743 406 1784 seruent:
435 1746 540 1784 iuxta
560 1744 653 1782 illud
666 1745 749 1792 (Se-

92 1813 192 1840 neca
211 1802 250 1839 in
274 1805 410 1853 Agam.
430 1814 475 1848 v,
507 1800 638 1852 259.):
667 1800 748 1838 Nec

94 1869 210 1910 regna
246 1870 306 1895 nec
351 1856 478 1895 taedae
494 1856 638 1906 chz'um
666 1852 749 1907 pat‘t‘

91 1912 225 1950 valent.
281 1911 357 1951 Vbi
384 1911 556 1949 notanda
584 1911 637 1949 est
653 1909 747 1950 haec

92 1967 292 2007 struftura:
323 1965 416 2006 mihi
435 1966 581 2018 expedit
605 1965 666 2018 aeffe'
687 1965 746 2004 ho·

91 2036 201 2072 num,
230 2036 273 2070 et,
309 2022 399 2063 mihi
425 2022 573 2075 expedit
599 2022 660 2074 esse
686 2021 748 2062 bo-

91 2092 152 2118 no.
209 2080 254 2118 C.

146 2136 392 2186 Quamquam
417 2147 554 2174 omnes
575 2132 662 2173 libri
681 2132 746 2172 ha-

90 2186 185 2229 bent
204 2191 317 2230 bonas
329 2207 343 2227 .·
361 2189 600 2229 consuetudo
613 2201 744 2230 tamen

92 2247 249 2299 linguae
303 2247 464 2298 requirit
514 2246 655 2306 bonis(
704 2255 746 2284 vt

88 2301 240 2341 Phorm.
263 2316 304 2352 v,
334 2315 372 2351 2,
395 2314 430 2344 1.
470 2305 528 2342 ·B.

144 2369 170 2409 9
202 2355 668 2414 Quippesbrmaintpulsz']
698 2359 746 2397 Et

89 2411 153 2451 hic
182 2426 288 2453 amor
315 2413 368 2453 est
389 2415 511 2468 gratia
540 2414 746 2464 voluptatis

93 2479 256 2508 tantum.
333 2473 381 2510 Et
428 2469 533 2508 bene
580 2466 746 2520 impulfi‘:

92 2528 192 2565 Nam
215 2525 308 2564 haec
329 2526 458 2564 omnia
475 2538 576 2574 uox,
601 2526 743 2570 viuum,

92 2593 223 2628 amor,
258 2578 523 2633 adolescentia,
552 2580 599 2619 ab
620 2582 745 2633 impul-

88 2635 202 2683 sionis
222 2646 328 2688 parte
349 2636 539 2685 dicuntur,
560 2650 644 2676 non
660 2651 746 2677 ara-

97 2691 369 2733 tioeinationis.
446 2692 640 2737 Amatores
690 2708 745 2733 co·

1321 1247 1457 1293 Cuius

803 1351 902 1408 lum]
923 1355 1238 1394 Benenmatores.
1294 1350 1458 1388 Amator

803 1410 958 1463 fingere
978 1409 1119 1460 potest:
1150 1410 1284 1446 Amans
1303 1417 1395 1444 vere
1418 1418 1456 1442 a·

801 1476 891 1505 mat.
951 1466 1101 1510 Colum]
1134 1464 1259 1503 Colere
1279 1459 1332 1500 est
1354 1459 1455 1498 infe-

800 1521 912 1560 rioris
931 1519 1119 1572 personae
1140 1518 1185 1557 ad
1199 1516 1454 1567 superiorem:

801 1589 1088 1627 nonnunquam
1100 1573 1303 1626 superioris
1326 1572 1374 1610 ad
1396 1573 1455 1610 in-

798 1631 990 1672 fei-iorem.
1044 1632 1153 1683 Virg.
1172 1633 1341 1682 (Aen.1,
1371 1627 1453 1678 16.)

798 1686 1012 1739 Posthabita
1029 1685 1169 1738 colmsfi’
1186 1686 1305 1725 Samo.
1348 1685 1397 1724 C.

857 1756 906 1786 10
936 1744 1137 1783 Imminuta
1175 1740 1291 1779 habet
1316 1736 1451 1777 Bemb.

796 1800 872 1842 Sed
919 1812 1053 1838 omues
1091 1796 1208 1837 nostri
1246 1798 1452 1834 immutata.

797 1856 936 1902 Κεέἶες
965 1856 1053 1906 quia
1072 1855 1111 1892 in
1126 1854 1190 1892 tali
1214 1849 1303 1890 sede
1320 1852 1450 1902 Spon-

797 1912 890 1952 deus
907 1909 1108 1950 Trochaeo
1130 1908 1184 1947 est
1199 1907 1351 1947 melior.
1379 1909 1422 1945 B.

852 1980 868 2009 1
881 1979 898 2009 Ι
930 1965 1020 2017 Nisi
1028 1964 1072 2016 fi
1086 1963 1327 2018 prfspeftum]
1359 1962 1450 2002 Pro-

785 2023 967 2077 spicimus
1003 2021 1147 2061 futura:
1187 2018 1450 2059 Diizcdicamus

794 2076 1021 2132 praesentia,
1079 2076 1257 2128 Defirtae
1268 2072 1447 2126 viuimus]

794 2135 858 2176 Ab
885 2134 962 2180 his,
1002 2135 1066 2185 qui
1095 2133 1144 2172 ob
1176 2143 1346 2171 amorem
1371 2128 1448 2168 sre-

796 2200 961 2244 quentes
993 2201 1110 2228 erant.
1167 2189 1213 2229 C.

846 2251 964 2299 Lege,
989 2243 1316 2297 Nifi‘prospec‘lum
1335 2243 1449 2282 inter-

795 2317 838 2342 ea
867 2315 889 2340 a
910 2300 1017 2341 nobis
1039 2300 1096 2352 cst,
1124 2299 1196 2350 defi
1214 2313 1250 2338 v.
1305 2301 1402 2338 Nam
1415 2296 1451 2350 fi

793 2357 897 2398 abest
932 2371 954 2396 a
989 2357 1183 2409 plurimis:
1218 2365 1257 2394 et
1283 2368 1355 2407 pro
1384 2353 1450 2392 ali-

794 2414 895 2468 quid,
925 2414 1031 2464 quod
1051 2412 1111 2450 hic
1131 2413 1249 2464 plane
1268 2413 1450 2462 ineptum

794 2469 857 2517 est,
876 2481 1027 2520 repone
1043 2484 1063 2507 a
1083 2467 1205 2516 no!›is‚.
1223 2467 1326 2518 quod
1339 2478 1450 2517 repe·
1490 2500 1494 2504 .

794 2526 888 2565 titur
905 2525 946 2563 in
970 2522 1192 2579 quibusdam
1210 2524 1327 2575 librisg
1355 2525 1396 2561 Β.

853 2594 904 2623 12
931 2584 1006 2620 Pro
1031 2581 1173 2632 vulgari
1186 2579 1299 2631 fi'mul
1321 2575 1449 2617 rescri-

794 2637 847 2676 be
859 2635 984 2688 -fi‘mel,
1042 2640 1146 2677 Tum
1172 2634 1254 2687 post
1280 2637 1361 2683 viro
1390 2634 1449 2671 in-

964 2698 1029 2745 Pp
1059 2705 1086 2746 4
1378 2698 1453 2732 ter<
