1815 3168
305 176 395 222 272

726 158 879 202 ACT.
916 158 947 201 Ι.
985 157 1177 202 SCEN.
1210 157 1244 200 1.

439 292 590 342 Quare
612 301 798 349 aequum
827 283 885 329 est
906 300 980 330 vos
1003 282 1276 343 cognoscere,
1300 292 1428 345 atque
1441 285 1676 345 ignoscere,

439 368 565 419 Quae
589 373 754 409 veteres
778 357 1040 411 faffitarunt,
1064 357 1093 404 fi
1114 358 1278 404 faciunt
1301 360 1421 404 noui.

440 445 554 487 Date
577 454 770 503 operam,
794 447 837 482 et
856 451 955 481 cum
978 432 1145 480 filentio
1170 432 1516 487 animaduertite,

335 533 396 580 45
432 521 494 564 Vt
515 510 790 579 pernoscatiS‚
815 510 922 575 quid
945 508 1021 556 fibi
1043 507 1284 555 Eunuchus
1315 509 1432 555 velit.
1468 528 1470 532 ’

414 659 681 714 ACTVS
732 655 942 708 PRIMI

635 747 963 790 PHAEDMA.

1004 653 1260 705 SCENA
1316 654 1569 706 PRIMA.

1019 743 1338 785 PARMENO.

438 879 601 997 Θν
622 904 641 933 1
662 904 690 933 n
731 888 865 946 igitur
909 880 1100 930 faciam?
1156 898 1249 928 non
1281 877 1410 932 eam?
1469 898 1528 929 ne
1559 899 1679 931 nunc

692 961 886 1025 quidem,

362 1141 521 1184 Nullum
539 1140 587 1194 est
608 1142 684 1180 iam
702 1139 840 1179 Alfium
853 1136 967 1190 quod]

305 1205 424 1243 Hunc
464 1201 594 1238 locum
623 1195 801 1238 Terentii
840 1193 970 1232 laudat

303 1259 541 1310 Hieronym.
565 1256 608 1294 in
618 1250 825 1295 Ecclefiast.
838 1264 920 1302 cap.
934 1262 967 1292 1.

305 1313 354 1355 ad
386 1314 450 1352 illa
479 1310 618 1352 verba:
648 1308 757 1364 Qid
772 1307 840 1358 est,
869 1305 970 1359 qaod

291 1371 410 1423 fuit?
441 1369 559 1421 ipsum
596 1367 696 1420 quod
722 1367 809 1404 erit.
867 1363 969 1401 Huic

306 1427 397 1480 quid
418 1423 538 1476 fi'mile
554 1422 766 1474 sententiae
795 1432 830 1460 et
849 1418 969 1459 Comi-

307 1496 366 1522 cus
386 1487 470 1522 at't:
500 1479 618 1521 Nihil
635 1477 681 1531 est
700 1477 850 1524 dietum,
870 1475 972 1529 quod

304 1552 382 1580 non
415 1537 471 1590 fi‘t
507 1536 647 1576 dietum
677 1536 798 1588 prius.
868 1532 971 1573 Vnde

299 1605 515 1650 praeceptor
538 1605 638 1633 meus
661 1593 852 1637 Donatus,
888 1600 969 1627 cum

305 1652 420 1704 ipsicm
433 1664 497 1689 ver
513 1649 646 1689 iculum
658 1658 883 1701 exponerem
904 1645 968 1685 Pe-

306 1719 430 1755 reunt,
462 1709 586 1760 inquit
599 1735 609 1753 ,
635 1706 699 1758 qui
717 1715 802 1743 ante
819 1714 886 1742 nos
905 1714 969 1741 no·

296 1764 380 1817 stra
406 1764 589 1802 dixerunt
612 1771 686 1801 etc.
742 1764 784 1801 L.

362 1819 492 1861 Credo
521 1834 542 1857 a
562 1821 681 1857 Poeta
700 1813 801 1863 effe,
832 1814 969 1854 dic‘lum

304 1877 405 1930 quod
424 1888 496 1915 non
504 1872 559 1925 fit
575 1875 685 1928 prius
699 1901 709 1921 ,
740 1881 779 1912 vt
797 1869 910 1924 supra
927 1884 969 1913 v.

306 1946 374 1986 27.
434 1934 476 1971 B.

361 2001 414 2039 42
456 1986 530 2026 Vos
572 1982 807 2040 cognoscere,
855 1990 969 2033 atque

303 2042 509 2100 ignoscere]
552 2046 675 2089 Σχῆμα
705 2039 817 2087 λέγω,
862 2036 968 2084 παρά-

303 2118 398 2146 μοιον.
457 2102 506 2140 D.

356 2169 406 2210 43
438 2155 545 2211 Qae
574 2163 714 2193 veteres
731 2148 967 2204 fhftitarttrzt

296 2212 339 2265 fi*
348 2214 509 2266 jaciunt
528 2210 637 2264 noui]
669 2212 719 2248 Et
737 2208 841 2247 varie
860 2206 967 2249 dixit,

292 2271 529 2322 fizftitarunt
551 2279 590 2306 et
606 2266 784 2319 finiunt,
818 2274 858 2302 et
881 2275 967 2301 cum

305 2339 448 2378 magna
459 2322 692 2364 defenfione
707 2319 899 2367 Terentii,
913 2316 966 2357 se-

304 2383 382 2421 mel
399 2381 577 2420 facientis
596 2379 649 2428 id,
659 2377 766 2430 quod
777 2375 889 2428 saepe
902 2387 965 2414 ve-

306 2450 418 2477 tereS.
476 2440 525 2477 D.

358 2507 414 2547 44
450 2488 766 2544 Animaduertite]
806 2487 966 2538 (Dona-

306 2560 364 2589 tus
386 2549 489 2600 apud
507 2547 737 2589 Terentium
754 2545 853 2598 legit
871 2543 966 2582 haut

305 2605 425 2645 dubie
450 2616 682 2645 ANJMVM
703 2613 965 2642 ADvER'rl-

307 2676 384 2703 ΤΕ.
414 2662 478 2717 Ζ.)
533 2662 612 2701 NOS
642 2660 854 2700 ἐλλειπτικῶς
873 2655 964 2695 dici·

1565 1037 1681 1082 Cum

1015 1146 1099 1175 mus
1110 1134 1307 1184 aduertite,
1324 1134 1428 1186 quod
1439 1146 1588 1176 veteres
1602 1137 1680 1188 ple-

1015 1204 1079 1240 ne,
1104 1193 1266 1230 animum
1286 1192 1479 1231 aduertite.
1503 1233 1509 1236 ,
1537 1195 1585 1234 D.
1678 1222 1681 1225 -

1073 1247 1163 1286 Cum
1188 1245 1338 1296 filentio
1369 1248 1677 1304 animaduertite]

1017 1301 1091 1343 Mi.
1105 1305 1147 1342 R.
1162 1304 1326 1341 animum
1344 1305 1536 1343 attendite.
1589 1310 1632 1347 L.

1075 1357 1297 1407 Bembinus,
1326 1358 1554 1399 Basilicanus
1573 1363 1599 1399 F
1601 1372 1683 1399 aera

1018 1415 1082 1463 ni,
1111 1425 1152 1455 et
1177 1423 1253 1455 tres
1284 1427 1307 1453 e
1334 1414 1469 1454 nostris
1495 1428 1566 1468 pro
1603 1418 1680 1454 ani-

1015 1471 1239 1511 maduertite
1258 1471 1362 1513 1·e&e
1372 1472 1510 1526 legunt
1520 1474 1682 1512 animum

1018 1529 1211 1569 attendite.
1270 1529 1312 1566 Β.

1074 1596 1129 1638 45
1168 1580 1367 1637 Qidstbi
1393 1582 1592 1623 Eunuchus
1622 1597 1681 1624 ve-

1017 1639 1080 1695 lit]
1115 1639 1312 1686 Α’ςχαϊσμᾶς
1332 1640 1421 1679 velit
1426 1637 1517 1692 sthi.
1550 1649 1589 1678 vt
1616 1641 1680 1680 ali-

1017 1696 1071 1745 bi,
1104 1696 1208 1736 Nam
1219 1695 1319 1750 proh
1346 1696 1449 1736 deum
1477 1708 1588 1749 atque
1619 1696 1681 1735 ho-

1018 1755 1154 1793 minum
1169 1750 1293 1804 fidem,
1309 1752 1416 1806 'quid
1433 1754 1488 1791 vis
1506 1751 1590 1801 ttbi,
1614 1765 1683 1793 aut

1018 1810 1112 1864 quid
1131 1812 1307 1862 quaeris?
1361 1811 1411 1850 D.

1077 1878 1095 1908 1
1127 1866 1236 1920 Qu'd
1264 1866 1384 1920 igitur
1403 1863 1604 1918 fitciann]
1635 1865 1680 1904 In

1017 1921 1088 1961 hac
1105 1926 1265 1968 προτάσει
1291 1919 1518 1971 exemplum
1537 1932 1680 1972 propo-

1016 1977 1136 2026 nitur,
1176 1989 1288 2028 quam
1310 1988 1390 2014 non
1412 1972 1500 2014 suae
1517 1975 1685 2026 potesta«

1016 2033 1061 2072 tis
1082 2032 1134 2081 fit,
1148 2032 1214 2084 qui
1234 2041 1360 2070 amat:
1390 2031 1563 2080 (Excidit
1583 2044 1630 2078 et,
1652 2027 1678 2072 s.

1015 2102 1057 2128 ac
1083 2090 1145 2140 Z.)
1192 2101 1308 2140 quam
1334 2084 1472 2139 sapiat,
1504 2088 1570 2138 qui
1596 2100 1683 2127 nou·

1018 2155 1128 2190 amat,
1153 2156 1286 2195 neque
1305 2143 1416 2182 aliter
1445 2139 1602 2182 affeetus
1623 2142 1682 2182 est·

1018 2202 1173 2254 (Forte,
1211 2212 1325 2253 neque
1358 2199 1480 2239 amo're
1505 2201 1686 2238 merem}

1018 2270 1098 2296 cum
1117 2268 1242 2309 capaus
1260 2255 1317 2307 est.
1371 2254 1448 2295 Nifi
1468 2256 1588 2303 malis,
1611 2255 1678 2294 ista

1017 2313 1133 2353 verba
1154 2328 1175 2352 a
1192 2312 1319 2353 Sciolo
1340 2310 1508 2362 quodam
1523 2312 1677 2351 Stoicae

1015 2367 1137 2409 seoae
1157 2369 1307 2408 addisto
1332 2364 1410 2406 esse
1431 2367 1674 2418 interpolata.

1014 2430 1087 2478 Z.).
1116 2424 1221 2480 Qid
1240 2427 1364 2480 igitur
1377 2425 1526 2476 faciam
1539 2423 1578 2477 ἵ]
1609 2428 1676 2462 δια-

1013 2482 1195 2530 noym-ude,
1226 2485 1343 2528 σχῆμα
1363 2484 1514 2522 διανοίαις.
1545 2484 1677 2531 Appa-

1013 2549 1072 2578 ret
1099 2548 1140 2576 et
1160 2538 1282 2577 multa
1308 2536 1462 2577 tacitum
1494 2531 1676 2588 cogitaffe

1013 2591 1317 2643 adolescentem,
1366 2603 1407 2631 et
1445 2591 1605 2631 tandem
1631 2591 1676 2629 iu

1013 2651 1112 2694 haee
1131 2648 1247 2692 verba
1262 2646 1490 2706 prorupisse.
1531 2648 1672 2703 Igitur,

1602 2715 1674 2755 pro
