1815 3168
330 110 429 166 644

732 98 888 146 ACT.
924 98 997 144 lv.
1039 95 1230 142 SCEN.
1272 95 1302 141 Ῑ.

468 226 629 280 Nostra
651 225 724 280 est,
745 225 774 274 fi
797 228 854 274 ita
876 223 949 273 est.
989 228 1024 272 C
1039 237 1087 271 Η.
1125 223 1292 271 viuitne
1316 221 1412 275 issa,
1450 223 1589 269 cuitu
1621 221 1698 270 de-

567 302 720 353 deras?
767 301 797 349 S
812 316 861 348 o.
898 299 1056 347 nescio.
1128 306 1132 311 ”

469 377 576 431 CH.
613 378 736 435 Quid
757 376 1032 425 renunciauit
1053 372 1192 421 olim?
1226 369 1257 420 S
1271 386 1320 420 o.
1356 368 1499 420 feciffe
1520 371 1567 420 id
1580 372 1702 436 quod

568 453 780 504 iusseram.

470 530 581 582 CH.
622 536 804 579 Nomen
825 526 1017 575 mulieris
1041 522 1148 572 cedo
1173 522 1294 588 quod
1314 520 1377 577 fit,
1399 533 1447 571 vt
1459 533 1705 587 quaeratur.

571 605 603 654 S
616 621 663 653 o.
699 604 907 652 Philtere.

380 705 442 752 50
477 681 508 733 S
522 698 566 731 Υ.
600 681 696 748 Ipsa
725 678 797 728 est.
833 681 998 726 mirum
1020 678 1068 727 ni
1088 675 1161 724 illa
1181 673 1292 722 salua
1311 671 1386 728 est,
1410 683 1453 722 et:
1473 690 1557 735 ego
1577 675 1706 739 perii.

574 756 621 806 C
632 771 681 804 Η.
718 752 918 808 Sostrata,

477 838 669 899 Sequere
701 839 777 878 me
807 833 940 877 intro.
977 824 1073 877 SO.
1112 837 1159 877 vt
1190 831 1365 894 praeter
1390 825 1511 893 spem
1539 823 1709 872 euenit!
1786 826 1790 827 ⁷

576 923 710 972 quam
732 908 860 953 timui
883 904 1009 958 male,

479 990 557 1036 Ne
587 999 708 1030 nunc
730 982 880 1027 animo
900 982 958 1026 ita
983 975 1087 1026 effes
1112 978 1249 1031 duro,
1281 988 1329 1027 vt
1361 978 1470 1027 olim
1490 979 1537 1024 in
1560 976 1715 1024 tollen-

580 1059 650 1111 do,
677 1057 882 1104 Chreme.

479 1135 528 1187 C
541 1147 592 1185 Η.
626 1137 738 1181 Non
759 1132 859 1179 licet
877 1128 1107 1178 hominem
1130 1124 1215 1176 effe
1245 1127 1368 1194 saepe
1387 1130 1445 1177 it'a
1465 1139 1512 1176 vt
1530 1128 1647 1182 volt,
1686 1125 1718 1174 fi

578 1227 648 1258 res
671 1225 763 1254 non
791 1206 910 1254 finit:
980 1259 983 1261 .

483 1292 623 1339 Nunc
643 1286 702 1330 ita
724 1294 901 1348 tempus
930 1280 989 1332 est
1009 1282 1132 1336 mihi,
1153 1291 1200 1331 vt
1221 1281 1395 1348 cupiam
1416 1277 1572 1327 filiam:
1613 1279 1720 1328 olim

583 1359 696 1411 nihil
715 1361 876 1408 minus.

329 1592 346 1603 ”
409 1602 464 1647 49
492 1591 601 1643 Lege
618 1584 779 1629 mulieri.
834 1584 880 1631 3,·

414 1718 468 1760 50
496 1696 582 1755 Ipfit
609 1697 674 1753 est]
701 1698 855 1737 Fatetur
879 1694 1019 1749 Syrus;

340 1804 343 1805 γ
359 1773 399 1803 et
419 1763 605 1800 intererat
633 1753 681 1794 ad
699 1751 938 1805 quaerendas
951 1765 1020 1803 pu-

360 1819 456 1860 ellas
476 1816 636 1854 domum
657 1811 738 1850 eius
757 1809 826 1861 (ad
847 1821 1022 1862 quaeren-

359 1877 444 1915 dam
464 1868 620 1925 puellam
640 1877 767 1906 nomen
790 1867 867 1904 eius
888 1863 1017 1916 nqffi).

358 1933 521 1975 Mirum,
548 1926 589 1964 ni
607 1921 669 1962 illa
677 1921 806 1974 salua]
835 1923 926 1960 Non
939 1929 1023 1971 pot-

362 1986 415 2028 est
462 1981 623 2024 credere
643 2008 652 2027 ,
701 1973 857 2030 periisse
890 1989 1021 2024 anum,

362 2041 468 2095 quod
504 2037 674 2079 maxime
704 2033 823 2073 vellet
847 2031 896 2071 ob
916 2044 1023 2071 reco-

293 2106 295 2108 ’
362 2099 585 2154 gnitionem
630 2088 872 2142 Antiphilae.
940 2087 1022 2143 Ego

361 2152 476 2209 perii]
511 2150 616 2202 Quia
641 2146 843 2198 recognita
870 2142 925 2183 est
954 2158 1025 2183 an-

362 2222 519 2264 tequam
529 2204 722 2246 auferrem
732 2211 948 2255 argentum.
977 2201 1025 2242 C.

421 2333 471 2374 51
507 2320 653 2360 Omnes
679 2311 797 2354 nostri
816 2315 918 2354 intro
938 2310 1019 2354 hac.
1064 2315 1067 2319 “

364 2381 448 2422 Nec
466 2378 575 2417 aliter
592 2372 702 2412 stabit
720 2367 860 2412 versus.
917 2372 960 2410 B.

1484 1395 1725 1504 Achs

1117 1579 1211 1622 Non
1231 1579 1316 1620 licet
1344 1575 1543 1632 hominem]
1574 1579 1664 1618 Non
1684 1575 1727 1616 li-

1068 1647 1128 1678 cet
1165 1636 1281 1681 nobis
1312 1646 1547 1688 perpetuam
1587 1646 1729 1688 gerere

1067 1694 1328 1741 voluntatem,
1364 1692 1534 1731 maxime
1559 1703 1644 1729 cum
1668 1701 1730 1729 res
1814 1717 1815 1733 ¹

1069 1763 1155 1789 non
1182 1749 1405 1802 permittat:
1455 1748 1509 1786 ita
1537 1756 1730 1785 mutamus
1814 1742 1815 1747 ’

1071 1819 1161 1846 cum
1181 1817 1358 1858 tempore
1375 1804 1627 1844 voluntatem.
1656 1797 1721 1842 E?

1126 1917 1221 1957 Non
1240 1915 1323 1956 licet
1342 1913 1537 1968 hominem]
1567 1916 1730 1955 Homer.
1787 1932 1789 1935 ⁴

1073 1969 1205 2026 Odyfi'.
1229 1979 1291 2022 18.
1325 1972 1485 2012 Cicero:
1514 1970 1619 2010 Tales
1630 1969 1731 2021 sunt

1073 2030 1260 2069 hominum
1285 2041 1443 2078 mentes,
1470 2026 1594 2080 quales
1619 2037 1732 2081 pater

1074 2084 1149 2140 ipſse
1167 2087 1325 2141 Iupiter,
1345 2085 1420 2127 &a
1475 2086 1516 2124 L.

1130 2209 1186 2251 54
1212 2195 1328 2238 Nihil
1355 2197 1488 2250 minus]
1518 2199 1615 2245 Pro,
1644 2207 1733 2246 non,

1075 2254 1182 2308 quod
1204 2254 1331 2294 aussus
1351 2253 1496 2293 diuitiis
1517 2249 1621 2297 effer,
1649 2250 1695 2292 C.

1128 2370 1237 2422 Lege
1258 2369 1313 2406 'et
1349 2364 1571 2419 distingue:
1619 2362 1735 2403 sznc

1074 2426 1130 2465 ita
1161 2436 1299 2477 tempus
1316 2423 1424 2475 fert,
1452 2426 1503 2462 mi
1530 2433 1575 2461 vt
1593 2422 1737 2473 cupiam

424 2481 474 2543 5⁴3
506 2488 548 2528 Si
587 2499 644 2526 res
676 2495 750 2524 non
786 2480 889 2531 linit]
928 2482 1027 2523 Nam
1069 2476 1201 2534 filiam.
1258 2479 1346 2521 Vid.
1380 2478 1496 2519 Adel.
1520 2490 1572 2527 v,
1610 2489 1656 2530 3,
1696 2486 1734 2528 5.

364 2546 566 2602 prudentis
593 2542 663 2591 est,
704 2538 847 2581 seruire
876 2547 1027 2591 tempo-

365 2605 426 2644 ri(
466 2604 515 2645 C.

1077 2536 1182 2579 And.
1199 2549 1243 2632 ὲ,
1275 2547 1321 2588 2,
1357 2546 1419 2590 17.
1474 2535 1571 2575 Hec.
1601 2545 1662 2582 xv,
1691 2543 1732 2582 2,
1788 2552 1791 2554 -

1081 2600 1142 2644 18·
1233 2621 1241 2631 ·
