1815 3168
305 156 399 203 ¹54

680 142 835 187 ACT.
868 141 939 185 ΠΙ.
976 138 1171 188 SCEN.
1203 134 1278 186 IV.

433 267 481 319 D
495 282 525 315 A
541 281 588 315 V.
625 272 716 316 Cur
737 287 844 316 vxor
865 285 954 315 non
991 264 1241 312 arcessitur?
1259 269 1363 314 iam
1399 267 1664 335 aduesperas-

535 348 606 392 cit.
649 343 723 390 St.
766 339 911 390 audin'
935 354 983 388 tu
1010 338 1170 391 illum?

432 425 534 483 Ego
556 419 724 467 dudum
747 418 952 465 nonnihil
974 419 1135 466 veritus
1157 417 1276 471 sum,
1317 422 1468 472 Daue,
1509 420 1582 467 abs
1606 431 1664 474 te,

531 512 589 544 ne
612 495 772 542 faceres
795 494 927 547 idem,

297 732 438 774 iaham.
493 732 571 774 Sed
603 731 693 784 quia
726 730 956 786 ambiguitas

296 790 451 828 vitanda
492 789 546 827 est
576 790 806 827 nominatiui
834 788 959 842 {ingu-

297 847 385 886 laris
408 856 447 885 et
465 843 667 883 accusatiui
689 845 857 895 pluralis,
890 857 958 883 ne-

297 897 454 941 'cess'zu-io
473 914 543 952 pro
563 900 635 938 hac
648 901 791 952 regula,
813 899 957 953 digam-

297 973 360 998 ma
381 958 529 1004 vtimur‚
547 956 699 1002 Dafus,
711 955 862 1005 sbrFus‚
877 955 959 995 Ful-

295 1027 367 1068 gus
388 1011 541 1051 torFus.

295 1083 361 1107 cus
395 1067 449 1106 est
468 1066 587 1118 (Edd.
613 1076 702 1104 vett.
731 1066 802 1104 Hic
833 1063 879 1116 est
905 1064 956 1102 Io-

295 1139 371 1164 cus.
434 1126 644 1165 Caeterum
664 1122 767 1176 male
793 1119 883 1160 huic
902 1121 957 1160 lo-

297 1194 343 1218 co
373 1178 553 1224 πκρακμιίν
590 1181 650 1221 τῆς
683 1182 865 1217 ἐτι-τάσεως
895 1174 957 1215 tri—

296 1236 366 1275 bui
395 1251 416 1274 a
443 1240 601 1277 Donato
612 1265 621 1283 ,
652 1234 755 1273 refiie
784 1232 958 1281 obsermss

293 1294 352 1331 uit
373 1292 619 1341 Boeclcrus),
648 1291 691 1328 in
711 1303 787 1341 quo
813 1291 889 1329 iam
909 1287 956 1327 ad

296 1346 504 1388 discrimen
519 1345 801 1398 (dfiretionem.
822 1344 883 1385 ed.
894 1347 958 1384 Du

296 1405 362 1457 Β.)
401 1404 493 1442 mali
529 1402 712 1453 perducta
747 1399 958 1447 comoedia,

296 1463 341 1502 in
371 1460 575 1500 meliorem
596 1469 747 1510 partem
767 1458 845 1496 iam
864 1457 959 1495 iuci-

296 1511 356 1572 pit
376 1516 575 1555 inclinare.
631 1517 681 1554 D.

350 1574 414 1626 Ad
431 1586 465 1611 te
476 1570 591 1625 iham]
622 1572 732 1610 Haec
753 1565 866 1609 scena
879 1582 961 1622 gra-

297 1631 440 1670 tiarum
471 1624 661 1667 affioneni
694 1635 823 1674 tenet,
839 1623 962 1677 'quod

297 1685 428 1727 seruus
479 1683 634 1724 confilia
677 1682 827 1721 domini
876 1694 959 1721 non

295 1743 415 1782 fallat.
472 1741 548 1780 Hic
578 1737 847 1778 tantummodo
875 1751 963 1789 qua-

297 1798 415 1839 litatis
435 1795 548 1836 status
569 1795 622 1834 est
633 1796 674 1834 in
687 1794 869 1834 omnibus
882 1807 962 1847 gra-

296 1855 437 1894 tiarum
469 1850 704 1896 actionibus.
768 1853 887 1896 Tunc
922 1859 962 1888 et

297 1908 498 1950 confilium
518 1906 624 1947 suum
644 1904 694 1947 de
710 1906 852 1957 nuptiis
863 1904 957 1956 quid

295 1966 415 2007 fuerit
436 1963 660 2003 confitetur:
694 1963 786 2000 Non
794 1961 958 2012 fuerant

295 2023 460 2076 nuptiae.
517 2022 616 2060 Nam
655 2028 772 2057 antea
799 2017 956 2064 dixerat,

297 2093 376 2131 quo
412 2077 623 2129 corrigeret
649 2075 776 2113 illum:
828 2072 954 2112 Timui

295 2150 341 2176 ne
368 2134 518 2186 ficeres
548 2130 648 2185 quod
671 2131 799 2183 vulgus
827 2129 956 2176 fi’ruo-

293 2205 378 2232 rum
408 2188 520 2241 solet.
585 2185 789 2237 Siquidem
824 2185 957 2239 vulgus

295 2247 394 2287 dixit
432 2258 501 2298 per
539 2242 840 2283 multitudinem.
909 2242 955 2281 Vt

294 2317 350 2344 me
378 2297 562 2341 deluderes
582 2310 778 2351 prepterea
800 2297 899 2350 quod
916 2310 955 2334 a·

295 2374 375 2400 mat
408 2357 525 2409 filius.
580 2354 657 2396 Vbi
696 2353 954 2406 pulcherrime

296 2421 499 2461 αἱτιολογίαν
509 2411 698 2464 expreffit.
718 2411 833 2464 Egon'
845 2408 956 2458 istuc?

296 2486 370 2524 qua
400 2470 588 2525 grauitate
607 2464 956 2518 pronunciationis,

296 2539 339 2569 vt
358 2529 400 2566 in
419 2533 560 2573 εἰρωνείᾳ
578 2522 661 2562 fieri
682 2517 798 2570 solet,
831 2522 898 2560 ille
919 2519 958 2562 se

295 2582 477 2624 absoluit:
509 2579 612 2620 vnde
629 2578 809 2620 dominus
828 2578 958 2619 eiiam

296 2639 430 2684 <rt-edin
490 2639 534 2681 E.

599 1012 662 1050 Ad
681 1024 714 1047 te
736 1010 866 1063 ibam]
887 1013 956 1050 Lo·
987 1029 991 1033 ·

1526 570 1665 625 Quod

1059 739 1085 772 2
1115 731 1190 771 Hic
1208 726 1336 769 versus
1355 730 1420 769 diu
1439 731 1594 770 vexauit
1606 731 1665 770 in-

1006 796 1203 839 terprete3‚
1238 787 1315 824 iarn
1334 785 1380 825 ab
1401 784 1546 827 Erasmi
1566 798 1667 825 aeta-

1008 853 1058 882 te.
1116 843 1194 882 Sed
1230 842 1324 885 tolle
1355 842 1449 880 illud
1477 855 1526 890 tu,
1550 844 1665 892 illum,

1008 907 1047 937 et
1071 898 1277 938 lambit-um
1295 902 1576 938 Ten-ametrum
1603 898 1668 937 ha-

1007 954 1132 1001 bebis‚
1153 955 1286 1005 quales
1306 951 1372 993 sex
1393 955 1549 1006 priores.
1597 959 1666 994 At-

1007 1023 1086 1060 que
1109 1011 1274 1060 audin’?3
1301 1008 1474 1058 absolute
1501 1010 1665 1062 positum

1007 1063 1072 1111 est,
1092 1076 1130 1102 vt
1151 1062 1260 1115 supra
1277 1077 1306 1112 1,
1325 1079 1361 1118 ς,
1380 1068 1444 1108 66.
1502 1070 1544 1106 Β.

1062 1117 1255 1158 W'esterh.
1273 1133 1372 1158 vxor
1391 1119 1522 1164 omifit.
1578 1124 1619 1161 Z.

1062 1187 1084 1227 3
1119 1177 1198 1231 Ego
1219 1174 1354 1215 dudum
1376 1175 1550 1216 nonnihil
1565 1176 1667 1220 'veri-

1009 1230 1175 1280 tussum,
1193 1231 1315 1279 Daue,
1336 1229 1399 1270 abs
1417 1242 1465 1270 te.
1505 1233 1667 1283 Semper

1008 1287 1136 1340 grauis
1156 1287 1327 1338 inceptio
1344 1288 1540 1337 orationis,
1567 1300 1668 1339 quae

1009 1342 1214 1382 exordium
1242 1340 1358 1382 sumit
1384 1357 1406 1382 a
1432 1345 1679 1394 pronomine-

990 1400 1092 1453 'egen
1122 1402 1306 1450 namen.
1329 1412 1393 1448 ⁴w,-
1419 1400 1560 1452 3330,
1585 1399 1668 1453 Ego

1010 1469 1045 1494 te
1064 1467 1155 1507 quae
1168 1455 1342 1507 plurima·
1343 1455 1482 1506 fizndo.
1512 1466 1563 1504 et,
1581 1455 1667 1510 Ego

1004 1511 1194 1564 postquam
1212 1524 1248 1550 te
1265 1513 1333 1549 emi
1350 1525 1371 1549 a
1386 1513 1552 1563 paruulo.
1582 1512 1668 1566 Ego
1713 1540 1717 1544 .

1009 1567 1174 1620 dudum]
1224 1567 1420 1607 Aduerbia
1467 1571 1666 1621 temporis,

1009 1631 1076 1663 aut
1096 1633 1198 1663 certa
1214 1619 1312 1671 sunt,
1338 1624 1377 1663 vt
1393 1622 1535 1671 hodie,
1564 1636 1668 1668 cras:

1010 1689 1076 1718 aut
1093 1680 1249 1727 incerta,
1280 1688 1319 1717 vt
1338 1679 1495 1726 dudum,
1523 1694 1668 1733 nuper.

1009 1739 1144 1787 ltaque
1161 1735 1318 1774 in‘certis
1347 1747 1494 1775 certum
1514 1736 1668 1776 additur

1011 1802 1184 1843 tempus:
1215 1802 1254 1829 vt
1269 1791 1345 1829 iam
1367 1792 1530 1840 dudum,
1557 1807 1665 1832 nunc

1011 1855 1150 1899 nuper.
1202 1846 1395 1886 Nonnihil
1411 1851 1550 1887 veritus
1564 1849 1663 1899 fitm,

1005 1904 1134 1951 Daue,
1170 1899 1233 1942 abs
1250 1902 1303 1955 te]
1360 1905 1550 1953 Breuiter‚
1579 1918 1664 1956 pro,

1007 1959 1149 1999 veritus
1178 1971 1232 1996 ne
1257 1957 1350 2009 quid
1381 1958 1447 1998 abs
1475 1970 1514 1998 te
1541 1959 1663 2000 fieret.

1006 2015 1097 2053 ficut
1116 2012 1239 2064 supra,
1266 2015 1348 2054 Heu
1368 2018 1481 2054 metui
1503 2030 1525 2054 a
1546 2016 1669 2069 Chry..

997 2071 1089 2123 fide.
1145 2072 1194 2109 Et
1211 2069 1349 2109 Cicero
1368 2073 1456 2122 (pro
1479 2073 1583 2115 Mur.
1603 2077 1662 2123 L),

1006 2125 1126 2184 ‚Quod
1150 2137 1324 2177 precatus
1344 2127 1432 2177 fiam
1458 2142 1480 2167 a
1499 2128 1572 2168 diis
1592 2133 1664 2168 im-

1003 2181 1233 2227 mortalibus,
1272 2196 1341 2234 pro
1377 2196 1425 2222 eo
1465 2184 1569 2236 quod
1595 2184 1665 2234 est,

1005 2251 1105 2290 quae
1150 2252 1172 2277 a
1210 2237 1283 2277 diis
1320 2239 1416 2291 petii
1425 2270 1436 2290 ,
1482 2252 1662 2292 precatus

1004 2307 1083 2335 eos.
1137 2298 1190 2335 D.

1059 2406 1135 2462 Ego
1155 2405 1309 2461 dudum]
1332 2404 1507 2448 Priscian.
1517 2408 1582 2447 lib.
1596 2419 1660 2461 15¹.

1005 2477 1044 2517 p.
1069 2473 1161 2516 141.
1213 2465 1256 2504 L.

1060 2577 1123 2616 Ne
1141 2574 1249 2614 Daue
1276 2576 1319 2615 in
1339 2576 1456 2618 Thefi
1485 2590 1591 2630 pene
1614 2576 1661 2619 fit

1004 2637 1164 2684 mutum,
1183 2632 1269 2672 loca
1286 2633 1370 2687 post
1388 2634 1455 2676 abs
1473 2648 1521 2676 te.
1560 2638 1601 2677 B.
