1815 3168
465 195 763 243 PROLOG.
798 197 876 240 IN
910 196 1119 243 ANDR.

1432 213 1486 247 11

230 319 338 365 Non
361 318 436 379 qui
460 328 767 376 argumentum
788 325 958 368 narret,
991 315 1060 361 sed
1089 316 1164 379 qui
1184 316 1386 365 maleuoli

231 394 400 438 Veteris
431 395 586 438 Poetae
617 388 854 437 malediEtis
876 389 1144 454 respondeat.

231 471 393 520 Nunc,
438 483 570 531 quam
591 484 687 514 rem
709 468 814 514 vitio
837 465 965 515 dent,
1002 465 1171 529 quaeso,
1204 468 1399 514 animum
1419 469 1491 515 ad·

557 544 727 589 vortite.

230 615 476 664 Menander
495 616 596 664 fecit
615 617 827 664 Andriam
851 627 894 664 et
913 616 1193 663 Perinthiam.

140 708 199 743 10
233 695 326 748 Qui
355 693 562 739 vtramuis
583 690 702 740 reste
723 694 867 749 norit,
903 690 1050 738 ambas
1070 693 1262 740 nouerit.

150 970 177 1011 6
202 969 470 1023 Argumentum
479 969 629 1024 narret]
649 968 769 1021 Quod

96 1037 188 1065 vere
206 1026 356 1078 prologi
378 1024 430 1064 est
448 1024 629 1064 officium.
675 1025 766 1080 Qci,

94 1094 168 1133 pro
188 1094 250 1123 vt:
282 1095 374 1134 ergo
391 1095 472 1120 non
492 1081 545 1120 est
556 1081 672 1120 modo
683 1096 769 1134 pro-

95 1150 254 1176 nomen.
310 1138 382 1178 sed
397 1138 459 1190 qui
475 1137 641 1177 maleuoli
667 1152 769 1177 vete-

95 1196 150 1232 ris
177 1194 316 1232 Poetae.
373 1194 541 1232 Primum
574 1208 595 1232 a
611 1205 774 1243 natura,

97 1249 284 1288 maleuoli:
309 1248 453 1288 deinde
473 1261 691 1302 atempore,
713 1251 773 1289 vel

98 1304 145 1344 ab
174 1305 328 1350 inuidia,
354 1307 506 1344 veteris:
536 1320 557 1344 a
583 1305 691 1358 ligno
715 1320 773 1346 ae-

97 1361 330 1408 mulationis,
354 1373 494 1413 poetae.
560 1362 667 1400 Vetus
691 1362 771 1413 ple-

99 1428 262 1467 rumque
282 1414 445 1455 refertur
465 1416 512 1454 ad
524 1415 695 1455 laudem:
714 1418 773 1455 in-

98 1471 249 1510 terdum
282 1470 330 1509 ad
361 1473 697 1523 vituperationem,
736 1482 776 1511 vt

99 1525 174 1575 hic,
196 1538 236 1565 et
255 1526 359 1576 alibi,
388 1528 520 1577 Vetus,
551 1541 699 1566 veterno
719 1542 772 1577 us,

87 1583 219 1634 finex.
274 1586 323 1623 D.

153 1650 182 1692 7
235 1639 405 1691 Veteris]
458 1641 529 1678 Pro
568 1639 697 1678 cariosi
738 1645 777 1678 et

101 1693 201 1746 quasi
220 1693 362 1731 rancidi
379 1691 521 1744 posuit,
548 1704 662 1745 atque
685 1694 776 1733 ideo

99 1750 301 1790 maleuoli:
332 1763 413 1787 non
432 1750 681 1800 criminibus,
711 1748 776 1789 sed

99 1804 321 1844 malediffls.
381 1804 487 1854 Quid
524 1817 650 1845 autem
675 1807 777 1844 inter

99 1861 325 1899 maledifftum
338 1871 376 1899 et
392 1864 525 1900 crimen
537 1860 688 1910 interfit,
710 1862 777 1900 do·

99 1927 167 1962 cet;
178 1917 316 1957 Cicero
335 1917 376 1955 in
395 1914 629 1957 Tusculanis.
670 1919 774 1957 Vete-

98 1976 164 2013 ris.
184 1974 291 2013 Ratio
301 1971 484 2012 inuidiae.
514 1974 661 2013 Poetae.
674 1976 775 2016 Cau-

97 2026 409 2069 saiuseeiationis.
447 2029 674 2071 Malediftis.
695 2031 776 2070 Cri-

98 2085 259 2125 minatio
277 2083 490 2124 aduersarii.
531 2087 672 2127 Veteris
692 2098 775 2139 poe-

98 2154 170 2181 tae.
220 2143 321 2191 Quia
345 2139 463 2180 senex
480 2143 616 2183 Lucius
637 2141 777 2182 edebat

99 2195 268 2245 fabulas,·
287 2195 568 2237 adolescentulo
590 2210 681 2238 tunc
700 2203 777 2238 Te-

98 2252 237 2293 rentio.
291 2256 339 2293 Et
357 2255 577 2308 eleganter,
606 2254 777 2294 maleuoli

98 2313 228 2348 veteris
263 2308 486 2350 maledictis.-
529 2310 775 2350 commenda-

99 2365 154 2403 tio
169 2368 309 2404 Poetae
336 2380 358 2405 a
379 2364 541 2418 persona
558 2365 773 2407 aduersarii.

102 2420 344 2473 Respondeat.
402 2420 601 2463 Excusatio
623 2421 775 2475 respon-

103 2475 248 2526 dentis,
279 2477 382 2529 quod
408 2492 490 2518 non
517 2478 681 2527 obsistat,
712 2477 778 2519 sed

101 2530 338 2584 respondeat.
395 2537 444 2574 D.

161 2596 182 2638 8
214 2590 325 2628 Nunc
343 2603 453 2643 quam
466 2604 542 2630 rem
561 2593 656 2631 vitio
675 2592 779 2646 dent]

102 2647 216 2686 Nunc
244 2646 558 2686 animaduertite:
596 2662 646 2686 an
675 2662 779 2688 nunc

104 2701 198 2741 vitio
235 2700 340 2742 dent.
396 2706 443 2744 Et
481 2705 645 2744 oratorie
677 2704 780 2756 quasi

1385 824 1498 869 Non

816 969 956 1009 multos
968 968 1070 1019 facit,
1091 983 1177 1010 cum
1187 983 1306 1010 vnum
1324 969 1430 1023 supra
1443 971 1498 1010 di-

816 1027 923 1065 xerit.
936 1037 974 1065 vt
985 1028 1112 1079 Vir-g(
1116 1031 1230 1067 Ae.Xl
1237 1029 1352 1078 1,60.)
1362 1026 1498 1079 Defiste

816 1095 963 1121 manum
973 1085 1200 1122 committere
1207 1084 1368 1123 Teucris.
1380 1085 1499 1123 Nunc

817 1151 925 1192 quam
944 1153 1019 1177 rem
1036 1141 1145 1178 vitio.
1200 1139 1407 1189 Propofido
1430 1140 1495 1179 est.

822 1193 957 1248 ¹Quam,
975 1196 1139 1246 qualem.
1186 1196 1287 1235 Vitio
1308 1197 1406 1235 dent.
1431 1197 1500 1237 Vi·

822 1261 1013 1302 timerent,
1041 1252 1208 1302 culpent.
1259 1252 1498 1304 Vituperare,

823 1307 876 1346 est
902 1307 1003 1345 male
1023 1308 1115 1346 vitio
1143 1306 1234 1347 dare
1252 1309 1362 1348 etiam
1382 1307 1500 1349 bona.

819 1363 1025 1402 Aduertite.
1064 1364 1220 1415 Legitur
1246 1375 1284 1403 et
1307 1366 1498 1406 attendite.

825 1417 930 1456 vnde
951 1417 1194 1457 manifestum
1212 1419 1282 1468 est,
1316 1431 1355 1457 et
1372 1422 1503 1458 aduer-

826 1477 895 1512 tite
926 1484 964 1512 et
992 1474 1172 1512 attendite
1202 1488 1285 1514 non
1311 1472 1388 1514 effe
1415 1477 1503 1528 ple·

827 1543 932 1573 num,
951 1528 1019 1567 nifi
1030 1529 1222 1568 addideris
1232 1533 1404 1571 animum.
1450 1535 1501 1572 D.

880 1584 1004 1640 Quam
1025 1600 1099 1624 rem
1125 1587 1220 1624 vitio
1241 1587 1359 1641 dent]
1414 1590 1504 1627 Hoc

827 1639 903 1687 est,
932 1654 1047 1691 quam
1075 1653 1158 1680 rem
1185 1643 1342 1694 culpent
1371 1654 1424 1692 et,
1445 1655 1504 1683 ac-

828 1693 970 1735 cusent.
1024 1699 1067 1736 E.

876 1764 902 1803 9
934 1752 1143 1796 Menander
1161 1753 1262 1804 ficit
1287 1754 1502 1809 Andriam]

825 1808 1001 1846 Narratio
1029 1807 1105 1855 est3
1142 1820 1181 1847 et
1211 1810 1366 1860 proprie
1388 1811 1502 1862 fecit.

825 1860 951 1901 scribit
971 1864 1077 1902 enim
1094 1865 1311 1913 Terentius,
1340 1869 1406 1917 qui
1424 1881 1503 1906 ver-

825 1918 874 1957 ba
906 1917 1065 1958 adhibet
1093 1930 1260 1959 tantum:
1297 1920 1388 1961 facit
1421 1925 1507 1962 Me-

825 1974 985 2022 nander,
1013 1976 1079 2027 qui
1098 1978 1215 2015 etiam
1234 1990 1506 2029 argumentum

825 2033 1036 2083 componit.
1063 2032 1140 2071 Sed
1158 2029 1269 2084 saepe
1287 2034 1334 2072 ad
1351 2035 1507 2074 laudem

823 2089 1019 2135 Terentii,
1060 2087 1180 2135 Fecit,
1221 2103 1290 2140 pro
1325 2103 1372 2128 eo
1400 2091 1503 2142 quod

827 2142 879 2183 est
901 2143 1098 2182 transtulit.
1158 2148 1206 2184 D.

883 2211 932 2240 10
956 2201 1162 2248 Vtramuisl
1174 2201 1297 2240 Prima
1307 2198 1507 2242 scenaPer-

825 2255 971 2294 inthiae
992 2268 1097 2307 pene
1115 2254 1246 2296 iisdem
1265 2257 1402 2305 verbis,
1425 2259 1505 2309 qui—

824 2312 894 2351 bus
912 2312 1074 2360 Andria,
1094 2309 1227 2363 scripta
1250 2313 1303 2352 est
1314 2328 1328 2360 3
1357 2325 1508 2353 caetera

825 2368 1012 2409 diffimilia
1030 2366 1133 2417 sunt,
1168 2371 1336 2422 exceptis
1358 2369 1507 2409 duobus
1547 2369 1553 2375 '

825 2426 926 2472 locis,
939 2425 1054 2464 altero
1066 2425 1113 2464 ad
1127 2423 1249 2464 versus
1265 2439 1320 2474 XI,
1329 2427 1447 2465 altero
1458 2425 1509 2466 ad

827 2478 952 2520 versus
972 2495 1034 2528 xx,
1064 2482 1180 2532 quiin
1200 2493 1356 2533 vti-aque
1375 2482 1505 2522 fabula

829 2536 939 2590 pofiti
973 2535 1066 2575 sunt.
1130 2537 1211 2591 Qi
1245 2541 1350 2577 norit
1381 2553 1503 2585 mmm,

830 2592 951 2633 ambas
962 2596 1118 2632 nouerit.
1157 2595 1326 2633 Omnem
1339 2608 1418 2633 rem
1432 2607 1509 2633 vno

832 2648 937 2688 versu
969 2650 1130 2688 nouerit.
1195 2650 1393 2691 Vtramm's.
1432 2654 1511 2691 De-

830 2705 885 2746 est
904 2705 1050 2747 harum.
1109 2708 1159 2749 D.
