1815 3168
308 129 401 184 518

686 114 848 165 ACT.
879 117 932 161 V.
964 109 1164 161 SCEN.
1194 109 1307 157 VIII.

443 244 540 295 PH.
579 246 764 296 Mirum,
787 246 832 290 ni
856 243 955 289 illoc
981 240 1163 286 homine
1186 253 1368 302 quoquo
1380 232 1511 302 paEto
1533 231 1693 302 opu'st.

549 316 656 367 Cu.
695 321 812 366 idem
839 335 922 378 ego
945 316 1146 362 arbitror.

449 394 565 445 GN.
601 393 736 441 Re&
772 396 921 442 facitis.
958 406 1095 437 vnum
1129 389 1257 434 etiam
1285 384 1371 434 hoc
1395 403 1474 435 vos
1506 404 1610 442 oro,
1645 397 1696 436 vt

548 485 620 518 me
645 472 691 516 in
712 469 906 516 vostrum
934 480 1113 527 gregem

359 564 420 612 55
460 547 715 611 Recipiatis:
756 544 850 591 satis
872 543 948 589 diu
969 542 1054 589 hoc
1075 540 1160 587 iam
1183 539 1328 588 saxum
1349 537 1499 587 voluo.
1523 535 1614 587 PH.
1626 551 1694 586 re·

555 623 759 687 cipimus.

382 837 433 879 53
466 824 641 870 Mirum,
671 822 711 859 m'
735 819 815 861 illoc
846 820 991 859 homine

326 893 480 935 quoquo
507 880 612 930 passio
635 890 723 928 opus
757 876 822 930 est]
851 881 991 917 Facete

326 939 427 978 dixit
447 932 671 975 adolescens
695 933 751 970 rei
771 943 925 982 parcus,
955 940 994 970 et

327 994 399 1045 qui
420 1001 532 1044 putet
559 1001 729 1027 amorem
749 986 830 1024 fine
851 987 995 1024 damno

327 1046 410 1088 esse
429 1056 620 1098 oportere,
642 1043 788 1094 quique
806 1040 995 1080 fefellerit

329 1103 604 1143 meretricem:
635 1112 716 1137 non
745 1095 864 1135 solum
892 1096 993 1134 eiici-

328 1159 482 1198 endum
505 1170 586 1196 non
609 1152 688 1194 esse
709 1153 895 1197 militem,
930 1149 995 1190 sed

326 1215 449 1254 etiam
487 1213 624 1264 quouis
659 1209 777 1248 modo
813 1206 997 1248 sustinen-

330 1271 429 1310 dum
471 1282 514 1307 ac
564 1264 862 1319 perferendum.
919 1263 998 1303 Mt·-

331 1340 436 1371 rum,
469 1328 507 1363 m'
527 1326 610 1363 illoc
632 1321 792 1374 homine]
821 1319 998 1359 obtinuit

332 1380 517 1435 parafitus
548 1382 624 1418 iam
645 1377 752 1429 quod
773 1374 997 1428 negabatur.

330 1439 466 1479 Primo
496 1435 771 1476 deliberatum:
803 1443 861 1479 vt,
895 1429 1001 1484 Qud

331 1494 510 1549 agimus?
558 1490 641 1543 post
669 1484 908 1528 conceffum:
951 1496 999 1535 vt,

334 1552 485 1590 Auitum
518 1550 558 1586 ni
592 1545 677 1588 illoc
702 1545 843 1584 homine
862 1555 1002 1596 quoque

335 1607 444 1658 pasto
481 1616 570 1655 opus·
588 1602 646 1655 est.
701 1601 872 1648 Μιντινη,
899 1602 939 1638 ni
961 1599 1004 1637 il-

337 1661 414 1715 loc]
444 1661 536 1705 Hic,
566 1657 704 1709 inquit5
731 1654 918 1696 eiusmodi
938 1654 1002 1703 est,

338 1728 383 1756 vt
401 1718 514 1755 etiam
535 1728 622 1754 cum
645 1714 747 1752 mala
775 1711 1004 1751 conditione

338 1771 552 1826 patIendus
586 1770 638 1809 fit.
693 1770 794 1808 Idem
821 1782 887 1823 ego
907 1765 1007 1807 arbi-

337 1829 449 1882 2r0r]
485 1830 588 1867 Sane
618 1839 717 1877 opus
746 1823 822 1863 fuit
844 1821 1007 1863 consen-

338 1885 464 1930 sione,
488 1878 931 1934 praecipue,Pffiaedriae²
945 1891 1006 1918 cu-

339 1941 403 1980 ius
432 1952 492 1978 res
523 1938 668 1991 agitur:
698 1949 790 1975 nam
805 1935 858 1974 ita
878 1946 915 1974 et
933 1933 1007 1973 ser-

340 2007 432 2035 uata
452 1992 617 2046 persona
646 1991 701 2031 est
716 1990 827 2031 tarde
847 1987 1006 2029 consen-

341 2052 480 2092 tientis
502 2050 690 2089 amatoris.
745 2051 797 2089 D.

400 2108 573 2152 Mirum,
602 2106 643 2143 ni
664 2104 746 2143 iffoc
764 2101 925 2155 homine]
952 2101 1007 2142 Si-

344 2176 398 2202 ue
429 2163 517 2214 quia
551 2173 654 2199 nemo
680 2160 806 2199 melius
836 2159 1002 2210 accipiat,

345 2233 459 2271 neque
483 2218 690 2269 prolixius,
724 2214 765 2255 id
785 2214 859 2262 est,
888 2213 1010 2253 abun-

348 2275 525 2314 dantius·
565 2273 643 2312 siue
671 2272 857 2322 quoniam
888 2270 1008 2308 multa

351 2332 455 2369 dona
479 2329 673 2368 meretrici
702 2329 848 2366 donare
875 2324 1009 2379 potest.

349 2387 413 2428 Ad
434 2397 690 2437 quaecunque
721 2383 784 2423 hie
810 2382 927 2422 homo
946 2394 1013 2421 ne-

355 2440 531 2481 cessarius
552 2441 614 2480 est.
671 2444 716 2482 E.

407 2500 518 2537 Muta
532 2494 783 2548 personarum
804 2495 939 2543 vicem,
975 2502 1014 2534 et

358 2555 460 2602 prius
495 2552 541 2592 da
571 2549 788 2597 Chaereae,
826 2549 1012 2602 posterius

354 2607 577 2660 Phaedriae,
598 2610 673 2662 qui,
698 2606 903 2651 vtThaidis
914 2619 1013 2648 ama-

1594 689 1696 735 Cu.

1039 827 1118 867 tor,
1146 816 1289 858 tardi0r
1314 813 1363 855 ad
1379 808 1605 854 consensum
1622 808 1701 852 effe

1041 874 1169 913 debet.
1224 876 1330 912 Haec
1351 868 1428 922 ipsa
1448 871 1600 909 videtur
1620 865 1700 908 effe

1043 930 1189 971 Donati
1210 928 1414 968 sententia.
1471 930 1511 966 B.
1544 954 1545 961 ,

1098 997 1152 1038 54
1181 986 1286 1024 Rec‘te
1297 982 1455 1036 jacitis]
1480 980 1700 1021 Gratiarum

1043 1041 1142 1080 aetio
1166 1040 1229 1079 est.
1289 1040 1407 1078 Vnum
1423 1040 1533 1076 etiam
1550 1037 1619 1075 hoc
1637 1049 1704 1076 vor

1046 1096 1131 1149 oro]
1164 1093 1362 1135 Subtiliter
1380 1095 1496 1132 etiam
1523 1091 1704 1145 parafitus

1046 1152 1112 1191 hic
1129 1148 1167 1190 se
1185 1150 1373 1202 adiungit,
1402 1146 1557 1200 suasque
1576 1159 1704 1200 partes

1048 1210 1142 1247 circa
1170 1205 1246 1245 hos*
1266 1208 1357 1258 agit.
1417 1205 1465 1243 Vt
1494 1219 1547 1242 me
1574 1209 1614 1242 in
1649 1218 1707 1243 ve-

1036 1264 1158 1318 strum
1176 1261 1342 1316 gregem]
1371 1259 1539 1299 Iamhos
1557 1259 1706 1299 laudat:

1049 1332 1087 1360 et
1107 1319 1222 1357 nimis
1244 1315 1419 1368 parafitus
1441 1315 1510 1363 est,
1536 1315 1564 1355 fi
1585 1328 1709 1354 recor-

1049 1375 1151 1416 deris
1182 1372 1350 1414 eundem
1378 1369 1532 1420 dixisse,
1560 1369 1703 1420 Facete,

1049 1431 1175 1486 lepide,
1197 1429 1305 1477 laute,
1326 1426 1564 1480 nihilfitpra.
1599 1429 1652 1471 Dr.

1111 1488 1162 1526 Vt
1198 1500 1252 1524 me
1294 1487 1333 1523 in
1365 1485 1515 1535 velhem
1540 1483 1709 1538 gregem]

1050 1544 1177 1585 Etiam
1207 1542 1257 1581 de
1280 1538 1317 1580 se
1335 1537 1564 1592 persuadere
1576 1541 1710 1589 voluit,

1051 1610 1092 1639 vt
1110 1612 1191 1638 non
1211 1596 1454 1646 excludatur,
1482 1594 1548 1635 sed
1566 1597 1712 1647 pariter

1053 1669 1149 1701 cum,
1160 1654 1183 1692 h
1190 1656 1220 1692 is
1231 1652 1342 1706 poffit
1351 1653 1493 1701 viuere,
1514 1652 1632 1692 etiam
1641 1651 1713 1692 ho·

1051 1725 1138 1751 rum
1157 1710 1312 1749 auxilio.
1368 1710 1411 1749 E.

1107 1767 1178 1807 Me
1189 1768 1228 1805 in
1239 1765 1397 1818 vostrum
1409 1765 1578 1820 gregem]
1603 1765 1710 1805 Seru.

1054 1822 1217 1867 Aeneid.
1240 1835 1300 1870 x1,
1319 1834 1412 1876 352.
1470 1821 1590 1861 Vnum
1599 1822 1712 1861 etiam

1054 1881 1172 1919 donis.
1227 1880 1281 1917 L:
1470 1893 1474 1896 ’

1108 1933 1170 1975 Ab
1189 1931 1368 1971 omnibus
1386 1931 1496 1976 codd,
1518 1931 1655 1972 nostris
1672 1941 1713 1974 et

1054 1989 1144 2031 edd.
1160 1999 1252 2029 vett.
1266 1989 1368 2028 rede
1386 1988 1500 2038 abest,
1518 1989 1596 2028 hoc.
1620 1992 1661 2029 B.

1113 2057 1165 2099 55
1196 2045 1299 2084 Satis
1320 2045 1380 2083 diu
1404 2045 1470 2083 hoc
1487 2044 1713 2097 iamfizxum

1055 2101 1191 2155 voluo]
1239 2101 1340 2141 Vide
1382 2100 1713 2152 quemadmodum

1038 2194 1041 2195 γ
1055 2157 1181 2210 serpat
1197 2157 1377 2209 paulatim
1392 2158 1507 2196 etiam
1523 2158 1564 2195 in
1577 2170 1715 2196 eorum

1055 2213 1347 2253 assentationem
1367 2226 1414 2251 ex
1431 2214 1716 2265 vituperatione

1059 2271 1199 2309 militis.
1271 2269 1354 2308 Hoc
1390 2269 1529 2320 saxum
1572 2268 1715 2323 voluo]

1058 2324 1309 2367 prouerbium
1344 2326 1384 2363 in
1405 2339 1492 2373 eos,
1520 2326 1586 2377 qui
1607 2326 1715 2364 inex·

1062 2381 1225 2422 tricabili
1243 2380 1373 2421 labore
1394 2381 1524 2420 affliffi
1544 2380 1641 2423 sunt.
1667 2383 1717 2421 Et

1061 2437 1167 2477 bene
1197 2436 1339 2476 Saxum
1366 2436 1416 2476 de
1445 2436 1557 2477 stulto
1591 2437 1716 2476 milite

1062 2495 1134 2533 ait:
1163 2503 1201 2533 et
1227 2490 1264 2532 se
1289 2491 1412 2543 ipsum
1436 2491 1640 2546 Sisyphum
1663 2491 1717 2532 fe·

1061 2550 1122 2589 cit.
1180 2550 1261 2589 Hoc
1275 2550 1417 2600 fizxum
1445 2549 1572 2605 voluo]
1600 2549 1718 2590 Velut

1060 2603 1242 2659 Sisyphus
1263 2606 1362 2659 apud
1384 2604 1542 2647 inferos.
1598 2608 1647 2647 D.

1634 2661 1718 2701 Dia
