1815 3168
534 139 652 210 *DE
681 165 1085 214 TERENTlo.
1381 185 1506 214 mn

152 288 384 340 obseaenum,
415 286 455 323 in
483 283 550 323 hac
568 297 700 332 autem,
723 286 824 337 quod
837 284 1083 338 suspicionem
1104 298 1248 325 tantum
1275 290 1350 327 eius
1369 303 1503 337 mouet,

152 344 261 395 risimt
281 355 430 395 -quoque
456 342 660 394 exprimit;
692 355 782 393 quae
813 356 886 380 non
913 352 1045 394 purum
1067 341 1244 393 diffluunt
1269 345 1322 382 ad
1348 346 1510 398 venusta·

151 415 232 441 tem.
287 398 395 437 Idem
418 397 468 436 de
487 398 632 435 canillis
654 410 810 448 quoque
828 398 934 437 addit
955 409 993 436 et
1015 399 1210 436 conuiciis.
1270 400 1426 450 Quibus
1447 403 1510 440 ab·

150 452 315 496 stinuisse
344 454 515 492 Plautum
543 452 708 500 constat,
737 465 821 491 cum
854 452 1114 493 obscoenitate
1138 455 1288 493 nemini
1310 457 1506 497 concedar.

148 512 274 553 Huius
297 520 427 548 autem
450 509 490 548 in
515 520 675 560 vti-oque
693 521 741 547 ex
759 508 976 548 Aristotelis
990 510 1132 548 iudicio
1156 507 1361 552 discrimen
1380 513 1507 552 videa-

146 580 243 608 mus.
298 564 459 618 Byrrhia
477 564 578 616 apud
597 565 830 604 'serentium
849 565 1016 605 Andria:

256 621 335 675 Ego
351 621 454 660 ,illam
474 622 555 660 vidi
574 623 778 674 virginem:
796 621 934 671 form
962 620 1058 660 bona

256 678 420 717 stlemini
436 677 572 716 videre.
628 676 716 730 Qo
733 679 889 729 aequior
904 677 993 727 fitm
1017 677 1226 728 Pamphilo,

258 733 298 772 Si
318 732 359 787 fi·
379 732 477 772 illam
495 732 707 784 insomnis,
736 746 844 787 quawm
860 732 981 779 illum,
1008 735 1172 786 amplec‘li
1192 733 1336 775 maluit.

145 788 266 829 Vides
285 791 326 827 in
350 789 427 836 his,
457 802 537 827 non
560 786 882 836 obscoenitatem,
912 787 976 829 sed
1003 787 1259 841 suspicionem
1290 793 1345 832 rei
1371 804 1503 842 parum

144 846 417 893 verecundae,
446 853 500 881 καὶ
532 842 700 893 ὑπόνοιαν,
739 859 838 897 quae
864 857 939 885 tam
967 845 1021 884 est
1052 845 1227 893 honesta,
1258 859 1296 885 vt
1319 862 1341 886 a
1369 852 1505 900 quauis

143 903 301 954 virgine.
320 901 380 950 id,
411 900 623 941 vrbanitate
640 899 760 949 salua,
791 902 864 940 dici
895 899 1015 954 possit.
1072 902 1180 952 Quid
1210 904 1317 942 enim
1341 901 1502 955 suauius,

144 972 257 1010 quam
278 957 468 1008 insomnis
490 956 678 1008 amplec‘li?
700 961 753 996 'Et
769 957 927 1008 quidem
946 957 971 996 fi
991 957 1042 997 de
1059 957 1139 996 viro
1168 970 1207 997 et
1227 958 1388 1000 formosa
1414 975 1505 1001 con=

141 1015 237 1068 iuge
256 1014 422 1057 dicatur!
453 1016 542 1052 Non
571 1015 677 1052 enim
697 1013 790 1052 dicit
821 1020 936 1062 βινεῖν,
965 1013 1072 1064 quod
1095 1014 1373 1066 Aristophanes
1393 1016 1504 1056 dixis-

143 1068 210 1118 set,
239 1083 312 1108 nec
331 1083 431 1120 quae
449 1070 489 1107 in
512 1082 554 1107 re
582 1070 645 1108 tali
666 1070 819 1109 Plautus
839 1067 1015 1121 vsurpare
1034 1067 1135 1116 solet,
1158 1072 1225 1122 qui
1244 1084 1317 1110 nec
1338 1071 1504 1114 honeste

143 1139 191 1166 ea
219 1126 330 1174 dicit,
364 1137 403 1164 et
434 1123 628 1166 obscoene
652 1126 979 1178 circumloquitur.
1036 1128 1137 1166 Nam
1164 1128 1293 1179 qualia
1321 1125 1408 1168 sunt
1437 1130 1502 1170 ista

140 1181 298 1226 Cafina!

254 1240 341 1279 OL.
374 1235 446 1276 Vbi
474 1238 575 1276 locus
595 1237 745 1288 fitmtus
767 1249 886 1291 porro
917 1238 988 1291 est,
1017 1239 1192 1277 continuo
1210 1237 1341 1290 stric‘lo
1358 1242 1501 1296 gladio.

359 1297 470 1333 atat!
496 1298 637 1346 papae!
661 1298 802 1346 papae!
829 1295 914 1336 CL.
943 1295 1052 1349 Qid
1076 1296 1119 1333 id
1129 1300 1277 1346 papae?

258 1351 343 1390 OL.
370 1349 589 1403 ‘flagitium
628 1350 675 1389 oh
704 1363 784 1389 erat
823 1353 1032 1390 maximum.
1088 1352 1256 1407 gladium
1282 1366 1326 1392 ne
1351 1352 1503 1396 haberet

361 1409 473 1444 metui
483 1421 497 1442 .-
523 1406 564 1444 id
582 1419 753 1457 quaerere
779 1408 911 1458 occepi.

258 1461 358 1500 Dum
383 1460 557 1500 Gladium
577 1476 618 1499 ne
638 1461 769 1499 habeat
787 1475 943 1514 quaero,
975 1464 1117 1514 arripio
1138 1463 1313 1515 capulum.

145 1521 242 1558 Nam
262 1529 410 1556 caetera
429 1518 467 1555 in
488 1517 625 1567 quibus
642 1518 759 1567 plane
777 1518 961 1568 loquitur,
990 1516 1215 1569 praesertim
1236 1533 1322 1559 curn
1348 1521 1399 1562 de
1417 1524 1501 1562 Ve-

145 1588 243 1613 nere
267 1571 401 1627 ἒιῤῥιίτῳ
444 1574 546 1625 agit,
585 1586 631 1611 ea
661 1586 752 1611 vero
783 1586 836 1611 ne
864 1587 1167 1614 commemorare
1195 1577 1355 1626 quidem
1385 1580 1499 1619 malo.

143 1635 241 1671 Puto
264 1641 389 1668 autem
409 1627 492 1667 satis
525 1625 601 1668 esse
627 1627 892 1676 manifestum,
927 1632 1043 1668 etiam
1072 1644 1159 1668 cum
1187 1632 1501 1684 circumloquitur

144 1697 244 1738 quae
263 1699 396 1737 parurn
416 1682 500 1722 sunt
523 1683 699 1732 honesta,
730 1696 783 1722 ne
802 1683 965 1723 honeste
986 1686 1166 1736 quidem,
1197 1699 1236 1725 et
1264 1701 1349 1727 com
1379 1688 1502 1730 hone.

139 1741 280 1780 starum
319 1741 468 1779 aurium
502 1738 671 1784 fastidio,
699 1738 737 1777 id
764 1737 860 1779 fieri.
916 1741 1036 1780 Vides
1058 1754 1155 1795 ergo
1188 1744 1317 1792 paffim
1348 1746 1500 1786 Veteris

139 1798 373 1849 imaginem,
400 1796 536 1843 etiam,
563 1794 613 1834 de
633 1808 709 1846 quo
726 1808 817 1834 mox
839 1796 973 1847 paullo
995 1797 1101 1848 post,
1129 1797 1330 1838 dicacitate
1359 1814 1403 1840 ac
1420 1816 1500 1842 ma-

140 1852 359 1892 ledicentia.
417 1852 530 1902 Quae
556 1850 727 1891 Athenis
755 1854 892 1904 partim
917 1853 1046 1906 leges,
1077 1855 1213 1905 partim
1242 1868 1384 1906 metus,
1416 1873 1499 1910 par-

140 1909 210 1948 tim
237 1907 316 1959 ipsa
343 1907 568 1947 emendauit
595 1908 713 1947 ratio:
755 1921 843 1946 cum
876 1919 1007 1949 tamen
1041 1908 1118 1949 sola
1142 1909 1256 1951 risum
1283 1910 1497 1954 felicissime

139 1975 356 2004 mouerent.
409 1966 546 2003 Nouae
566 1974 695 2002 autem
716 1977 782 2002 rex
793 1963 1048 2017 princepsque
1067 1968 1293 2007 Menander
1310 1967 1407 2009 suit:
1438 1984 1498 2010 cu-

138 2021 195 2059 ius
215 2017 386 2072 expressa
405 2020 533 2072 imago
561 2033 605 2058 ac
624 2019 775 2072 effigies
793 2023 1014 2061 Terentius.
1072 2024 1209 2073 Quem*
1231 2037 1316 2064 curn
1336 2037 1498 2078 vterque

139 2073 361 2128 accepisset,
392 2076 658 2127 Aristophanis
687 2077 843 2115 virtutes
876 2076 947 2116 hac
978 2079 1160 2119 mercede
1183 2081 1363 2132 expressit
1389 2084 1497 2122 Plau-

139 2145 217 2181 tus,
249 2144 287 2171 vt
313 2145 390 2170 nec
419 2145 555 2170 omnes
581 2129 705 2184 poffet
724 2132 850 2184 (quod
879 2145 918 2172 et
943 2134 1105 2186 linguae
1124 2135 1336 2185 diuersitas,
1367 2149 1406 2177 et
1426 2143 1497 2180 Ro-

138 2202 345 2229 manorum
367 2189 493 2240 legeS,
525 2200 565 2227 et
582 2200 778 2240 tempora,
804 2201 846 2227 ac
864 2191 1252 2243 Rerumpublicarum
1278 2194 1372 2233 ratio
1394 2207 1496 2234 veta-

138 2244 223 2293 bat,
255 2244 400 2284 sublata
420 2247 492 2283 iam
512 2244 773 2284 maledicendi
795 2244 991 2294 libertate,
1018 2259 1120 2298 quae
1130 2249 1358 2314 praecipua,
1387 2252 1495 2301 quod

140 2314 260 2340 nemo
286 2298 416 2348 nescit,
436 2304 480 2338 τέ
498 2307 609 2346 'yemis
632 2314 716 2351 pars
737 2300 824 2353 est,)
852 2308 894 2340 et’
908 2315 1164 2355 quaecunque
1182 2305 1225 2342 in
1238 2305 1497 2358 Aristophane

134 2356 356 2397 Plutarchus
384 2371 405 2396 a
440 2358 637 2396 communi
669 2355 951 2397 consuetudine
977 2359 1166 2410 loquendi
1194 2359 1401 2401 abhorrere
1427 2377 1496 2401 no·

140 2423 211 2462 tat,
241 2415 439 2453 retineret.
499 2416 597 2452 Nam
625 2423 662 2453 et
683 2413 772 2451 nara*
790 2413 850 2452 τδν
869 2414 1040 2463 asna-anch,
1067 2417 1244 2457 vtCritici
1265 2417 1489 2469 loquuntur,

137 2477 192 2507 καὶ
213 2470 270 2506 τᾶν
288 2473 348 2512 τῆς
365 2474 503 2512 διανοίας
519 2467 639 2515 τρόπον
656 2470 831 2515 θυμελικδς
850 2470 915 2519 est,
936 2482 974 2509 et
993 2470 1197 2520 theatralis,
1216 2486 1297 2512 non
1313 2476 1492 2525 πολιτικδς,

138 2534 267 2576 neque
293 2529 335 2573 τῇ
359 2526 448 2564 κατὰ
472 2524 533 2567 vn&
558 2524 719 2568 ἀλήθειαν
739 2532 810 2575 ἰδέᾳ.
828 2531 1007 2574 διαπρέπει·
1036 2540 1171 2578 neque
1188 2530 1366 2578 pauciora
1384 2531 1494 2570 addi-

139 2580 219 2628 dit,
250 2582 291 2619 in
321 2582 455 2633 quibus
489 2581 582 2620 dum
608 2582 788 2621 ridiculus
812 2582 935 2621 videri
963 2584 1056 2632 vult,
1083 2582 1244 2636 frigidus
1270 2597 1315 2624 ac
1342 2585 1493 2626 odiosus

138 2636 196 2686 fit,
228 2637 330 2689 quod
357 2651 438 2677 non
457 2637 648 2687 nostrum,
676 2636 739 2678 sed
771 2639 919 2684 Horatii
945 2639 1126 2684 iudicium
1154 2640 1230 2694 est,
1260 2652 1299 2682 et
1326 2645 1495 2698 Donati,

581 2713 586 2716 ·
1393 2707 1497 2750 quos'
