1815 3168
318 145 411 202 508

695 137 852 186 ACT.
885 139 941 186 V.
971 139 1167 186 SCEN.
1195 139 1310 186 VIII.

448 269 598 320 Seruii,
629 265 820 319 obsecro,
842 266 948 314 haec
966 267 1095 315 nobis
1113 268 1244 315 bona.
1282 271 1374 317 ΡΗ.
1414 269 1473 314 Di
1496 267 1675 315 vestram

540 338 699 392 fidem!
744 341 1017 390 incredibilia

353 438 415 470 20
452 423 665 466 Parmeno
688 417 824 465 modo
846 434 958 481 quae
981 419 1187 465 narrauit.
1225 418 1295 466 sed
1324 418 1397 466 vbi
1427 417 1485 464 est
1515 418 1678 465 frater?

543 491 590 542 C
606 512 653 540 n.
689 492 858 558 praesto
881 491 1010 541 adest.

444 574 541 618 Pa.
583 570 784 617 Gaudeo.
822 565 930 616 CH.
967 569 1063 616 satis
1092 569 1240 618 credo.
1275 570 1385 617 nihil
1421 567 1482 616 est
1502 568 1677 617 Thaide

547 646 627 691 hac
648 656 733 697 tua,
755 645 900 698 frater,
924 645 1100 706 dignius

449 720 585 776 Quod
606 731 795 767 ametur:
829 723 890 767 ita
911 720 1078 768 nostrae
1101 720 1159 767 est
1172 722 1461 768 omnifautrix
1474 720 1674 768 familiae.

443 796 540 844 ΡΗ.
573 795 688 842 Mihi
709 796 828 844 illam
850 794 1032 846 laudas?
1065 792 1161 842 ΤΗ
1177 811 1222 842 R.
1261 793 1396 862 perii!
1421 807 1585 860 quanto
1598 798 1676 842 mi·

543 888 627 920 nus
649 871 737 936 spei
763 870 836 925 est,
855 882 976 920 tanto
998 874 1134 937 magis
1161 889 1276 919 amo.

367 1082 419 1124 19
447 1068 505 1109 Di
533 1066 688 1120 vestram
717 1066 850 1124 fidem]
879 1069 973 1111 Cito

310 1127 528 1166 interuenit
541 1124 742 1175 Phaedria,
760 1136 894 1178 vtpote
905 1127 972 1179 qui

310 1182 417 1221 domi
439 1192 531 1221 erat.
590 1183 638 1221 D.

361 1239 420 1278 Di
446 1237 605 1290 vostram
624 1234 787 1291 fideml]
816 1234 971 1291 Ingres-

310 1293 366 1334 sus
394 1298 583 1335 Parmeno
613 1293 825 1334 Phaedriae
844 1307 971 1333 narra-

310 1353 366 1390 uit
386 1347 585 1397 vniuersa,
617 1363 717 1401 quae
733 1349 882 1388 dixerat
899 1348 970 1388 fra-

311 1421 388 1446 ter:
420 1407 472 1446 ita
496 1419 584 1444 cum
604 1404 759 1445 fratrem
780 1406 968 1445 continuo

1544 946 1678 994 Obse-

1020 1070 1179 1126 fingunt
1207 1071 1386 1126 gratulari
1405 1102 1417 1120 ,
1461 1084 1580 1123 quum
1618 1071 1678 1111 in·

1019 1128 1200 1168 uideant:
1233 1128 1427 1182 gaudere,
1460 1141 1579 1180 quum
1611 1128 1679 1167 do·

1019 1185 1138 1224 leant.
1196 1187 1245 1225 D.

1078 1239 1195 1280 Nihil
1206 1239 1253 1291 est
1268 1240 1407 1280 Thaide
1426 1240 1492 1279 hac
1502 1251 1582 1289 tua,
1590 1239 1678 1293 fta·

1020 1310 1091 1345 ter,
1106 1297 1265 1350 dignius,
1287 1297 1387 1349 quod
1403 1298 1560 1348 ametur]
1588 1301 1678 1339 Me·

1017 1352 1093 1391 lius
1113 1353 1214 1391 nihil
1225 1352 1329 1404 quod
1345 1353 1460 1391 amari
1473 1352 1593 1403 poffit.
1633 1355 1676 1405 E.

1071 1406 1272 1450 Consensu
1292 1408 1402 1448 codd.
1418 1408 1677 1460 1·epone‚'hac‚

311 1461 472 1510 ricimer,
493 1460 594 1500 nihil
616 1460 969 1512 aliuddixit‚quam
1008 1464 1160 1517 frater,
1198 1477 1275 1504 tua.
1331 1468 1433 1505 Tum
1470 1476 1510 1504 vt
1538 1475 1677 1503 omnes

311 1519 495 1572 gaudium
526 1528 565 1556 et
592 1517 777 1557 laetitiam
794 1516 832 1556 se
854 1517 969 1556 habe-

313 1590 364 1615 re.
416 1578 516 1624 Nam
540 1572 718 1621 ostendit,
746 1572 784 1612 se
795 1575 931 1613 cuncta
948 1587 972 1613 a

311 1637 556 1674 Parmenone
576 1628 816 1683 cognouiffe.
872 1633 914 1670 E.

365 1687 506 1728 Faerni
523 1684 634 1725 codd.
654 1696 694 1726 et
713 1685 854 1736 nostri,
883 1685 970 1726 haec

314 1743 409 1782 bona
429 1740 549 1782 nobis.
605 1744 647 1781 B.

363 1803 399 1839 A
421 1797 545 1838 verbis
565 1796 782 1838 Phaedriae
806 1798 971 1838 Scenam

312 1856 503 1894 decimam
521 1853 666 1892 orditur
685 1856 861 1895 Daceria.
892 1858 934 1895 Z.

369 1924 424 1952 20
500 1921 567 1948 uae
594 1911 788 1963 narrauit]
820 1911 970 1950 Nimius

312 1965 468 2006 affectus
507 1965 549 2003 in
588 1975 791 2016 Vtramque
820 1975 969 2017 partem

311 2021 484 2062 defeaus
519 2021 705 2059 orationis
742 2032 863 2060 amat:
915 2020 970 2060 est

311 2091 406 2132 ergo
430 2074 590 2119 ἔλλειψιςε
622 2075 728 2115 deest
746 2078 853 2116 enim
868 2076 970 2116 Gau*-

311 2137 377 2174 deo
395 2137 510 2186 (Leg.
539 2133 675 2181 audio„
697 2143 735 2170 et
765 2133 859 2174 illud
876 2146 969 2188 gau-

311 2194 377 2230 ‹ieo
410 2188 516 2228 refer
557 2188 605 2229 ad
631 2186 796 2241 sequens
824 2189 972 2230 Scholi-

314 2249 401 2290 on).
459 2247 510 2284 D.

366 2314 417 2345 21
450 2301 550 2341 Satis
577 2298 704 2354 credo]
734 2301 796 2341 Sic
814 2300 969 2341 dicino-

250 2364 255 2366 ’
311 2370 350 2398 ta
375 2355 581 2410 agentibus
608 2355 824 2409 (aientibus)
861 2355 967 2397 solet.

311 2414 429 2455 Recte
455 2412 575 2465 igitur
600 2410 690 2450 huic
719 2412 878 2462 dicitur,
908 2415 967 2454 cui

312 2468 604 2520 fiuntnuptiae,
632 2469 796 2523 gaudeo:
834 2479 875 2509 et
899 2471 967 2509 ille

313 2524 361 2564 fic
376 2521 607 2576 respondet,
636 2533 675 2562 vt
694 2525 827 2564 amicis
848 2538 973 2579 gratu·

312 2580 479 2621 lantibus
492 2578 615 2630 decet,
626 2577 727 2620 Satis
738 2583 855 2621 credo.
889 2584 973 2623 Cre-

314 2637 377 2694 do]
408 2646 538 2677 autem
556 2635 667 2688 ideo,
696 2634 788 2690 quia
806 2639 915 2679 multi
933 2637 971 2679 se

1017 1520 1226 1562 Trochaici
1257 1520 1368 1569 fiant,
1405 1521 1551 1577 dignius
1568 1532 1679 1573 prae·

1020 1590 1128 1629 pone
1147 1575 1334 1629 sequenti.
1391 1580 1443 1617 B..

1071 1645 1124 1676 22
1153 1633 1297 1684 Bemb„
1318 1643 1357 1675 et
1375 1646 1472 1672 vnus
1501 1645 1524 1671 e
1541 1631 1678 1672 nostris

1019 1688 1168 1730 habent
1199 1692 1317 1729 omnis
1341 1704 1363 1740 :q
1398 1690 1527 1728 minus
1559 1689 1672 1729 recle.

1018 1750 1121 1787 Tum
1141 1746 1304 1792 colloca,
1336 1748 1436 1785 omni
1463 1745 1533 1796 est:
1561 1754 1678 1795 atque

1019 1803 1242 1842 auctoritate
1261 1801 1374 1841 codd.
1396 1813 1434 1840 et
1444 1802 1532 1841 edd.
1545 1812 1584 1839 et
1594 1799 1678 1839 sen»

1019 1856 1079 1899 sus
1097 1857 1168 1897 fini
1189 1871 1356 1909 appone,
1382 1870 1456 1896 ΡΗ.
1489 1856 1566 1894 hui.
1597 1859 1638 1895 Β.

1073 1926 1124 1966 23
1156 1913 1264 1952 M1hi
1279 1911 1377 1951 illam
1394 1912 1572 1965 laudas?]
1600 1912 1677 1951 Sci-

1018 1971 1110 2009 licet
1148 1969 1307 2007 amatori
1352 1968 1447 2007 eius.
1506 1972 1555 2009 Et
1582 1966 1676 2007 mihi

1019 2024 1347 2077 pronunciatione
1373 2024 1588 2062 iuuandum
1609 2023 1675 2063 est.

1019 2082 1150 2121 Perii!
1185 2093 1323 2134 quanto
1357 2083 1477 2119 minus
1497 2080 1579 2132 spei
1616 2078 1675 2130 est,

1018 2150 1125 2178 tanto
1143 2140 1259 2191 magis
1280 2137 1380 2190 amo]
1409 2137 1485 2175 Hic
1513 2149 1604 2175 vero
1621 2134 1676 2174 est

1004 2194 1133 2233 'ardor
1166 2190 1446 2232 insanissimus:
1493 2202 1530 2230 vt
1561 2192 1674 2243 Virg.

1020 2249 1120 2301 (Ecl.
1139 2262 1189 2297 11,
1217 2249 1273 2300 Ι.)
1304 2247 1521 2298 Formosam
1547 2247 1675 2299 pastor

1020 2305 1196 2358 Corydo'n
1215 2303 1368 2344 ardebat
1386 2304 1522 2343 Alexin
1534 2333 1542 2349 ,
1571 2303 1677 2342 Deli-

1017 2365 1091 2402 cias
1125 2362 1276 2401 domini.
1334 2358 1585 2412 Et‘pmfeeto
1624 2357 1673 2397 fic
1708 2396 1711 2397 γ

1017 2417 1081 2464 est,
1102 2418 1306 2470 Sapientes
1326 2414 1391 2468 spe
1411 2415 1542 2469 (forte,
1561 2417 1674 2454 ratio-

1018 2477 1081 2526 ne)
1100 2474 1268 2512 maxime
1286 2472 1332 2511 ad
1344 2486 1513 2511 amorem
1528 2484 1679 2527 cogunj

1020 2540 1097 2570 tur:
1123 2529 1223 2568 stulti
1245 2528 1367 2567 forma
1379 2540 1539 2567 tantum.
1568 2530 1616 2567 D.
1668 2524 1673 2528 ’

1074 2585 1179 2626 Mihi
1190 2585 1361 2625 Thaidem
1379 2584 1479 2624 illam
1490 2581 1671 2636 laudas?]

1018 2642 1167 2694 Vtique
1208 2654 1295 2681 cum
1321 2637 1412 2681 scia‘s
1438 2640 1673 2682 me³‘amato-

1575 2707 1670 2741 rem,
