1815 3168
486 136 1018 183 -HEAVTONTIM

1337 152 1428 203 545

113 284 175 332 30
212 264 320 315 CH.
359 268 403 314 Si
435 264 542 329 quid
574 257 732 310 laboris
759 260 841 315 est,
874 262 1058 309 nollem:
1096 262 1164 310 sed
1199 263 1304 327 quid
1326 263 1432 314 istuc

305 343 405 388 mali
430 339 503 392 est,

206 417 409 473 Quaeso?
446 413 551 478 quid
573 414 625 460 de
646 424 690 460 te
710 423 876 461 tantum
890 411 1115 459 meruisti?
1141 409 1276 458 ΜΕΝ.
1302 415 1430 472 eheu.

205 489 310 540 CH.
357 495 430 537 Ne
454 491 669 546 lacruma3
703 500 831 553 atque
852 487 979 541 istuc,
1011 488 1220 552 quicquid
1242 487 1326 543 est,
1364 491 1430 538 fac.

303 583 374 613 me
400 577 445 613 vt
467 566 590 612 sciam
607 585 616 612 :

205 647 281 691 Ne
302 644 456 689 retice:
493 657 551 687 ne
575 656 746 694 verere:

785 638 927 692 crede,
947 640 1139 701 inquam,
1161 638 1285 692 mihi,

204 723 296 765 Aut
314 716 587 769 consolando,
608 727 684 781 'aut
705 713 893 767 consilio,
916 724 988 779 aut
1007 731 1054 759 re
1076 716 1247 760 iuuero.

110 810 170 859 35
207 793 261 842 M
277 806 302 839 E
318 805 367 838 N.
417 794 533 838 Scire
569 792 654 838 hoc
694 792 789 839 vis?
824 787 934 855 CH.
970 788 1051 836 hac
1085 789 1263 854 quidem
1296 791 1427 846 causa,

303 883 387 932 qua
409 867 494 913 dixi
513 866 606 916 tibi.

122 1134 177 1177 30
203 1119 278 1163 Etfi
298 1119 436 1171 versus,
467 1121 522 1161 vti
539 1120 581 1160 in
602 1120 724 1161 omni-

67 1175 138 1218 bus
151 1178 262 1217 codd.
274 1178 474 1230 reperitur,
488 1176 634 1216 laborat
645 1190 724 1216 me·

68 1244 149 1275 tro:
180 1235 211 1273 is
228 1245 359 1273 tamen
379 1246 464 1272 cum
474 1235 627 1286 Guyeto
640 1246 723 1272 non

67 1300 247 1342 tanquam
259 1287 406 1341 spurius
418 1299 456 1328 et
464 1290 654 1329 Terentio
665 1290 724 1328 iu·

66 1346 210 1399 dignus
220 1345 274 1384 est
288 1345 581 1399 expungendus.
599 1345 677 1384 Sed
687 1359 724 1385 e-

68 1401 214 1442 menda
238 1403 318 1449 vel,
350 1400 391 1440 Si
413 1401 501 1453 quid
518 1399 639 1438 labori
655 1400 724 1451 est:

70 1459 144 1504 vel,
158 1456 261 1508 quod
278 1457 400 1509 magis
423 1456 559 1508 placet,
583 1455 725 1508 Siquid

69 1513 218 1561 laboris,
238 1511 365 1551 nollem
377 1521 448 1551 ete.
479 1513 579 1551 Nam
601 1509 724 1563 sequi-

68 1580 139 1618 tur,
158 1568 263 1622 Qyid
280 1568 376 1606 mali.
434 1570 474 1607 B.

126 1637 174 1677 31
207 1624 267 1663 De
292 1637 328 1663 te
346 1621 524 1676 meruzsti]
550 1622 724 1663 Dicimus

70 1691 198 1720 autem
223 1692 338 1719 mereo
368 1690 408 1718 et
433 1692 582 1718 mereor.
640 1679 725 1717 Me-

68 1750 157 1777 reor
176 1737 218 1775 de
238 1749 282 1782 te,
304 1734 358 1774 est
373 1733 571 1786 aliquidin
584 1745 622 1772 te
632 1746 725 1773 conu

68 1790 153 1832 fero
165 1792 226 1831 vel
239 1792 397 1840 bonum,
416 1791 474 1829 vel
488 1791 642 1829 malum.
674 1792 723 1832 C.

122 1851 174 1887 Vt
207 1847 331 1885 hianti
361 1844 483 1885 versui
518 1843 721 1893 succurras,

68 1917 138 1958 pro
157 1902 243 1942 eheu
263 1904 412 1955 corrige
433 1904 517 1943 oie'i.
561 1901 664 1942 Vide
674 1900 723 1940 ad

65 1964 162 2002 Eun.
185 1972 246 2005 xv,
268 1971 305 2010 4,
324 1970 389 2011 47.
448 1961 489 1997 Β.

123 2028 173 2069 33
209 2015 269 2053 Ne
295 2013 427 2067 retice]
453 2016 562 2053 Bene
592 2014 725 2053 retice.-

44 2099 47 2104 -
69 2085 161 2113 nam
180 2072 367 2111 reticemus
386 2070 562 2108 dolores:
595 2068 724 2108 obtice-

69 2141 149 2168 mus
162 2126 365 2179 pudenda:
392 2138 550 2166 tacemus
567 2122 721 2166 secreta.

72 2195 111 2224 vt
139 2185 257 2234 (Aen.
290 2196 344 2230 11,
374 2187 477 2234 94),
513 2182 594 2221 Nec
621 2185 725 2220 tacui

71 2241 222 2280 demens.
279 2241 323 2278 ln
356 2236 566 2286 Eunucho,
611 2238 723 2292 Virgo

73 2295 242 2347 conscissa
275 2294 365 2346 veste
392 2297 598 2334 lacrumans
629 2292 723 2334 obti-

74 2363 141 2391 cet.
198 2353 244 2390 C.

130 2404 215 2445 Post
234 2405 331 2444 crede
348 2404 458 2455 mihi,
486 2404 524 2447 h.
538 2417 574 2444 e.
592 2405 724 2445 comit-

75 2471 116 2500 τε
135 2460 232 2500 mihi
254 2461 291 2499 id
311 2459 506 2510 secretum,
539 2461 644 2512 quod
667 2475 724 2502 re-

72 2518 179 2565 tices,
201 2518 514 2568 interpunciione
525 2518 662 2556 maiori
672 2516 725 2558 est

74 2585 184 2626 opus.
239 2575 280 2612 B.

126 2641 182 2683 34
210 2629 289 2669 Aut
307 2628 534 2681 consblando,
553 2640 620 2670 aut
637 2642 723 2670 con·

1281 979 1429 1028 ΜΕΝ.

764 1119 862 1175 filio,
897 1132 964 1160 aut
983 1133 1023 1159 re
1044 1119 1189 1174 iuuero]
1218 1121 1289 1160 His
1308 1122 1430 1161 tribus

772 1176 963 1225 adhibitis,
985 1176 1077 1228 quid
1098 1177 1262 1227 amplius
1279 1177 1321 1217 in
1339 1191 1430 1218 vera

773 1233 937 1273 amicitia
957 1232 1245 1283 exoptandum?
1302 1234 1346 1273 C.

825 1292 904 1328 Aut
921 1288 1155 1338 confialandO,
1186 1302 1250 1327 aut
1268 1289 1431 1342 confili0,

774 1342 868 1397 ma]
900 1346 1078 1395 Apponit
1095 1341 1228 1391 causas,
1251 1357 1317 1383 cur
1336 1347 1431 1385 alie-

773 1412 825 1438 na
852 1400 1100 1438 incommoda
1131 1402 1238 1451 queri
1263 1403 1443 1453 (quaere-·

773 1469 814 1493 re
838 1458 899 1506 Z.)
938 1455 1119 1495 videatur.
1196 1458 1280 1494 Hoc
1321 1458 1430 1497 enim

774 1510 880 1562 quod
901 1512 1116 1563 interrogo,
1134 1510 1306 1562 proderit
1326 1512 1429 1551 tibi*

776 1568 877 1618 (Sup
882 1567 946 1617 ple
957 1580 979 1604 e
991 1566 1063 1608 Ms.
1095 1571 1174 1606 Aut
1186 1570 1277 1605 enim
1285 1568 1429 1622 grande

775 1622 921 1669 malum,
950 1636 985 1661 et
1013 1622 1255 1673 consolatione
1275 1638 1309 1662 te
1330 1626 1432 1663 adiu-

776 1691 875 1726 uero,
898 1677 1154 1729 fi‘subucniri
1177 1678 1300 1731 potest.
1361 1693 1427 1720 RE

773 1745 802 1773 A
816 1746 843 1773 D
857 1748 871 1773 1
884 1747 914 1774 v
927 1748 949 1772 v
961 1748 988 1774 E
1000 1747 1027 1773 R
1041 1737 1088 1784 o)
1118 1737 1172 1774 Ita
1203 1734 1296 1773 boni
1316 1735 1429 1774 amici

774 1789 951 1829 ordinem
973 1789 1186 1837 custodiuit,
1207 1802 1245 1829 vt
1256 1790 1432 1830 crederet

774 1843 813 1884 se
858 1846 991 1896 aliquo
1026 1845 1143 1884 modo
1177 1845 1369 1897 prodesse.
1407 1849 1428 1868 '⁶

772 1903 906 1953 (Quae
926 1900 1017 1940 hinc
1028 1899 1239 1952 sequuntur
1252 1900 1370 1953 vsque
1381 1901 1431 1942 ad

772 1954 863 1995 vers.
883 1969 947 2009 47.
968 1956 1095 1996 hausta
1116 1955 1202 1996 sunt
1215 1971 1237 1996 e
1250 1960 1332 1997 cod.
1349 1972 1428 2010 quo

772 2011 965 2052 Westerh.
988 2014 1041 2052 est
1061 2010 1151 2052 vsus.
1182 2015 1253 2065 Z.).
1308 2017 1350 2054 E.

826 2081 878 2122 35
907 2071 992 2108 Hac
1020 2071 1166 2123 quidem
1195 2069 1320 2120 caufiz,
1351 2082 1429 2123 qua

772 2124 857 2164 dixi
887 2124 976 2179 tibi]
1012 2128 1145 2176 Quum
1166 2125 1428 2167 Menedemus

772 2191 922 2219 tantum
943 2181 1036 2220 illud
1057 2179 1240 2232 posuerat,
1262 2181 1429 2221 vtidice-

772 2247 851 2284 ret,
894 2235 992 2275 Scire
1018 2238 1085 2275 hoc
1104 2237 1184 2279 vis?
1212 2238 1279 2276 ille
1303 2238 1429 2276 conti-

772 2306 854 2331 nuo
875 2292 1095 2343 repudiaret
1123 2292 1171 2331 ad
1200 2294 1434 2346 (repudiauit

773 2348 867 2387 hanc
893 2351 955 2400 Z.)
987 2347 1152 2395 causam,
1186 2349 1238 2386 vti
1266 2348 1427 2399 diceret,

773 2406 865 2443 Non
887 2416 969 2443 rem
995 2402 1089 2443 scire
1108 2405 1241 2456 cupio>
1272 2402 1335 2444 sed
1357 2405 1428 2444 hac

775 2457 881 2499 causa
902 2458 993 2500 scire
1011 2461 1136 2513 cupio,
1154 2473 1230 2511 qua
1252 2460 1353 2510 dixi,
1388 2471 1428 2500 vt

774 2528 839 2555 aut
849 2514 1035 2556 consolari
1048 2528 1085 2556 te
1097 2516 1239 2567 poffim,
1259 2527 1324 2556 aut
1334 2530 1428 2556 con-

773 2571 853 2611 filio
873 2601 882 2620 ‚
931 2585 997 2614 aut
1037 2586 1078 2613 re
1115 2572 1301 2613 adiuuare
1343 2569 1428 2625 pos-

773 2627 851 2669 fim.
906 2630 948 2668 E.

884 2685 930 2727 M
945 2700 982 2727 m
