1815 3168
312 108 404 165 648

691 102 848 147 ACT.
880 99 956 144 1v.
995 97 1190 145 SCEN.
1222 96 1296 165 111.

453 230 584 279 Dedo
595 231 706 294 patri
719 244 790 274 me
804 244 922 274 nunc
935 228 1033 278 iam,
1054 235 1100 271 vt
1109 207 1319 284 fr'iigalior
1328 218 1420 273 sim,
1431 237 1561 284 quam
1572 220 1677 268 volt.

453 306 484 354 S
499 321 542 353 Y.
582 306 710 353 Nihil
736 321 805 349 me
828 303 1000 350 fefellit:

553 382 684 429 huius
715 378 860 426 verba.

1040 301 1214 360 cognita
1227 297 1298 350 est,
1311 309 1534 361 quantum
1551 297 1681 344 audio

391 478 415 525 5
459 457 570 505 Istuc
592 457 672 505 tibi
695 473 744 502 ex
769 453 974 500 sententia
995 461 1070 498 tua
1090 445 1287 508 obtigisse
1309 448 1460 494 laetor.

460 532 560 582 CL.
613 536 655 579 O
680 533 741 577 mi
761 534 882 592 Syre,
908 521 1102 574 audistin'
1127 525 1333 572 obsecro?
1372 522 1456 570 ΞΥ.
1498 518 1687 586 quidni?

559 610 636 672 qui
658 607 786 670 vsque
807 600 891 651 vna
911 590 1148 649 affuerim'ss>

459 683 507 734 C
525 697 567 731 L.
607 685 689 729 Cui
721 697 856 743 aeque
887 677 1039 724 audisti
1060 674 1294 724 >commodi
1326 675 1560 738 quicquam
1591 689 1688 720 eue-

558 756 663 806 nisse
677 758 695 803 Ρ
712 755 762 809 VS
777 770 820 802 Y.
862 754 989 801 nulli.

458 832 563 883 CL.
606 839 751 896 Atque
781 834 838 877 ita
872 847 942 876 me
980 829 1040 875 Di
1071 837 1240 880 ament,
1272 838 1319 873 vt
1344 841 1429 886 ego
1455 841 1573 871 nunc
1601 840 1694 871 non

559 922 647 956 tam
682 916 857 971 meapte
889 904 1008 952 causa
1040 928 1043 935 ι

460 990 647 1037 Laetor,
683 975 815 1045 quasti
837 979 974 1027 illius:
1022 994 1153 1041 quam
1189 994 1272 1039 ego
1299 977 1381 1024 scio
1412 972 1494 1023 effe
1524 976 1698 1023 honore

559 1060 718 1124 quouis
749 1058 942 1118 dignam·

367 1157 426 1190 10
461 1134 558 1185 S'Y.
599 1140 664 1181 Ita
686 1133 838 1180 credo:
879 1129 950 1179 sed
972 1145 1107 1183 nunc,
1143 1128 1297 1182 Clinia,
1326 1144 1420 1189 age,
1455 1127 1507 1174 da
1525 1137 1569 1174 te
1586 1127 1700 1174 mihi

561 1208 740 1260 viciffim
754 1228 763 1256 :

388 1374 412 1414 3
444 1359 554 1399 Dedo
579 1357 687 1409 patri
711 1354 782 1408 me]
817 1354 907 1394 Plus
935 1351 994 1391 de-

334 1416 517 1457 dere-hoc
542 1415 651 1461 loco,
675 1424 803 1463 -quam
832 1409 993 1464 obfiqui.

334 1473 480 1513 Dedere
499 1469 537 1510 se
554 1470 635 1509 vult
655 1469 782 1521 patri,
812 1465 995 1518 quemad-

334 1529 498 1570 modum
518 1528 560 1565 in
585 1524 750 1564 hostium
771 1522 999 1574 potestatem

334 1586 462 1627 hostes
492 1581 530 1622 se
559 1583 705 1622 dedunt.
760 1582 807 1619 In
835 1577 998 1625 Andria,

343 1641 454 1689 Tibi,
479 1651 608 1691 pater,
634 1651 687 1676 me
721 1635 822 1675 dedo.
880 1632 998 1685 Quasi

339 1699 406 1750 qui
436 1697 554 1736 vellet
581 1693 779 1733 contraria.
833 1693 882 1730 Et
903 1689 1000 1729 dedi-

339 1758 392 1796 tio
427 1754 469 1792 in
499 1750 611 1790 hoste
637 1750 722 1788 fieri
756 1745 858 1787 solet.
913 1747 1001 1786 Fru-

334 1808 477 1867 galior]
506 1807 816 1857 Temperantior.
862 1803 902 1843 Si
909 1802 1001 1853 fiu-

339 1867 434 1922 galis
453 1878 535 1902 non
557 1862 692 1908 exstat,
724 1859 828 1899 vnde
848 1856 1004 1898 descen-

343 1924 418 1967 dar,
441 1920 532 1959 vide
556 1930 607 1957 tu.
665 1918 715 1958 C.
869 1927 874 1930 ·

401 1977 505 2016 Dedo
528 1976 633 2027 patri
660 1972 733 2026 me]
757 1971 826 2012 Vti
844 1968 1004 2023 frugali-

343 2036 472 2079 tatem,
496 2031 536 2071 id
557 2028 620 2077 est,
641 2028 876 2081 parcitatem,
889 2024 1021 2078 quam*

344 2093 387 2132 in
408 2101 472 2128 me
494 2086 626 2133 voluit,
646 2084 874 2136 compleam.
895 2083 1005 2135 quip-

345 2160 399 2201 pe
426 2158 515 2184 cum
547 2141 641 2182 velit
659 2153 747 2179 eam
773 2152 837 2179 me
862 2137 1006 2177 habere

345 2214 515 2246 vxorem,
550 2211 649 2249 quae
667 2196 710 2236 {it
731 2194 904 2233 honestis
929 2206 1008 2233 mo-

346 2259 450 2299 ribus
471 2286 480 2304 ‚
499 2253 640 2294 scilicet
665 2248 894 2294 Chremetis'
920 2248 1007 2289 filia.

345 2314 467 2355 Vnde
507 2324 588 2350 non
616 2321 704 2348 mea
732 2304 840 2346 causa
871 2308 1010 2355 laetor,

348 2369 412 2410 sed
435 2368 562 2421 potius
584 2364 698 2418 ipsius
717 2362 880 2417 puellae,
893 2374 1011 2414 quam

351 2427 489 2478 diligo.
543 2425 587 2464 E.

405 2480 630 2531 Distingue‚
670 2475 780 2515 Dedo
809 2474 916 2528 patri
953 2486 1011 2512 me

351 2550 445 2579 nunc
466 2543 551 2582 iam,
577 2546 631 2572 vt.
688 2536 728 2573 B.

407 2596 433 2638 6
464 2593 497 2633 0
509 2593 559 2633 mi
578 2588 688 2644 Syre]
718 2585 1011 2630 Ablandimen-

1573 1206 1701 1256 ¹Nam

1043 1361 1083 1390 to
1103 1349 1252 1401 incipit,
1276 1357 1314 1388 vt
1339 1346 1487 1387 faciunt
1512 1345 1581 1397 qui
1602 1344 1704 1396 quic-

1043 1420 1161 1459 quam
1180 1404 1372 1458 [petatum
1389 1399 1577 1442 consecuti
1605 1399 1703 1441 sunt.

1045 1462 1252 1519 Qeidni?]
1287 1460 1412 1512 gQuid
1453 1458 1523 1499 nifi
1573 1458 1717 1498 audie-¹

1047 1520 1149 1560 rim?
1205 1519 1253 1559 C.

1098 1576 1178 1630 Qi
1205 1574 1315 1626 vsque
1339 1572 1431 1626 vna]
1473 1573 1525 1613 V.
1552 1570 1599 1612 C.
1641 1570 1706 1623 qui

1047 1633 1156 1686 vsque
1173 1643 1279 1669 nunc.
1338 1631 1379 1668 L.
1669 1656 1674 1660 .

1105 1690 1206 1730 Curn
1227 1685 1358 1726 Bemb.
1379 1684 1470 1736 lege
1487 1680 1640 1733 audiste‚
1669 1691 1708 1722 vt

1049 1744 1092 1785 fit
1106 1742 1258 1784 iambus
1278 1742 1320 1780 iu
1340 1738 1483 1792 quarta.
1538 1743 1581 1779 B.

1105 1813 1133 1854 7
1164 1797 1299 1840 Bemb.
1330 1808 1370 1836 et
1391 1796 1536 1837 Vicffor.
1558 1808 1711 1833 commo-

1052 1856 1118 1906 de,
1147 1854 1252 1906 quod
1271 1853 1394 1904 magis
1415 1852 1550 1903 placet.
1605 1854 1711 1890 Tum

1053 1924 1108 1951 ne
1143 1908 1266 1950 versus
1296 1909 1461 1956 laborer,
1509 1907 1599 1960 lege
1626 1908 1713 1946 Cui·

1053 1980 1164 2022 quam
1183 1979 1291 2019 aeque
1307 1963 1450 2015 audzsti.
1508 1966 1548 2003 B.

1111 2030 1133 2073 8
1173 2021 1353 2074 Meapte]
1400 2020 1502 2060 Cum
1546 2017 1712 2058 ablatiuo

1051 2085 1216 2126 παρέλκον
1243 2077 1440 2122 additum,
1468 2083 1506 2114 vt
1531 2074 1714 2127 nostrapte

1057 2138 1150 2176 Cato
1170 2145 1298 2173 tamen
1321 2130 1445 2184 posuit
1455 2130 1619 2184 mihipte,
1642 2144 1713 2183 pro

1058 2191 1151 2232 mihi
1171 2186 1245 2243 ἱρή.
1305 2192 1352 2231 C.

1113 2258 1139 2300 9
1177 2248 1325 2286 Honore
1367 2247 1494 2298 quouis
1536 2242 1714 2298 dignam]

1058 2304 1197 2346 Amica
1220 2300 1285 2355 etii
1303 2300 1492 2351 impudica
1511 2298 1576 2347 est,
1605 2298 1716 2339 dum-

1059 2359 1179 2399 modo
1208 2358 1367 2396 amatori
1394 2358 1564 2410 placeat,
1594 2355 1641 2393 ab
1666 2368 1715 2394 eo

1061 2413 1364 2462 commendatur,
1385 2425 1516 2453 amore
1537 2423 1630 2450 eum
1647 2412 1717 2451 im-

1060 2467 1248 2526 pellen'te.
1306 2471 1353 2510 C.

1054 2578 1057 2580 ¹
1117 2540 1167 2569 10
1193 2525 1258 2566 Da
1290 2526 1344 2580 ze]
1382 2528 1495 2566 Duae
1524 2533 1652 2575 partes
1678 2536 1717 2563 o·

1060 2583 1228 2625 rationis.
1285 2583 1447 2625 Cicero:
1487 2582 1548 2623 Da
1581 2594 1617 2622 te
1652 2579 1718 2618 ho.

1614 2650 1716 2678 mem.
