1815 3168
567 92 978 157 Evachs

1354 105 1453 149 μψ

229 220 280 267 Id
311 220 489 268 faciebat
521 218 739 266 retinendi
772 218 886 264 illius
910 217 1051 264 causa:
1089 220 1189 280 quia
1212 219 1306 272 illa,
1347 235 1456 281 quae

327 297 530 361 cupiebat

229 377 298 418 De
318 372 463 419 sorore
488 375 578 418 eius
605 370 822 423 indicare,
863 368 917 416 ad
938 384 1032 414 eam
1052 383 1148 415 rem
1169 378 1343 433 tempus
1364 386 1456 415 non

327 460 431 494 erat.

229 525 393 570 Inuitat
413 522 540 570 tristis
554 541 562 568 :
597 519 762 568 mansit.

327 602 486 664 occipit
504 619 513 645 :

799 520 862 568 ibi
890 520 962 566 illa
997 536 1097 566 cum
1119 519 1194 566 illo
1214 518 1458 566 sermonem

228 675 360 722 Miles
396 693 500 722 vero
533 673 609 722 fibi
636 684 792 740 putare
827 669 1068 719 addustum
1089 681 1189 717 ante
1213 666 1364 717 oculos
1396 685 1460 716 ae-

326 752 515 804 mulum,

151 956 179 997 6
212 953 259 993 Id
275 951 447 1008 fhciebat
475 953 659 994 retinendi
677 951 753 994 illi-

97 1023 138 1049 us
176 1010 297 1064 causo]
348 1010 549 1050 Admonet
572 1008 756 1061 speciato·

93 1077 198 1112 tem,
231 1080 283 1105 ne
304 1066 494 1109 existimet
509 1067 618 1106 alteri
643 1065 755 1104 riuali

96 1123 277 1161 iniuriam
311 1121 394 1161 fieri
426 1123 651 1162 Phaedriae.
710 1124 757 1160 Et

96 1179 206 1218 fimul
225 1178 278 1216 est
296 1178 357 1217 hic
377 1177 465 1231 (Ms.
476 1177 622 1218 Boend.
645 1188 685 1216 et
695 1176 756 1218 ed.

97 1236 163 1274 Du
192 1237 231 1273 B.
287 1234 339 1273 Et
359 1234 474 1285 fi'mul
498 1234 543 1286 est
572 1234 631 1272 hic
666 1232 755 1271 reli-

99 1290 174 1328 fl'cts
186 1289 300 1341 locus)
319 1289 575 1335 πραπαςασκευῆ
594 1288 756 1342 virginis

99 1343 384 1399 agnoscendae.
446 1346 497 1384 D.

157 1467 178 1508 8
212 1459 361 1497 Inuitat
379 1455 511 1509 tristis]
546 1453 758 1506 Tristis‚i11-

99 1516 213 1563 uitus,
236 1528 317 1552 non
333 1512 515 1553 libenter.
572 1514 622 1550 Vt
634 1524 656 1549 e
669 1523 758 1548 con-

100 1572 215 1610 trario
245 1571 357 1622 Virg.
399 1571 520 1618 (Aen.
555 1580 601 1615 v,
650 1567 762 1617 236.)

105 1626 218 1666 Vobis
243 1626 357 1664 laetus
387 1637 453 1678 ego
483 1622 577 1661 hunc
606 1623 761 1660 canden-

106 1696 179 1722 tem
201 1687 239 1721 in
256 1682 385 1720 littore
406 1691 557 1719 taurum
580 1677 762 1728 Constitu-

103 1753 165 1778 am
192 1751 281 1777 ante
309 1749 413 1783 aras,
442 1738 525 1774 voti
553 1746 646 1773 reus.
700 1736 759 1780 Et,

103 1796 255 1846 Accipio
289 1793 422 1843 tristis,
463 1790 605 1830 eodem
632 1788 762 1827 modo.

101 1849 249 1902 Manfi't
284 1847 354 1902 ibi]
402 1843 642 1886 Adoiescens
669 1843 764 1883 scili-

106 1917 179 1946 cet.
235 1907 284 1944 Et
302 1901 462 1954 Maufi't,
500 1915 571 1953 pro
596 1914 763 1940 remora·

105 1974 166 2002 tus
186 1960 250 2010 est,
274 1960 314 1999 id
335 1958 593 2004 estaccubuit5
621 1968 766 1997 neere-

107 2018 223 2064 ceffit‚
251 2017 381 2055 munit
399 2013 595 2069 significat.
652 2013 764 2055 Simi-

107 2075 147 2114 le
164 2073 227 2121 est,
246 2071 403 2125 Mansit,
432 2068 555 2123 paffus
576 2069 642 2109 est.
702 2069 767 2109 Sic

110 2125 275 2171 Chremes
295 2127 434 2179 maufi't,
457 2129 682 2166 immoratus
697 2124 763 2173 est,

114 2186 279 2226 conuiua
297 2184 518 2224 neceffitate
529 2179 700 2230 discessit,
712 2194 769 2219 ac·

114 2241 319 2293 cipiendus
348 2241 403 2279 est
440 2242 578 2292 (Forte
607 2237 682 2290 leg.
712 2236 770 2275 Si-

115 2298 191 2337 mul
207 2309 240 2336 et
258 2309 490 2344 ΜΑΝειτ,
513 2292 638 2348 paffits
666 2290 770 2344 estse

115 2366 282 2392 retznert.
335 2364 513 2392 MANSI
528 2364 574 2397 T,
605 2364 629 2389 z.
649 2363 676 2388 e.
697 2361 771 2387 mo-

117 2421 222 2448 ratus
241 2407 298 2459 est,
310 2421 372 2447 nec
381 2407 512 2459 statim
523 2407 559 2447 di
579 2404 678 2460 ceffit
690 2418 773 2444 con-

117 2467 210 2503 uiua
246 2465 488 2516 accipiendus.
549 2463 626 2503 Sed
665 2462 773 2501 Wie-

119 2522 219 2573 ling.
255 2520 428 2569 coniicit,
473 2520 694 2560 Immorazus
730 2516 776 2570 est

121 2578 310 2624 conuiuio,
351 2589 414 2617 nec
440 2575 572 2631 statim
612 2571 776 2630 disceffit.

806 821 880 865 Cc
916 833 941 880 ς
1402 830 1465 863 10

803 949 880 992 Sed
905 946 978 992 Ms.
1003 951 1052 990 H.
1081 959 1122 988 et
1149 946 1235 987 edd.
1255 948 1395 987 Venet.
1423 958 1466 984 o·

804 1009 993 1058 mittunt).
1060 1007 1266 1044 Sermonem
1311 1002 1464 1056 occipit]

805 1065 1027 1110 Sermonem,
1040 1061 1274 1112 colloquium
1286 1059 1388 1098 dicit.
1415 1060 1464 1099 D.

861 1119 1067 1158 Sermonem
1085 1116 1235 1170 occtpit]
1269 1119 1318 1156 V.
1346 1115 1391 1155 C.
1414 1117 1468 1153 in-

807 1178 913 1230 cipit.
973 1180 1016 1217 L.

864 1233 1012 1270 Omnes
1038 1229 1127 1268 libri
1153 1227 1271 1267 nostri
1301 1237 1341 1266 et
1357 1228 1468 1266 Faer-

807 1288 852 1325 ni
872 1286 1016 1325 habent
1034 1288 1175 1337 incipit,
1193 1291 1343 1336 praeter
1359 1286 1470 1322 Bem-

808 1344 955 1388 binum,
973 1345 1186 1387 Donatum,
1208 1341 1313 1380 editt.
1326 1349 1416 1377 vett.
1429 1349 1472 1376 et

809 1397 985 1436 codicem
1007 1409 1125 1435 vnum
1138 1395 1321 1444 enom-is,
1340 1393 1470 1433 vbiest

810 1455 954 1504 occipit.
1005 1455 1224 1502 Vtrumque
1240 1450 1373 1502 probe,
1393 1461 1470 1487 nee

810 1509 936 1547 hilum
968 1507 1138 1547 interest.
1196 1511 1246 1547 At
1272 1519 1342 1557 pito
1371 1506 1471 1545 Inui-

811 1578 870 1604 tat
887 1564 1016 1615 tristis,
1036 1564 1115 1615 leg.
1140 1561 1361 1613 Inuisuust,
1387 1574 1470 1599 non

811 1620 930 1658 modo
953 1617 1094 1668 vei-sus,
1114 1616 1179 1656 sed
1199 1629 1238 1656 et
1256 1615 1473 1656 sententiae

812 1676 947 1729 gratia.
1005 1678 1105 1714 Nam
1124 1674 1260 1712 durum
1280 1674 1335 1713 est
1354 1674 1395 1711 in
1415 1673 1472 1710 In·

810 1734 910 1770 uitat
931 1731 1160 1783 intelligere
1186 1729 1341 1779 Thmfh,
1373 1729 1475 1768 etin

812 1787 945 1839 manfi't
961 1786 1085 1826 statim
1106 1785 1288 1826 Chremes.
1344 1787 1387 1825 B.

868 1910 897 1952 9
925 1898 1134 1939 Adduc‘tum
1155 1896 1357 1950 aemulum]
1384 1866 1475 1936 Plus

815 1955 913 1994 dixit
933 1955 1138 1994 Adduc‘tum
1151 1983 1161 2002 ‚
1195 1967 1309 2004 quam
1329 1952 1478 2003 Admffi

801 2013 912 2065 sum:
944 2022 984 2050 et
1002 2010 1112 2049 fimul
1131 2010 1223 2060 quia
1238 2008 1396 2048 videbat
1414 2007 1477 2047 fu-

815 2067 1026 2108 ribundum
1051 2065 1276 2114 Chremem,
1297 2074 1338 2104 et
1360 2063 1473 2117 (edd.

816 2128 959 2166 Vener.
989 2123 1092 2161 reeie
1120 2122 1304 2160 omittunt
1333 2122 1390 2172 et)
1418 2131 1478 2158 to·

816 2192 900 2220 tum
925 2179 1073 2217 crimen
1100 2187 1256 2216 reuocat
1283 2176 1332 2215 ad
1361 2175 1479 2216 Thai-

819 2236 921 2275 dem.
979 2237 1028 2274 Et
1047 2233 1145 2272 haec
1177 2232 1231 2272 est
1251 2229 1379 2279 causa,
1410 2246 1480 2271 cur

819 2307 843 2332 a
871 2291 994 2330 milite
1025 2290 1066 2328 in
1087 2290 1170 2328 eius
1197 2288 1315 2328 domo
1333 2289 1481 2327 nullam
1518 2317 1521 2321 -

820 2349 942 2388 rixam
952 2347 1119 2398 patiatur
1133 2344 1335 2385 Chremes.
1369 2347 1420 2386 D.

875 2404 1014 2443 Patare
1033 2412 1137 2441 muta
1154 2402 1196 2440 in
1210 2412 1362 2453 putans,
1391 2400 1482 2452 quia

822 2457 990 2512 sequitui·
1007 2458 1140 2506 voluit,
1160 2456 1228 2496 nifi
1246 2457 1365 2506 malis,
1376 2454 1480 2508 quod

826 2531 908 2556 non
936 2515 990 2554 est
1019 2526 1136 2568 opus,
1163 2515 1357 2569 corrigere
1379 2511 1484 2556 volu-

825 2569 992 2632 fian.
