1815 3168
302 137 362 169 xx
643 126 912 174 ELOGIA
943 129 1318 177 VETERVM.

574 249 675 302 DE
731 250 966 302 AELIO
1025 251 1399 306 DONATO.

489 398 757 459 Hieronym.
796 400 842 444 in
885 369 1107 447 Chronico
1152 387 1335 464 Olymp.
1373 408 1488 461 284.

418 478 641 519 Victorinus
681 482 824 522 Rhetor
859 494 897 522 et
929 487 1108 524 Donatus
1138 483 1416 522 Grammaticus
1443 487 1674 535 Praeceptor

307 545 442 580 meus,
481 538 627 574 Romae
654 538 826 591 infignes
845 538 1056 578 habentur:
1096 551 1120 577 e
1148 538 1285 590 quibus
1312 539 1529 581 Victorinus
1556 541 1673 580 ctiam

308 588 467 629 statuam
485 591 527 631 in
552 591 638 631 foro
657 596 832 634 Traiano
855 597 1009 635 meruit.

599 689 723 735 Idem
747 691 941 756 Apolog.
967 687 1133 737 aduers.
1155 687 1381 737 Rufinum.

419 776 517 812 Puto
543 773 648 824 quod
673 789 767 826 puer
795 776 937 831 legeris
957 772 1068 826 Aspri
1096 775 1138 813 in
1156 775 1368 827 Virgilium
1391 786 1430 815 et
1457 776 1672 819 Sallustium

307 831 633 873 commentarios:
666 832 832 870 Vulcatii
862 833 902 869 in
937 832 1128 869 orationes
1158 831 1386 872 Ciceronis:
1414 834 1602 873 ViCtorini
1630 837 1674 874 in

305 884 498 937 Dialogos
517 885 618 931 eius,
651 899 690 925 et
706 888 748 925 in
767 887 947 926 Terentii
967 886 1204 928 Comoedias
1222 889 1479 940 Praeceptoris
1498 890 1575 928 mei
1596 893 1675 930 Do-

308 941 413 988 nati,
444 954 571 992 aeque
598 942 639 980 in
661 944 889 995 Virgilium,
918 954 955 981 et
984 944 1145 981 aliorum
1172 943 1213 981 iu
1231 944 1346 989 alios;
1376 945 1571 993 Plautum,
1602 949 1676 986 Lu-

308 997 498 1044 cretium,
540 998 736 1048 Flaccum,
767 998 949 1044 Persium,
990 1010 1106 1050 atque
1133 1001 1339 1038 Lucanum.
1394 1003 1529 1052 Argue
1555 1002 1677 1041 inter-

303 1053 543 1103 pretationes
567 1066 712 1102 eorum,
738 1067 857 1106 quare
877 1068 958 1093 non
980 1068 1093 1093 vnam
1115 1054 1427 1105 explanationem
1445 1055 1563 1096 secuti
1590 1057 1675 1108 fint,

309 1118 351 1147 et
367 1108 410 1147 in
431 1108 572 1148 eadem
590 1122 635 1149 re
650 1111 754 1163 qnod
779 1111 840 1150 vel
857 1110 935 1160 fibi,
959 1111 1018 1151 vel
1035 1111 1117 1149 aliis
1135 1110 1307 1150 videatur
1324 1124 1569 1154 enumerent.

638 1207 908 1269 Hieronym.
940 1208 984 1252 in
1009 1205 1166 1254 Ecclef.
1194 1225 1288 1272 cap.
1316 1227 1352 1253 1.

424 1289 607 1335 Comicus
627 1291 697 1329 ait:
728 1290 836 1331 Nihil
858 1291 911 1329 est
934 1291 1087 1341 dietum,
1108 1292 1212 1343 quod
1233 1306 1316 1332 non
1336 1291 1381 1330 fit
1398 1292 1540 1332 dietum
1552 1295 1676 1345 prius:

308 1342 419 1382 vnde
443 1355 483 1383 et
497 1349 739 1398 Praeceptor
761 1359 870 1385 meus
888 1350 1083 1396 Donatus,
1113 1361 1202 1386 cum
1227 1346 1351 1399 ipsum
1370 1347 1592 1389 versiculum
1612 1363 1699 1398 exe„

306 1410 490 1452 poneret,
517 1403 692 1449 Pei-eant,
711 1403 852 1453 inquit,
872 1403 942 1454 qui
961 1413 1053 1441 ante
1077 1416 1150 1441 nos
1170 1403 1294 1442 nostra
1313 1403 1509 1445 dixerunt.

678 1645 779 1695 DE
818 1644 1304 1697 EVGRAPHIO.

406 1769 653 1819 Gerbertus
683 1772 908 1836 quondam
948 1771 1217 1820 scholasticus
1259 1773 1314 1820 ad
1347 1774 1583 1822 Airardum

853 1863 990 1931 Epist.
1030 1883 1135 1913 vn.

419 1977 680 2017 Petitionibus
707 1978 781 2017 tuis
811 1980 1039 2018 annuimus:
1090 1977 1217 2018 nostra
1237 1988 1276 2017 vt
1308 1976 1522 2032 exsequaris
1551 1993 1676 2035 nego⁴

310 2031 384 2081 tia,
416 2033 522 2072 velut
542 2035 708 2086 propria,
734 2047 954 2075 monemus.
1011 2035 1159 2075 Plinius
1179 2036 1431 2087 emendetur,
1462 2037 1675 2091 Eugraphi-

309 2100 357 2128 us
375 2089 599 2140 recipiatur.

365 2200 581 2241 Get-bertus
608 2201 670 2241 hic
690 2201 820 2253 postea
851 2207 880 2244 P
902 2205 941 2243 P.
962 2202 1097 2251 fafius,
1127 2202 1320 2257 Sylnester
1347 2204 1469 2244 dicius
1495 2204 1588 2254 suit,
1622 2207 1676 2246 vi-

477 2257 614 2307 xitque
631 2257 698 2296 sub
718 2258 879 2298 Othone
898 2263 962 2299 ΙΙΙ.
981 2263 1077 2312 Imp.
1100 2260 1199 2298 circa
1218 2263 1265 2300 A.
1290 2261 1336 2301 C.
1368 2274 1671 2302 Dccccxcvnl.

474 2313 568 2409 {iet}
586 2311 768 2411 {tagclffuk
782 2326 947 2368 tempor.
959 2315 1188 2368 Onuphrius
1206 2317 1373 2358 Panuin.
1390 2318 1433 2364 in
1458 2316 1674 2360 ch1·on.Ec-

745 2520 1255 2532 ———.-—.-..--—-.-----—

1523 2661 1676 2707 PVB.
