1815 3168
290 172 392 244 *276

717 161 945 207 ACT.1.
983 157 1246 204 SCEN.1.

433 292 585 342 Habet
604 291 754 343 vllum,
778 305 873 335 eam
888 284 1071 333 ’consilio
1091 300 1244 346 regere
1265 300 1357 332 non
1380 294 1523 348 potes.

432 374 487 417 In
511 384 658 416 amore
681 367 785 413 haec
808 365 955 411 omnia
968 362 1112 407 insunt
1132 361 1255 407 vitia:
1289 361 1487 413 iniuriae,

344 464 400 511 15
432 445 720 509 Suspiciones,
742 439 1004 489 inimicitiae,
1027 435 1240 487 induciae,
1347 431 1353 437 ’

436 521 620 572 Bellum,
643 536 725 583 pax
747 515 933 562 rursum.
970 515 1135 558 incerta
1156 511 1262 557 haec
1284 508 1314 556 fi
1337 521 1385 558 tu
1395 507 1590 576 postules

432 599 618 645 Ratione
641 605 754 641 certa
772 592 926 643 facere,
939 588 1078 635 nihilo
1100 586 1201 653 plus
1223 603 1336 647 agas,

305 836 356 877 go
375 821 513 874 primo,
532 831 581 857 an
601 815 711 868 possit
728 824 958 866 repugnare,

303 877 502 932 proponit.
565 875 672 930 ‚Quae
707 885 782 919 res,
818 870 958 928 inquit.

301 931 496 976 Aduersus
524 930 723 974 iniuriam,
752 939 865 977 quam
886 921 962 976 pas-

305 990 364 1032 sus
384 989 447 1034 est,
476 986 690 1037 opponitur
710 979 960 1028 consuetudo,

302 1047 369 1091 ,vbi
397 1044 443 1083 lie
467 1040 681 1082 assumitur:
712 1039 814 1077 Haec
843 1039 962 1074 omnia

303 1105 397 1142 vitia
433 1111 522 1142 unt3
552 1096 704 1142 iniuria,
720 1092 962 1146 suspiciones.

303 1163 352 1199 Et
372 1155 455 1208 post
490 1155 541 1192 ita
569 1149 786 1200 concludit:
817 1148 964 1200 Incerta

304 1217 428 1270 igitur
445 1209 549 1263 haec]
580 1203 719 1248 Sensus
751 1203 805 1244 est
830 1203 912 1250 hie3
939 1199 965 1240 fi

306 1285 364 1318 ea,
387 1280 486 1320 quae
516 1267 559 1304 in
586 1275 720 1302 amore
741 1258 890 1312 semper
910 1272 967 1297 va-

306 1328 363 1366 ria
391 1323 662 1375 contigerunt,
693 1331 737 1356 ae
763 1312 967 1371 propterea

306 1384 490 1421 videntur
501 1380 657 1423 incerta,
677 1385 718 1421 tn
729 1373 897 1412 volueris
913 1385 964 1409 ra-

306 1440 418 1483 tione
436 1428 647 1486 corrigere,
678 1440 717 1485 vt
736 1440 838 1480 certa
858 1425 968 1480 perfi-

308 1496 397 1542 cias,
419 1492 498 1531 tale
515 1489 598 1537 erit,
617 1486 760 1538 inquit,
791 1494 830 1524 vt
839 1484 969 1535 βορε-

305 1565 389 1601 ram
417 1548 498 1594 des,
527 1559 571 1597 ὐς
598 1557 677 1583 cum
706 1541 909 1593 rationein
930 1555 971 1578 a·

308 1600 404 1648 nias.
460 1600 671 1653 Subiungit
707 1597 854 1636 deinde
892 1610 972 1647 ora-

308 1665 459 1703 tionem
487 1656 682 1710 irascentis
712 1653 889 1704 amatoris
909 1666 971 1691 ex-

311 1718 423 1765 clus13
460 1717 504 1755 in
543 1728 618 1766 qua
645 1711 873 1761 exprimitur
903 1710 974 1757 ira„

312 1787 414 1827 quae
453 1782 656 1822 nunquam
691 1766 807 1818 verba
836 1764 970 1816 (forte,

1520 664 1669 717 Quarti

1006 810 1158 849 mnium
1195 804 1477 860 elegantiffime
1516 801 1669 856 expres·

1008 866 1050 905 fit
1079 864 1181 903 hunc
1205 864 1333 902 locum
1359 865 1492 902 Horat.
1515 860 1582 901 lib.
1612 874 1657 901 11

1008 924 1131 975 Satyr.
1154 933 1190 973 3.
1248 922 1287 959 L.
1661 907 1671 915 ’

1071 980 1119 1030 '13
1151 975 1244 1014 Eam
1273 973 1422 1025 confilio
1448 987 1575 1028 regere
1593 986 1670 1012 non

1006 1033 1131 1086 potes]
1162 1035 1273 1072 Nunc
1293 1030 1454 1069 domino
1474 1027 1604 1070 seruus
1616 1029 1671 1068 est

1013 1087 1238 1138 sapientior:
1278 1087 1367 1138 quia
1403 1098 1477 1125 nec
1513 1096 1670 1135 amator,

1012 1157 1088 1199 nec
1106 1155 1238 1182 amans
1252 1143 1392 1192 (animo
1411 1155 1584 1196 aegrotus
1595 1142 1670 1193 Z).

1014 1204 1069 1241 Vt
1095 1198 1201 1237 idem
1229 1199 1272 1236 in
1299 1196 1467 1247 Andria,
1496 1197 1617 1237 Facile
1638 1211 1672 1235 o-

1014 1269 1114 1296 mnes
1132 1268 1208 1293 cum
1228 1252 1407 1301 valemus,
1438 1255 1535 1293 rec'ta
1563 1253 1673 1306 confi«

1015 1312 1065 1352 lia
1086 1313 1272 1366 aaegrotis
1290 1310 1428 1348 damus.
1484 1312 1533 1350 D,

1069 1372 1175 1420 Lege
1202 1380 1280 1405 eam
1303 1377 1416 1419 'REM
1453 1376 1484 1403 c.
1511 1380 1539 1403 r.
1568 1379 1606 1403 n.
1635 1374 1675 1417 ps.

1017 1423 1187 1469 Vetuste.
1242 1425 1298 1462 Ita
1332 1434 1383 1460 ex
1410 1420 1496 1460 laxo
1523 1419 1675 1459 densior

1017 1480 1058 1520 fit
1077 1475 1208 1521 versus
1231 1488 1271 1523 et
1288 1475 1457 1517 solidior.
1512 1480 1554 1518 B.

1074 1540 1107 1577 E
1149 1533 1363 1575 Menandri
1405 1530 1678 1575 Consobrinis:

1016 1616 1077 1637 ,ψ-
1105 1588 1205 1638 φύσει
1223 1590 1291 1638 γὰρ
1306 1591 1351 1629 ἐξ
1366 1585 1504 1638 ἕςωςτὲ
1522 1593 1678 1628 ruffe-rih-

1020 1666 1076 1692 τος
1100 1646 1229 1695 κωφδν,
1257 1646 1328 1692 ἅμα
1352 1647 1380 1683 δ’
1409 1647 1432 1685 κ’
1459 1648 1572 1697 ῥάδιον
1589 1644 1677 1685 Nsa'-

1019 1722 1110 1750 ‘rn‘roe
1128 1707 1216 1753 νικᾷν
1239 1706 1300 1752 ε’ςι,
1318 1709 1373 1740 καὶ
1391 1701 1468 1740 θεὼ
1484 1700 1584 1750 λόγῳ.
1609 1706 1674 1743 W.

1078 1773 1129 1814 14
1159 1760 1204 1799 In
1224 1772 1346 1799 amore
1366 1757 1452 1798 haec
1472 1763 1592 1811 omnia
1620 1761 1679 1798 in·

311 1829 455 1880 verbis)
504 1825 700 1877 complet,
754 1822 861 1874 quod
910 1835 971 1859 co·
1007 1817 1105 1869 fimt
1134 1816 1250 1872 vitia]
1288 1816 1403 1855 Duae
1431 1814 1680 1867 praepositio-

312 1888 413 1941 gitat
430 1897 551 1923 mens.
607 1884 663 1920 Ita
681 1877 817 1930 posuit,
846 1878 972 1931 Egone

312 1943 437 1984 illam?
448 1938 531 1987 scil.
549 1938 720 1988 puniam.
738 1947 828 1988 quae
845 1932 971 1974 illum?

311 1998 362 2040 se.
385 2007 503 2044 amat,
532 1999 572 2032 'et
603 2004 667 2031 me
688 1988 855 2031 exclusit.
915 1988 973 2027 sic

313 2055 422 2096 enim
440 2053 536 2090 iram
555 2047 816 2101 exprimimus.
866 2044 974 2084 Haec

313 2111 436 2165 igitur
458 2104 616 2146 molesta
636 2101 775 2155 iungit.
829 2104 893 2141 Tu
917 2112 976 2139 ve-

314 2182 359 2208 ro
379 2179 425 2204 ea
446 2163 537 2202 vi‘tia
566 2159 650 2199 noli
678 2157 892 2205 cumulare,
924 2168 977 2194 ne

313 2218 531 2264 sollicitudo
553 2216 786 2270 geminetur.
840 2215 883 2252 E.

372 2279 505 2330 Neque
528 2269 736 2322 confilium,
766 2281 878 2322 neque
894 2281 976 2318 mo-

316 2335 422 2388 dum]
468 2332 605 2371 Cicero
635 2341 694 2369 IV.
726 2324 879 2365 Tuscul.
911 2326 977 2378 qui

315 2391 466 2433 modum
485 2390 586 2426 vitae
605 2384 767 2438 quaerit.
824 2382 976 2422 Seneca

272 2470 275 2474 s
315 2450 507 2490 Controu.
537 2441 701 2495 Faciliuij
728 2441 769 2478 in
787 2451 913 2477 amore
929 2434 978 2488 fi-

295 2526 299 2529 »
317 2517 401 2544 nem
435 2504 627 2553 impetres,
673 2509 784 2553 quam
799 2496 801 2499 ’
818 2494 976 2533 modum.

293 2579 297 2587 „
318 2558 482 2600 Ta'citus
506 2555 647 2596 Annal.
675 2566 744 2607 13.
787 2550 840 2600 112,
852 2563 978 2590 umore

295 2639 298 2642 ⁴
318 2629 355 2656 et
371 2617 440 2661 ira,
472 2613 610 2666 iurgia,
627 2622 761 2662 preces,
778 2604 979 2660 exProbra-

319 2675 401 2724 vio,
426 2667 662 2724 fitisfizc'iio.
722 2663 802 2723 Sed
819 2674 919 2707 vnus
945 2676 981 2703 o-

1021 1887 1104 1923 neS,
1123 1877 1161 1912 in
1182 1886 1304 1911 amore
1321 1871 1462 1922 insunt.
1516 1874 1565 1911 D.

1081 1942 1130 1981 15
1160 1926 1351 1980 Induciae]
1381 1926 1566 1972 Induciue,
1595 1923 1683 1965 sunt

1021 1997 1099 2038 pax
1127 1984 1170 2022 in
1190 1995 1331 2036 paucos
1352 1981 1450 2030 dies,
1488 1983 1548 2021 vel
1573 1982 1680 2034 quod

1023 2043 1067 2080 in
1094 2039 1387 2094 diemtdentum
1422 2038 1484 2077 vel
1512 2038 1618 2090 quod
1636 2040 1680 2079 in

1025 2097 1107 2137 dies
1127 2096 1247 2135 otium
1268 2093 1488 2145 praebeant.
1545 2097 1595 2134 D.

1085 2156 1134 2195 16
1167 2153 1254 2191 Pax
1282 2149 1446 2204 rmjfitm]
1478 2153 1607 2199 Bene,
1642 2160 1682 2190 vt

1026 2207 1305 2256 consolaretur,
1334 2206 1506 2246 vltimam
1532 2217 1684 2257 partem

1026 2270 1165 2319 (pacem
1192 2263 1354 2316 postulat
1379 2259 1524 2309 sensns)
1542 2260 1681 2314 posuit.

1026 2323 1127 2362 Haec
1139 2320 1183 2374 fi
1204 2333 1247 2360 tu
1270 2317 1446 2373 postules]
1477 2317 1523 2358 Id
1545 2319 1619 2369 est,
1653 2317 1682 2358 {i
1726 2316 1729 2317 ⁷

1025 2378 1131 2427 velis,
1153 2377 1214 2416 vel
1234 2376 1398 2415 coneris.
1452 2376 1502 2414 D.

1083 2445 1134 2485 17
1162 2432 1297 2487 Nihilo
1309 2432 1396 2484 plus
1414 2430 1524 2485 agas]
1550 2430 1593 2470 Id
1615 2429 1681 2481 est,

1025 2489 1124 2531 nihil
1143 2502 1244 2543 agas.
1301 2489 1352 2528 D.

1085 2547 1197 2587 Certa
1234 2544 1298 2595 est}
1314 2540 1558 2584 Accusatiuus
1584 2542 1683 2594 plur.

1031 2601 1079 2643 cf.
1108 2603 1287 2642 Horatius
1319 2602 1497 2643 Sei-mon.
1528 2604 1594 2651 1'1,
1637 2610 1679 2654 3,

1030 2672 1125 2715 270.
1182 2661 1224 2700 B.
