1815 3168
312 171 408 219 394

687 155 846 202 ACT.
881 154 953 200 111.
988 154 1177 201 SCEN.
1209 157 1264 202 V.

442 280 551 330 AN.
586 285 732 330 Narra
755 281 874 336 istuc,
896 282 1065 346 quaeso,
1089 281 1193 344 quid
1219 280 1308 329 fiet.
1345 278 1452 330 CH.
1484 284 1576 331 imo
1589 299 1672 345 ego

541 369 584 405 te
608 359 782 406 obsecro
804 360 948 404 hercle
974 368 1019 405 vt
1040 357 1200 403 audias.

356 451 412 496 [ς
444 432 620 482 Nostin'
640 435 765 486 hanc,
788 451 919 498 quam
933 444 1045 479 amat
1063 432 1228 480 frater?
1265 431 1311 482 A
1325 446 1376 480 N.
1413 436 1535 489 noui,
1549 451 1671 481 nem-

539 529 612 577 pe,
635 512 809 575 opinor,
836 509 1072 557 Thaidem.

309 743 400 780 gat:
447 743 543 782 quos
576 743 661 770 cum
694 739 802 782 optet
832 729 967 771 videre

306 788 504 834 Chaerea,
537 798 665 826 tamen
697 800 786 826 eum
823 788 968 840 magis3

311 845 412 883 adeo
441 856 479 883 vt
506 845 588 882 aliis
619 845 749 882 amicis
781 843 969 895 anteposi-

312 900 612 940 tum'neminem
631 901 768 950 cupiat,
825 903 873 938 D.

368 955 532 1007 Nemo’st
569 955 772 1002 hominum]
825 953 895 994 ΜΓ.
925 957 967 994 R.

309 1012 474 1062 Nemo’st
500 1013 673 1049 omnium.
731 1013 770 1049 L.

367 1065 504 1107 Versus
524 1069 646 1119 gratia
666 1064 821 1113 colloca,
848 1065 967 1103 Nemo

311 1123 518 1174 onmium'st,
539 1136 572 1175 q.
593 1137 621 1162 e.
644 1135 679 1160 n.
704 1136 750 1160 m.
775 1120 896 1159 vzdere
914 1135 970 1161 cu-

304 1193 454 1234 perem,
495 1192 531 1231 q.
563 1191 592 1219 t.
654 1179 773 1218 Certe
810 1180 970 1216 omnium

308 1235 493 1288 probatur
520 1251 541 1275 a
558 1239 726 1281 Donato,
753 1243 793 1271 et
823 1232 971 1285 septem

310 1291 423 1331 codd.
450 1291 603 1339 nostris,
633 1300 671 1328 et
696 1287 818 1332 sensu,
872 1293 970 1329 Nam

309 1350 492 1390 Chaerea
511 1360 592 1386 non
610 1356 687 1384 tam
708 1343 915 1383 homt'nibus
935 1358 972 1383 v·

309 1402 493 1445 niuerfim
514 1401 615 1441 suam
635 1413 717 1438 rem
738 1400 972 1451 cupitexpo-

309 1474 427 1507 nere,
455 1472 572 1510 quam
591 1454 753 1497 omnibus
773 1454 818 1495 sc.
840 1457 970 1495 amicis

310 1528 350 1556 et
372 1518 484 1555 notis.
540 1517 579 1554 B.

370 1584 422 1625 14
451 1573 529 1611 Imo
556 1582 619 1624 ego
639 1583 674 1608 te
692 1566 836 1619 obsecro
853 1567 971 1607 hercle

311 1642 356 1668 vt
383 1625 529 1674 audias]
560 1629 711 1666 Bonum
741 1624 970 1676 compendi-

312 1699 399 1733 um,
428 1697 480 1723 ne
497 1682 615 1721 multa
640 1681 785 1721 diceret
802 1682 849 1720 ad
871 1693 970 1720 com-

310 1738 591 1785 mendandum,
612 1748 652 1777 vt
663 1735 768 1784 solet,
788 1737 971 1776 narratio-

311 1810 405 1837 nem
435 1795 613 1835 suturam.
671 1794 751 1833 Imo
770 1807 805 1833 te
823 1793 968 1844 obsecro

314 1852 434 1892 hercle
459 1865 502 1890 vt
526 1850 674 1897 audias]
705 1849 813 1889 ssehe
840 1859 971 1900 contu-

312 1910 356 1948 lit
382 1907 518 1954 verba,
545 1916 583 1945 vt
609 1918 658 1943 ex
686 1903 745 1943 his
774 1916 970 1956 appareat,

314 1964 411 2017 quid
448 1975 567 2017 agere
604 1961 706 1999 velit.
772 1961 844 2000 Ille
874 1961 970 2001 dixit

312 2018 474 2078 ‚QuaffQ
500 2018 564 2056 hic
583 2015 751 2066 Obfi'cro.
807 2020 858 2057 D.

372 2073 533 2125 Obsecro
569 2072 684 2111 hercle
711 2085 753 2110 vt
789 2074 859 2123 me]
898 2074 973 2120 Ex*

309 2131 445 2185 *pteffit
471 2141 621 2170 morem
649 2128 896 2177 laetantium,
932 2138 971 2167 vt

315 2189 409 2236 dixi,
426 2187 595 2227 maxime
611 2197 757 2231 eorum,
793 2184 859 2235 qui
888 2196 971 2223 rem

314 2256 523 2285 veneream
545 2241 855 2292 compleuerunt.
899 2239 971 2291 Ipfi

315 2301 423 2340 enim
433 2298 555 2351 magis
568 2297 726 2347 cupiunt
736 2295 918 2335 indicare.
929 2299 970 2335 E.

367 2355 472 2411 Qid
488 2354 539 2407 fit
565 2354 668 2392 reite
693 2362 783 2392 vett.
813 2351 900 2392 edd.
932 2361 973 2390 et

315 2414 401 2453 cod.
422 2423 517 2451 vnus
539 2421 562 2448 e
581 2407 727 2447 nostris.
781 2411 821 2447 Β.

377 2480 425 2520 15
460 2464 611 2517 Nostin‘
633 2464 736 2512 hanc,
757 2477 864 2517 quam
874 2476 975 2503 amat

306 2523 492 2578 frater?]
534 2521 745 2571 Quaeritur
771 2534 819 2558 an
852 2519 972 2558 verifi-

314 2582 410 2621 mile
433 2578 474 2617 {it
500 2575 719 2628 Antiphoni
747 2585 881 2615 notam
899 2573 974 2615 effe

315 2634 520 2683 Thaidem,
544 2646 661 2684 quam
679 2631 794 2671 frater
805 2629 886 2684 ipse
895 2629 977 2670 nes·

1578 561 1674 632 cn.

1015 727 1118 778 mus]
1152 728 1272 769 modo
1292 730 1466 768 notitiam
1484 742 1565 767 non
1594 726 1672 766 rul-

1018 799 1095 834 ωε,
1144 784 1208 825 sed
1236 785 1361 824 famae
1389 785 1542 836 positam
1573 783 1671 822 esse:

1018 856 1133 893 quam
1162 841 1301 881 famam
1331 843 1453 892 potuit
1482 854 1528 878 ex
1556 840 1673 880 Phae-

1019 899 1100 937 dria
1132 910 1170 937 et
1189 898 1360 949 Antipho
1383 896 1486 936 scire.
1542 900 1593 935 At
1612 908 1675 934 ve·

1018 968 1061 993 ro
1095 954 1208 993 aliam
1245 956 1418 992 notitiam
1461 962 1701 1004 negauerat>

1019 1007 1194 1050 Chaerea
1217 1009 1282 1048 {ibi
1309 1007 1417 1048 suifi'e
1448 1022 1534 1047 cum
1558 1007 1677 1047 ‘rhai-

1019 1065 1079 1113 de,
1100 1065 1172 1104 hoc
1184 1067 1249 1115 est,
1261 1064 1365 1114 visus,
1388 1066 1521 1111 vultus,
1536 1065 1619 1111 oris,
1633 1072 1674 1102 et

1020 1123 1198 1174 corporis.
1256 1122 1386 1167 Noui,
1426 1134 1568 1171 nempe,
1599 1122 1676 1171 opi·

1019 1191 1109 1224 nor,
1147 1176 1339 1231 Thaidem]
1376 1176 1592 1216 Verifimile
1623 1174 1677 1214 est

1020 1233 1116 1272 haec
1150 1231 1244 1274 seire
1277 1232 1567 1282 Antiphonem,
1608 1232 1676 1283 qui

1020 1289 1119 1328 adeo
1155 1289 1200 1328 fit
1230 1287 1424 1327 familiaris
1460 1288 1674 1329 Chaereae.

1019 1347 1067 1384 Et
1086 1344 1140 1382 est
1163 1343 1259 1383 ordo
1281 1343 1355 1393 hic,
1388 1344 1502 1390 Noui,
1531 1356 1677 1394 nempe

1022 1401 1193 1451 opinor,
1251 1399 1457 1440 Thaidem.
1535 1400 1678 1451 Opinor

1019 1455 1208 1502 Thaidem]
1238 1456 1399 1508 Optime
1417 1467 1455 1493 et
1475 1453 1520 1493 ab
1540 1455 1606 1493 illo
1627 1465 1679 1493 tas

1021 1513 1150 1559 citum,
1175 1523 1214 1552 et
1232 1512 1279 1551 ab
1306 1512 1380 1551 hoc
1399 1524 1546 1550 nomen
1575 1510 1679 1549 abla-

1014 1579 1100 1608 tum
1113 1568 1310 1620 (oblatum,
1323 1568 1426 1607 reete
1437 1567 1583 1606 habent
1592 1566 1676 1606 cod.

1020 1636 1182 1676 vterque
1211 1636 1251 1663 et
1282 1624 1369 1663 edd.
1397 1625 1511 1675 vett.)
1532 1622 1607 1669 est3
1637 1633 1676 1662 vt

1019 1691 1203 1732 appareat
1247 1693 1363 1732 quam
1414 1680 1590 1727 nouerit,
1637 1690 1677 1717 et

1020 1750 1135 1788 quam
1155 1736 1266 1788 poffit
1283 1734 1426 1788 afl'equi
1437 1748 1535 1788 quae
1545 1735 1677 1775 dicen-

1014 1793 1093 1832 tur.
1148 1795 1198 1831 D.

1069 1846 1218 1900 Nostsn’
1249 1846 1357 1896 hanc]
1387 1848 1489 1887 Hinc
1522 1845 1576 1885 est
1594 1860 1676 1886 nar-

1018 1906 1132 1953 ratio,
1175 1917 1261 1943 cum
1288 1903 1487 1942 exordium
1512 1917 1534 1941 a
1550 1916 1676 1941 mere-

1017 1961 1112 1999 trice
1143 1960 1268 2011 cepit:
1297 1959 1506 2012 Virginem
1537 1959 1575 1997 ei
1593 1956 1677 1998 mis-

1019 2014 1095 2055 sam
1117 2015 1234 2064 dono,
1254 2014 1367 2052 dicit:
1395 2014 1501 2053 fimul
1534 2026 1573 2053 et
1592 2015 1676 2053 lau-

1020 2073 1096 2119 dat,
1118 2080 1156 2111 et
1175 2071 1225 2110 de
1234 2083 1364 2109 amore
1376 2069 1599 2110 confitetur:
1618 2071 1676 2110 in-

1021 2127 1122 2166 dicat
1138 2129 1265 2173 etiam,
1296 2126 1398 2178 quod
1420 2124 1537 2165 frater
1555 2140 1677 2167 mere-

1020 2185 1105 2222 trici
1135 2183 1227 2222 dare
1256 2179 1514 2234 praeparasset
1546 2186 1675 2223 Eunu-

1021 2239 1158 2279 chum:
1198 2238 1301 2290 quod
1331 2238 1538 2280 confilium
1564 2236 1674 2288 serui,

1023 2296 1112 2348 quia
1131 2292 1211 2347 ipse
1231 2308 1301 2346 pro
1320 2295 1509 2334 Eunucho
1530 2294 1577 2334 ad
1595 2308 1676 2334 me-

1021 2352 1202 2392 retricem
1223 2350 1408 2390 deduttuzx
1426 2349 1478 2389 fit.
1534 2353 1590 2400 Et,
1622 2365 1675 2391 ne

1004 2436 1005 2441 ,
1021 2408 1176 2447 stultum
1194 2406 1405 2455 videretur,
1432 2405 1572 2445 adiecit
1591 2421 1674 2447 cau-

1022 2461 1088 2512 sas,
1118 2476 1208 2513 quas
1228 2473 1267 2501 et
1284 2459 1391 2512 supra
1411 2459 1605 2513 posuerat:
1631 2477 1672 2504 vt

1020 2521 1191 2568 viderem,
1221 2519 1359 2570 inquit,
1379 2520 1554 2568 audirem,
1574 2519 1673 2571 effem

1022 2590 1106 2624 vna,
1127 2589 1203 2614 cum
1225 2588 1293 2628 qua
1313 2575 1505 2625 cupiebam.
1560 2578 1601 2626 Ε,

1075 2637 1193 2685 Lege,
1206 2634 1240 2671 N
1242 2631 1354 2682 ostine
1365 2630 1467 2670 hanc.
1485 2634 1583 2672 Nam
1594 2631 1673 2671 No·

319 2693 464 2733 ciuerit.
516 2688 594 2732 Sed
621 2686 840 2742 intelligere
860 2687 974 2729 debe-
1015 2687 1093 2742 stin
1114 2686 1322 2727 secundum
1341 2688 1505 2738 corripit.
1559 2690 1598 2728 B.
