1815 3168
321 160 424 207 400

510 226 523 243 J

705 140 860 185 ACT.
891 138 958 184 111.
989 135 1184 184 SCEN.
1213 135 1270 182 V.

461 274 556 320 Iam
577 269 683 316 olim
708 267 779 314 ille
801 265 970 314 ludum.
989 261 1217 328 impendIO
1237 264 1374 324 magis
1399 266 1568 309 animus
1590 280 1691 325 gau-

564 345 692 392 debat
713 343 836 394 mihi,

366 437 437 486 40
464 428 613 472 Deum
634 419 713 466 sese
734 420 778 463 in
803 416 1030 463 hominem
1048 410 1328 478 conuertisse,
1367 424 1497 478 atque
1528 417 1575 461 in
1595 415 1692 463 alie·

562 512 637 542 nas
666 493 832 553 tegulas

462 568 638 625 Venisse
662 567 904 615 clanculum
923 582 1004 633 per
1025 564 1315 631 impluuium.
1353 565 1506 615 fucum
1527 563 1694 614 faGum

562 645 751 695 mulieri.

330 861 491 906 propter
525 848 664 889 amoris
695 846 866 887 flammas
895 855 987 884 con-

329 906 459 949 uersus
487 907 528 945 in
547 905 710 944 imbrem
733 915 891 942 aureum
908 898 988 940 sese

328 970 635 1004 commutauerat
660 958 707 998 ad
728 958 924 1002 fraudem,
949 967 988 994 et

318 1018 479 1074 fimilem
514 1016 632 1067 lusum
659 1014 813 1065 lustrat,
843 1024 882 1051 vt
909 1024 988 1065 ego

327 1089 400 1127 pro
419 1071 609 1114 Eunucho
637 1070 685 1109 ad
712 1070 906 1122 virginem
924 1080 989 1106 ve-

327 1144 477 1172 neram.
534 1132 579 1170 E.

383 1184 538 1235 Lustrat
555 1186 628 1223 iam
649 1178 756 1234 olim]
785 1179 987 1230 Nequiore

326 1240 543 1296 fignificatu
575 1239 638 1277 hic
668 1237 710 1275 vo*
735 1237 857 1275 ludere
876 1232 987 1273 sumi·

325 1309 398 1347 tur,
427 1308 465 1336 vt
486 1307 525 1335 et
544 1297 588 1334 in
609 1295 688 1340 illo,
715 1293 786 1340 ede,
818 1290 907 1338 bibe,
929 1289 985 1329 lu—

326 1355 372 1395 de
392 1364 462 1392 etc.
502 1353 565 1392 Sic
583 1349 719 1390 Graeci
737 1350 884 1400 παίζεινε
916 1351 986 1386 Ar-

326 1412 434 1451 rian.
462 1407 530 1447 lib.
552 1420 582 1446 1.
605 1403 795 1446 Alexand.
821 1408 986 1450 ἀναβάσε-

324 1481 389 1510 ωςῑ
427 1463 482 1503 ’τόΧ
499 1467 602 1510 παῖζε
630 1459 906 1513 ῥαδιουςγέτεςον
931 1463 986 1505 ἐγ-

324 1522 528 1570 γεγράφθαι
573 1517 705 1564 ’έφοισαν
747 1520 796 1561 τῷ
833 1520 984 1562 Α’σσυςίῳ

328 1577 482 1624 ὀνόματι.
539 1575 585 1616 L.

378 1646 432 1688 39
462 1632 541 1671 Iam
563 1631 651 1670 olim
671 1627 729 1669 ille
747 1627 888 1681 ludum]
919 1630 987 1667 Be-

325 1703 391 1739 ne,
415 1702 501 1729 non
519 1685 656 1732 scelus,
690 1683 756 1724 sed
780 1684 905 1724 ludum
933 1683 988 1722 di-

325 1748 393 1786 xit.
449 1742 663 1797 Impendio]
696 1741 738 1782 Id
757 1740 830 1790 est,
858 1740 984 1791 magis

324 1799 527 1855 magisque
544 1796 694 1838 luserat.
714 1809 754 1836 et
773 1797 911 1847 lustrat
928 1796 985 1834 lu-

327 1859 423 1903 dum,
441 1867 480 1895 vt
496 1858 618 1908 (Aen.
638 1866 712 1901 ΧΠ,
731 1855 843 1904 680.)
856 1894 862 1897 ,
876 1853 984 1891 Hunc

329 1928 397 1953 oro
410 1911 490 1965 fine
499 1925 555 1950 me
559 1909 696 1961 ficrere
706 1920 789 1947 ante
797 1910 983 1959 jitrorem.

322 1971 464 2023 Figura
479 1963 678 2014 ἆξχαὶσμδς.
733 1967 782 2004 D.

381 2024 566 2076 Impendio
577 2019 714 2075 magis]
745 2019 923 2070 Amplius
936 2030 985 2060 ex

326 2081 397 2121 hac
426 2094 487 2127 re,
516 2077 620 2129 quod
647 2076 795 2126 Iupiter
821 2074 979 2124 fecerat,

325 2136 422 2182 mihi
441 2133 638 2189 gaudebat
656 2132 819 2171 animtss.
872 2133 917 2170 E.

381 2205 437 2244 40
479 2194 599 2233 Deum
624 2186 703 2239 stfi’
737 2190 777 2226 in
801 2185 982 2225 hominem

328 2245 556 2300 conuertisse]
587 2240 854 2295 Philosophice
878 2254 984 2281 nune

324 2305 537 2344 'Terentius
555 2299 843 2352 demonstrauit,
869 2311 984 2350 quam

324 2361 476 2400 cladem
494 2357 662 2397 moribus
684 2355 910 2402 hominum,
944 2363 983 2392 et

325 2414 544 2456 ciuitatibus
587 2411 751 2452 afferant
796 2408 984 2463 figmenta

260 2495 277 2500 s
323 2476 540 2519 Poetarum,
564 2482 648 2508 curn
671 2467 849 2518 exempla
869 2464 982 2505 scele-

325 2541 410 2568 rum
438 2525 603 2566 afferant
630 2523 852 2577 peccaturi&
906 2522 984 2560 De-

323 2597 386 2624 um
401 2582 476 2635 fist'
495 2585 535 2621 in
552 2582 732 2621 hominem
751 2577 981 2632 conuertiffi]

324 2641 471 2683 Vtrum
510 2638 600 2691 quia
635 2637 783 2690 Iupiter
813 2634 983 2677 humana

1634 723 1696 766 At

1034 841 1157 884 forma
1180 855 1315 883 auium
1334 840 1552 882 infundens
1571 843 1693 894 pistus

1036 911 1119 940 erat
1136 901 1178 939 in
1205 899 1361 949 tabulis,
1391 911 1472 938 non
1494 901 1621 952 (Lege
1642 913 1694 939 ex

1037 955 1124 995 edd.
1138 966 1225 995 vett.
1245 958 1310 1007 an)
1330 969 1398 1006 pro
1417 958 1511 994 Ioue
1529 956 1694 995 aurum?

1036 1018 1101 1054 An
1122 1015 1161 1050 in
1179 1012 1380 1057 hominem,
1410 1010 1452 1049 id
1472 1010 1537 1060 est,
1571 1009 1694 1050 horni-

1038 1068 1097 1106 nis
1129 1067 1326 1106 audaciam
1366 1076 1482 1118 atque
1518 1067 1693 1120 flagitia?

1036 1124 1164 1175 Atque
1180 1133 1246 1173 per
1264 1123 1400 1161 alienas
1423 1122 1583 1177 tegulas]
1615 1125 1691 1164 Hic

1036 1188 1209 1230 apparet,
1241 1181 1377 1218 Iouem
1394 1175 1607 1228 separatim,
1640 1179 1694 1220 se-

1034 1235 1197 1286 paratim
1236 1247 1372 1276 aurum
1399 1231 1510 1273 fuiffe
1537 1236 1692 1286 piffium.

1036 1291 1083 1330 In
1113 1290 1251 1329 alienas
1273 1289 1430 1344 tegulas]
1455 1291 1552 1329 Satis
1578 1294 1694 1332 comi-

1035 1359 1081 1385 co
1117 1344 1331 1384 chara&e1·e
1364 1345 1514 1384 locutus
1539 1345 1616 1400 est,
1653 1359 1693 1388 et

1035 1398 1160 1455 preffo
1179 1400 1273 1440 stilo.
1329 1403 1378 1442 D.

1087 1458 1212 1497 Deum
1233 1455 1314 1508 stfi’
1340 1458 1381 1495 in
1405 1455 1585 1497 hominem
1611 1471 1693 1500 con-

1035 1512 1199 1567 uertisse]
1245 1514 1391 1563 Vtique
1438 1513 1693 1568 intelligimus

1035 1573 1171 1618 Iouem
1189 1566 1336 1608 veniffe
1366 1568 1534 1608 humana
1561 1570 1694 1624 figura.

1037 1625 1195 1668 Deinde
1210 1636 1278 1677 per
1296 1624 1522 1677 impluuium‚
1541 1637 1610 1679 per
1625 1630 1694 1667 ali-

1035 1696 1121 1721 enas
1153 1679 1296 1737 tegulas
1326 1681 1527 1720 clanculum
1555 1683 1694 1733 defien.

1035 1738 1270 1791 diffiffiucum
1276 1738 1415 1788 fac‘bum
1425 1738 1579 1787 mulieri,
1590 1738 1694 1779 frau-

1033 1796 1124 1835 dem
1150 1792 1312 1840 scilicet3
1350 1790 1436 1831 sunt
1466 1795 1573 1834 enim
1605 1808 1692 1835 cum

1031 1850 1187 1898 fraude,
1214 1862 1317 1900 quae
1330 1847 1418 1890 fuco
1439 1849 1617 1889 videntur
1634 1851 1693 1892 in-

1033 1906 1146 1946 feffia.
1201 1908 1244 1944 E.

1089 1964 1214 2013 Atque
1230 1961 1271 1998 in
1288 1959 1448 2014 alienas]
1474 1956 1544 2001 Ms-
1565 1964 1607 2002 R.
1636 1961 1690 2005 Et

1034 2019 1076 2057 in
1095 2016 1244 2056 alienas.
1301 2017 1341 2055 L.

1088 2074 1191 2114 Cum
1218 2072 1361 2122 Iupiter
1391 2070 1434 2110 in
1467 2069 1547 2123 ipso
1576 2076 1689 2114 coelo

1031 2127 1201 2181 fingatur
1227 2127 1318 2166 alias
1342 2125 1470 2166 forma
1506 2126 1584 2168 esse
1619 2130 1689 2170 hu·

1030 2198 1164 2232 mana,
1191 2192 1230 2222 et
1257 2183 1299 2221 in
1318 2195 1452 2222 aurum
1467 2180 1507 2222 se
1525 2197 1690 2226 conuer-

1033 2237 1137 2280 tiffe:
1167 2252 1239 2291 pro
1255 2238 1434 2280 hominem
1452 2239 1545 2294 lege
1556 2243 1615 2282 vel
1626 2258 1689 2283 au-

1031 2310 1126 2345 rum,
1146 2296 1207 2335 vel
1226 2294 1420 2344 metallum,
1440 2297 1597 2336 veicum
1607 2301 1687 2339 Ho-

1031 2363 1098 2392 rat.
1124 2351 1250 2392 Carm.
1282 2364 1366 2399 111,
1417 2353 1477 2393 16.
1507 2357 1685 2404 pretium.

1031 2407 1194 2448 Deinde
1226 2420 1298 2458 pro
1333 2418 1444 2459 atque
1470 2409 1511 2447 in
1535 2409 1687 2463 alienas,

1031 2463 1149 2504 nostri
1166 2463 1314 2512 melius,
1328 2476 1361 2501 et
1367 2464 1588 2514 pet-alienas.
1615 2470 1659 2508 B.

1086 2531 1137 2572 41
1167 2518 1305 2570 Venisse
1322 2518 1518 2559 clanculum
1533 2532 1602 2573 per
1619 2525 1686 2563 im·-

1026 2574 1209 2630 pluuium]
1245 2577 1354 2614 Haec
1377 2577 1509 2615 omnia
1532 2590 1615 2617 non
1644 2588 1687 2619 vt

1029 2631 1204 2686 diffifiilia
1223 2629 1323 2684 fassu
1331 2661 1345 2688 ,
1370 2628 1440 2674 sed
1456 2643 1494 2677 vt
1509 2632 1685 2682 humilia,

1645 2700 1687 2733 et
