1815 3168
618 218 907 266 ANDRIA.

1371 229 1433 276 43

212 353 264 398 In
296 351 445 410 ignem
474 342 667 412 positast:
699 343 842 392 fletur„
879 347 1048 390 Interea
1068 342 1174 388 haec
1207 342 1340 395 soror,

214 429 360 480 Quam
384 423 482 474 dixi,
505 420 558 467 ad
580 421 797 468 flammam
821 416 984 466 acceffit
1012 417 1365 482 imprudentius-3

215 502 322 548 Satis
347 515 447 545 cum
470 497 650 562 periclo.
688 497 754 542 lbi
785 508 880 542 tum
904 494 1170 540 exanimatus
1188 491 1441 556 Pamphilus

91 593 204 639 105*
219 579 338 622 Bene
362 570 665 620 dissimulatum
687 587 885 618 amorem
904 580 947 616 et
969 569 1154 616 celatum
1174 560 1348 614 indic'at.

85 753 134 794 In
171 753 290 807 ignem
314 751 435 805 pofita
462 747 531 802 est]
585 747 737 795 ἔλλειψις.

86 823 165 849 non
198 810 304 847 enim
330 809 383 847 est
412 822 511 861 quae.
563 809 611 848 Et
630 809 738 847 mire.

85 878 171 905 cum
197 865 310 904 sunus
335 862 445 916 supra.
462 862 610 903 dixerit.
664 862 741 904 Fle-

84 925 165 973 tur]
204 921 277 961 Hic
290 933 415 971 paene
426 917 739 972 impersonaliter,

84 978 197 1020 fletur
222 976 268 1015 ab
290 976 475 1015 omnibus.
531 979 742 1016 Extremae

83 1046 108 1072 n
116 1034 166 1071 im
178 1046 354 1084 quaeque
363 1044 599 1071 mortuorum
609 1044 744 1071 omnes

85 1088 601 1141 commouentadlacrymas.
634 1092 685 1130 D.

147 1156 224 1185 102
270 1146 368 1184 Haec
394 1143 538 1194 soror]
592 1144 636 1183 ld
673 1142 738 1192 est,

85 1214 199 1253 quarn
223 1200 303 1239 dixi
332 1197 409 1239 esse
425 1197 592 1239 sororem
614 1199 741 1253 Chry-

87 1257 184 1297 fidis.
243 1259 292 1297 D.

145 1312 290 1351 Interea
318 1310 403 1353 haec
410 1311 528 1362 soror
554 1324 663 1364 quam
689 1311 745 1350 di-

90 1370 149 1419 xt]
188 1368 346 1407 Nullum
363 1369 484 1406 maius
502 1366 623 1417 potest
641 1379 749 1419 argu-

92 1435 266 1463 mentum
293 1423 471 1473 repersti,
501 1436 615 1474 quam
645 1420 749 1472 quod

96 1476 302 1531 subiungit,
330 1476 571 1528 Pamphilum
594 1473 750 1515 necessi-

94 1545 172 1573 tate
210 1532 466 1585 compulsum,
520 1534 659 1571 amoris
698 1528 752 1569 sui

92 1591 284 1629 flammam
314 1603 394 1628 non
422 1587 584 1641 potuisse
615 1589 751 1634 celare,

95 1646 278 1698 quoniam
306 1646 348 1683 in
376 1645 535 1684 materia
562 1644 753 1682 conieeiu-

95 1715 172 1750 rae,
190 1698 395 1742 accusantis
415 1699 508 1738 haec
527 1708 754 1751 argumenta

94 1754 183 1797 sunt
220 1753 390 1807 semper,
422 1769 444 1796 a
474 1757 691 1802 voluntate,
731 1766 752 1796 a

96 1810 241 1861 summo
274 1812 323 1856 ad
362 1812 491 1851 imum.
546 1811 616 1850 His
646 1809 754 1850 enim

96 1867 215 1907 tribus
251 1867 420 1918 partibus
449 1867 582 1906 nititur
609 1862 753 1904 accusa-

95 1935 168 1963 tor.
223 1925 298 1962 Hic
323 1934 451 1962 autem
477 1922 681 1962 voluntatis
698 1920 756 1971 est

98 1978 279 2032 quaestio.
333 1982 437 2032 Ergo
464 1978 714 2031 probationes
733 1991 756 2015 a

96 2034 246 2075 summo
276 2033 324 2074 ad
342 2036 463 2073 imum
496 2032 755 2086 suscipientur,

97 2104 197 2144 quae
222 2092 427 2130 continent
456 2091 556 2132 di5ta
576 2101 615 2129 et
636 2090 758 2136 factm

100 2158 140 2187 et
166 2147 272 2199 quod
298 2161 320 2185 a
340 2147 559 2187 doctoribus
579 2145 760 2198 adiungi-

99 2214 181 2251 tur,
215 2202 359 2255 pathos.
416 2205 594 2255 Namque
622 2201 760 2255 pathos

101 2258 156 2299 est
182 2256 312 2311 supra,
345 2257 449 2310 quod
467 2260 589 2298 fleuit.
651 2258 763 2298 Faffia

102 2312 186 2354 sunt
225 2315 294 2356 ista
330 2328 429 2366 quae
467 2313 760 2369 subiunguntur,

105 2370 210 2422 quod
239 2372 422 2418 accurrit3
447 2371 563 2423 {quod
591 2370 762 2410 mediam

105 2427 305 2466 mulierem
318 2427 592 2481 complectitur.
606 2424 763 2467 Deinde

107 2482 204 2520 dicia
225 2480 317 2532 sunt,
338 2481 441 2535 quod
460 2483 565 2522 dixit.
623 2485 666 2523 E.

165 2539 209 2575 In
235 2541 352 2592 ignem
376 2541 516 2591 positu]
564 2541 660 2592 Reg.
681 2536 754 2576 cod

105 2593 290 2645 Imposna.
359 2598 402 2634 L.

163 2647 332 2701 Imposita
355 2649 411 2701 est,
436 2650 535 2690 codd
558 2649 674 2690 nostri
687 2650 770 2701 ple-

111 2705 223 2757 tique
241 2718 375 2746 omnes
394 2705 551 2748 habent.
595 2707 713 2747 Recte
731 2717 770 2745 et
819 2720 901 2746 non
922 2708 1027 2746 enim
1049 2706 1156 2755 dixit,
1181 2721 1274 2746 amo.

1282 646 1443 688 Accur-

788 762 836 791 ex
845 760 954 788 more
963 746 1182 798 Poetae,qui
1196 743 1449 786 soletelidere

788 807 958 845 vltimam
977 801 1172 857 syllabam,
1193 813 1231 840 vt
1250 798 1447 853 liquescat,

790 873 829 901 et
846 859 1048 900 misceatur
1070 856 1257 910 sequenti.
1319 860 1358 896 Β.

850 929 865 958 1
873 929 923 969 03
938 913 1349 968 Adflasmnam]1nnuit
1360 909 1451 951 affe·

793 974 891 1012 &um
904 970 1048 1020 sororis,
1062 970 1164 1010 vnde
1175 983 1309 1010 omnes
1321 970 1453 1008 vince-

792 1029 1006 1069 ret2caeteri
1019 1029 1124 1066 enim
1134 1025 1337 1066 flenthaec
1349 1026 1453 1064 flam-

789 1099 878 1126 mae
889 1082 924 1123 se
938 1085 1091 1137 ingerit.
1105 1084 1316 1136 Virg.(Ecl.
1329 1084 1454 1134 v‚20.)

791 1141 1008 1180 Extinc'tum
1018 1141 1215 1192 Nymphae
1234 1139 1371 1178 crudeli
1382 1137 1454 1188 fu·

792 1211 876 1238 nere
888 1197 1087 1249 Daphnim,
1099 1200 1224 1249 Atque
1235 1195 1330 1242 deos,
1341 1207 1454 1246 atque

792 1254 886 1306 astra
900 1264 1009 1293 vocat
1028 1253 1186 1291 crudelia
1209 1265 1336 1290 mater.
1375 1254 1425 1291 D.

854 1322 931 1361 104
959 1309 1015 1348 Ibi
1036 1323 1109 1347 tum
1132 1310 1382 1358 exanimatus]
1416 1309 1454 1345 A

796 1366 1009 1413 voluntate,
1027 1379 1047 1403 a
1062 1364 1253 1403 faevlmte.
1273 1379 1294 1402 a
1307 1363 1456 1402 summo

799 1420 848 1460 ad
869 1423 1010 1465 imum,
1042 1420 1108 1458 vbi
1125 1418 1213 1458 sunt
1231 1419 1329 1458 dicta
1350 1430 1388 1458 et
1405 1417 1459 1456 fa·

801 1478 868 1524 Ra,
882 1476 999 1516 ibiest
1015 1481 1126 1517 πάθος.
1148 1487 1186 1514 et
1196 1474 1367 1514 mireibi.
1406 1476 1456 1513 D.

857 1544 934 1584 105
972 1532 1062 1570 Bene
1086 1529 1361 1584 erJJmuIatum]
1394 1530 1460 1568 Be-

801 1601 864 1636 ne,
900 1587 1072 1626 multum.
1101 1601 1151 1626 an
1180 1586 1282 1639 quali
1309 1586 1462 1635 delens,

803 1642 907 1694 quod
926 1644 1040 1681 etiam
1060 1654 1270 1695 negaturus
1288 1642 1329 1680 iit
1342 1644 1461 1682 Chre·

801 1699 907 1746 meti,
936 1698 1031 1736 dixit
1047 1698 1164 1742 bene?
1193 1698 1357 1745 Indimt]
1407 1699 1464 1737 O·

801 1755 910 1794 mnia
928 1753 1199 1808 significanter.
1235 1767 1316 1792 non
1340 1753 1462 1792 osten·

802 1810 876 1859 dit,
906 1809 1055 1861 inquit,
1085 1808 1150 1848 sed
1176 1810 1344 1849 indicat:
1378 1823 1463 1848 non

802 1865 970 1913 accedit,
1002 1863 1067 1905 sed
1088 1868 1266 1905 accurrit:
1298 1879 1381 1904 non
1401 1878 1464 1910 ve—

803 1923 900 1962 stem
931 1933 998 1960 aut
1023 1935 1180 1971 manus,
1208 1921 1272 1962 sed
1293 1921 1463 1960 mediam

804 1978 1032 2018 mulierem:
1084 1991 1166 2017 non
1215 1989 1345 2025 tenet,
1399 1975 1466 2017 sed

807 2034 1080 2086 compleffitur.
1099 2045 1138 2074 et
1157 2035 1247 2085 quia
1266 2033 1324 2072 his
1343 2033 1467 2072 tribus

807 2090 921 2130 rebus
940 2089 1137 2129 inducitur
1167 2092 1209 2129 in
1229 2091 1389 2129 alicuius
1412 2090 1467 2129 rei

808 2145 1026 2200 gestionem
1073 2144 1258 2198 persona:
1311 2145 1468 2191 affectu,

810 2202 919 2250 facto,
943 2203 1056 2242 dieto.
1096 2202 1267 2242 Affectus
1287 2201 1341 2240 est
1362 2199 1468 2253 quod

809 2260 883 2301 ait,
912 2257 969 2296 lbi
999 2272 1077 2297 tum
1103 2261 1332 2298 exanimatus
1362 2261 1470 2296 Pam-

805 2313 944 2368 philu-s.
1003 2315 1169 2363 Fadum,
1188 2315 1291 2366 quod
1315 2317 1374 2362 ait,
1399 2318 1470 2352 Ac·

813 2373 950 2418 currit,
985 2371 1138 2409 mediam
1165 2371 1346 2408 mulierem
1374 2383 1469 2409 com·

810 2426 995 2479 pleftitur.
1050 2427 1204 2466 Diffi-an
1217 2457 1226 2475 ‚
1268 2426 1373 2478 quod
1408 2426 1470 2471 ait,

815 2484 911 2523 Mea
943 2482 1175 2532 Glycerium,
1208 2484 1348 2535 inquit,
1384 2482 1474 2534 quid

816 2542 926 2593 agis?
955 2552 1017 2577 cur
1044 2551 1078 2577 te
1109 2541 1140 2577 is
1166 2539 1378 2591 perditum?
1415 2538 1473 2577 In-

818 2597 934 2644 dicat]
966 2596 1144 2633 Jndzcium
1163 2596 1318 2646 proprie
1337 2594 1389 2635 est
1401 2595 1476 2632 oris

819 2661 858 2692 et
876 2652 1056 2703 linguae:
1077 2650 1180 2690 saitis
1202 2663 1296 2703 ergo
1319 2650 1473 2690 indicat.
