1815 3168
613 113 1141 164 HEAVTONTIM.

1441 125 1537 185 699

258 236 559 292 ACTVS
611 237 953 299 QVINTI
1009 238 1304 291 SCENA
1347 241 1463 294 111.

497 328 842 368 SOSTRATA.

899 327 1213 371 CHREMES.

172 459 250 571 P
268 484 294 511 R
315 484 341 513 0
362 485 382 511 F
404 484 428 511 ε
446 484 471 511 c
496 483 527 511 τ
550 483 577 511 o
618 463 694 511 nisi
718 482 840 512 caues
862 475 912 512 tu
935 466 1089 520 homo,
1112 467 1274 531 aliquid
1289 480 1421 529 gnato
1435 469 1537 521 con-¹

482 539 598 587 ficies
621 541 720 587 mali
735 561 743 586 :

305 616 444 679 quue
465 616 571 662 adeo
596 618 745 668 miror,
771 616 997 681 quomodo

304 696 351 739 T
354 709 424 738 am
456 694 656 755 ineptum
694 693 926 755 quicquam
960 690 1040 739 tibi
1073 693 1120 739 in
1152 704 1345 742 mentem
1370 700 1535 755 venire,

402 769 465 813 mi
486 769 565 818 vir,
588 769 795 830 potuerit.

305 837 414 889 CH.
457 837 630 901 Pergin'
662 843 821 888 mulier
855 842 998 890 odiosa
1039 841 1152 891 effe?
1194 846 1418 895 nullamne
1449 866 1535 912 ego

400 933 495 964 rem
521 933 712 981 vnquam
736 919 782 964 in
806 919 892 967 vita
914 935 1010 965 mea

165 1096 299 1148 iraque
334 1095 618 1136 Menedemum
654 1107 825 1149 precato-

166 1165 249 1192 rem
275 1152 430 1202 parabo.
486 1156 528 1193 E.

221 1211 329 1260 Lege
365 1222 412 1248 ex
450 1209 534 1247 cod.
562 1209 707 1261 Regio,
738 1208 827 1260 fini

164 1263 287 1315 nostro
311 1262 466 1314 nilfidei
488 1263 614 1303 haheo.
673 1267 713 1302 B.

225 1332 241 1361 1
274 1320 447 1369 Profic‘Yo
469 1321 666 1371 nisz'caues]
695 1323 739 1359 In
757 1319 825 1359 hac

162 1376 289 1415 Scena
308 1377 529 1415 continetur
545 1378 675 1428 imago
707 1389 823 1427 quae-

162 1431 251 1470 dam
272 1431 406 1470 diffidii
427 1433 531 1470 inter
550 1433 670 1470 virum
682 1443 720 1471 et
731 1445 823 1471 vxo-

163 1500 245 1526 rem
261 1519 271 1537 ‚
301 1489 363 1538 qui
391 1499 526 1526 natura
552 1487 687 1526 moroli
705 1499 821 1539 atque

162 1543 339 1582 difficiles
359 1541 456 1582 sunt.
495 1544 553 1582 Tu
571 1542 695 1589 homo]
721 1544 820 1583 Cum

163 1610 361 1638 contemtu
382 1610 419 1639 et
437 1599 632 1638 stomacho
656 1613 824 1650 pronun-

162 1655 354 1694 ciandum.
413 1658 459 1695 Et
485 1655 594 1702 dicit,
628 1668 670 1695 tu
697 1655 817 1705 houm,

162 1722 204 1750 et
230 1712 360 1763 postea
380 1708 498 1751 subito
524 1712 728 1750 mulierum
756 1726 823 1750 na-

160 1778 242 1806 tura
261 1769 360 1806 redit
378 1767 427 1806 ad
453 1769 674 1816 lenitatem,
707 1766 820 1807 disce-

161 1823 282 1862 dente
301 1823 591 1876 indignatione.
652 1825 697 1864 C.

215 1879 387 1929 Proftc'z‘o
419 1880 511 1933 nist]
558 1881 724 1919 Coercet
755 1879 819 1918 hic

157 1949 253 1975 vxor
273 1937 463 1984 maritum,
485 1935 588 1986 quod
610 1934 817 1975 exhereda-

157 1993 309 2030 tionem
336 1989 402 2030 filii
433 1992 524 2030 stelit
561 2004 701 2031 errore.
757 1994 816 2031 Ex

155 2048 222 2087 illo
257 2046 412 2087 confilio
446 2045 555 2087 sexus
586 2048 663 2086 iam
694 2049 815 2086 conti-

155 2118 235 2143 nuo
257 2114 423 2149 notatur,
443 2103 543 2155 quali
564 2116 715 2142 morum
735 2105 814 2143 riti—

155 2173 221 2198 um
243 2159 297 2198 est
318 2159 423 2212 (Post
442 2161 547 2198 velim
561 2161 813 2214 inter-punge,

154 2227 195 2255 et
227 2227 376 2255 caetera
402 2214 450 2254 fic
475 2217 627 2268 corrige
643 2247 652 2264 ‚
700 2229 813 2256 PER-

156 2283 256 2312 GIN
302 2284 534 2311 MVL1ER.
591 2271 659 2310 Illo
696 2274 813 2310 nomi-

153 2341 200 2366 ·ne
209 2327 392 2378 fimineus
401 2328 519 2380 fixus
540 2330 613 2366 iam
638 2330 809 2368 continuo

152 2397 322 2433 notatur,
352 2396 387 2422 et
405 2382 510 2438 quast
521 2398 666 2423 morum
688 2387 810 2423 conui-

152 2441 248 2478 cium
267 2439 312 2491 est
339 2443 417 2487 Z.);
447 2440 608 2480 vtalibi:
648 2441 722 2488 Tu,
752 2442 807 2479 in-

1380 1016 1405 1061 ς
1444 1004 1533 1046 Vo-

875 1112 917 1139 re
940 1111 1011 1151 per
1033 1110 1208 1138 naturam
1222 1129 1231 1147 ,
1265 1099 1369 1139 aliud
1387 1115 1459 1153 per
1479 1101 1534 1141 vi-

875 1157 969 1194 tium
988 1158 1244 1207 (conuicium).
1297 1160 1341 1196 E.

930 1223 952 1263 3
983 1212 1151 1263 Ineptum
1184 1213 1397 1265 quicquam]
1424 1215 1532 1253 Bene

877 1268 1049 1319 ineptum.
1113 1269 1212 1306 Nam
1255 1271 1416 1319 ineptum
1461 1272 1526 1320 est,

877 1323 981 1373 quod
1004 1338 1025 1362 a
1045 1324 1181 1374 quouis
1209 1324 1527 1375 reprehenditur,

873 1379 1002 1419 Venire
1038 1382 1077 1418 in
1115 1381 1287 1433 mentem]
1325 1382 1458 1420 Venire
1490 1385 1531 1420 in.

871 1446 1023 1474 mentem
1044 1448 1192 1474 veteres
1210 1449 1288 1474 non
1303 1437 1531 1476 recordatio-

872 1492 932 1529 nis
952 1489 1060 1530 causa
1078 1502 1237 1539 tantum,
1252 1489 1318 1531 sed
1337 1495 1451 1532 etiam
1470 1507 1529 1533 re-

871 1547 1115 1599 cogitationis
1138 1547 1412 1601 (cogitationis)
1433 1562 1530 1588 con..

871 1600 1185 1653 fidei-ationisque
1204 1602 1423 1654 posuerunt.
1455 1608 1500 1647 C.

924 1659 1123 1699 Bentleius
1151 1658 1295 1708 edidit,
1333 1665 1528 1714 quicquam

870 1713 944 1754 tibi
962 1717 1090 1753 venire
1107 1717 1146 1753 in
1165 1729 1332 1754 mentem.
1392 1721 1433 1757 Z.

924 1784 951 1823 4
983 1773 1133 1824 Pergin’
1153 1773 1300 1824 mulier]
1327 1773 1389 1812 Sic
1402 1771 1528 1813 solent

867 1826 990 1865 mariti
1012 1825 1190 1866 vxoribus
1212 1827 1355 1876 dicere,
1378 1841 1464 1868 cum
1482 1830 1528 1868 il-

866 1883 928 1922 lae
953 1879 1209 1924 aduersantur.
1265 1885 1313 1923 Et
1341 1884 1393 1924 est
1420 1899 1529 1925 ener-

867 1940 931 1990 gia
958 1936 1099 1976 senilis.
1154 1936 1292 1978 Sensus
1316 1940 1433 1992 igitur
1449 1942 1523 1982 est:

865 1995 1024 2046 Pei-gin’
1050 1994 1221 2033 mulieris
1248 2006 1375 2046 partes
1415 2010 1525 2036 exer-

866 2063 955 2087 cere
978 2060 1015 2088 et
1042 2049 1220 2096 officium,
1251 2064 1351 2102 quae
1370 2050 1522 2104 semper

865 2107 949 2144 vult
978 2106 1084 2156 loqui
1107 2116 1145 2144 et
1167 2108 1303 2146 marito
1324 2121 1520 2162 repugna-

863 2175 917 2201 re.
975 2162 1019 2201 C.

919 2221 1138 2268 Reponeex
1150 2217 1283 2258 nostris
1303 2217 1386 2258 sere
1396 2223 1519 2261 omni-

862 2272 953 2321 bus,
998 2273 1073 2320 Oh,
1106 2275 1238 2329 pergin
1274 2276 1402 2315 mulier
1430 2278 1518 2329 asse?

861 2327 1037 2368 nullamne
1057 2331 1121 2383 &go
1143 2345 1217 2369 rem
1235 2344 1394 2384 tanquam
1414 2337 1451 2374 in
1464 2339 1517 2372 vi-

859 2386 902 2424 ῑᾶ
926 2398 1004 2424 mea
1042 2385 1174 2433 Volui,
1203 2390 1293 2438 quin
1329 2390 1372 2427 τά
1402 2393 1441 2428 in
1472 2404 1513 2428 ea

857 2455 895 2480 re
920 2443 972 2479 mi
992 2441 1246 2491 aduorscitrix
1261 2444 1415 2494 fueris,
1449 2446 1515 2485 Sc]-

151 2508 270 2549 quam,
291 2496 438 2544 mulier,
473 2509 562 2548 quae
581 2511 635 2535 me
656 2500 803 2535 omnino
847 2496 994 2548 strata?
1013 2498 1171 2546 Quanto
1183 2499 1353 2539 acerbius
1366 2501 1419 2539 est
1428 2502 1510 2546 hoc„

150 2553 326 2602 lapidem,
359 2565 433 2594 non
467 2551 645 2591 hominem
675 2565 799 2605 putas.
853 2553 998 2592 Mulier
1021 2552 1098 2605 effe,
1129 2566 1244 2605 quam
1273 2555 1297 2595 li
1323 2557 1437 2596 addas
1463 2561 1510 2598 U-

150 2609 266 2649 Aliuu'
287 2620 414 2648 {xamen
435 2608 488 2647 est
504 2609 803 2650 mulieremdice·
853 2609 989 2661 diofiae?
1042 2612 1084 2651 B.
