1815 3168
600 100 1011 147 EVNVCHVS.

1391 114 1482 162 313

246 225 356 276 Itan'
375 226 527 294 parasti
548 238 604 281 te,
627 240 674 275 vt
693 228 785 292 spes
808 227 925 273 nulla
945 225 1128 288 relliqua
1149 227 1193 271 in
1211 236 1251 272 te
1265 223 1364 273 esset
1377 225 1487 281 tibi?

158 323 214 354 10
251 306 388 352 Simul
416 303 642 351 confilium
664 321 764 350 cum
787 320 835 349 re
860 300 1033 349 amisti?
1071 295 1214 348 viden'
1239 317 1309 347 me
1337 319 1387 349 ex
1411 320 1483 350 eo-

347 381 448 426 dem
471 391 619 426 ortum
639 379 736 426 loco
755 379 774 424 ?

252 458 345 512 Qui
368 456 504 509 color,
528 458 659 509 nitor,
683 450 889 504 vestitus?
928 466 1038 517 quae
1061 448 1275 498 habitudo
1310 449 1369 497 est
1389 468 1487 499 cor-

347 533 471 596 poris
489 531 508 578 ?

116 694 208 730 mini
226 690 321 743 quid
331 690 522 744 praestat?
536 691 653 744 stulto
671 692 776 732 intel-

119 749 261 803 ligens?
315 749 365 787 D.

112 828 114 830 v
156 804 248 842 -Hic
268 817 330 859 ego
350 801 452 841 illum
474 799 657 856 contemfi]
689 807 776 844 Hoc

1321 602 1487 649 Omnia

825 699 956 726 nonem
987 685 1151 724 Finxit:
1198 696 1336 723 vanum
1364 687 1487 735 etiam,

824 743 1101 794 mendacemque
1146 738 1316 793 improba
1355 740 1489 796 finget.

825 803 874 839 Et
899 797 1096 838 Sallustius
1119 800 1221 849 (lug.
1256 800 1326 851 1.),
1356 800 1489 850 Neque

119 859 181 905 est,
200 873 262 898 me
284 857 547 909 Confiderans‚
576 862 687 900 illum
707 860 778 900 mi-
816 857 987 907 fortuna
1006 867 1111 909 eget:
1138 857 1265 906 quippe
1292 867 1386 907 quae
1401 865 1488 905 pro-

116 914 243 954 serum
263 916 356 955 dixi.
413 919 457 956 E.

174 974 245 1012 Hic
266 985 332 1028 ego
350 968 466 1016 illum]
497 969 676 1012 Priscian.
709 970 777 1010 lib.

120 1042 198 1068 xlv.
219 1039 258 1067 et
275 1042 334 1068 xv.
393 1028 435 1067 L.
622 1058 626 1061 -

172 1097 198 1136 9
217 1084 322 1124 Itane
333 1098 368 1123 te
383 1082 540 1137 parasti]
571 1084 701 1134 Quam
714 1082 778 1121 ob·

120 1141 344 1193 iurganter?
376 1151 560 1192 tanquam
577 1140 617 1178 in
637 1141 704 1178 illo
724 1139 778 1187 fit,

122 1198 227 1248 quod
245 1195 359 1236 miser
380 1196 444 1235 est.
484 1199 535 1236 Et
551 1195 656 1242 alibi,
678 1196 781 1234 Nam

122 1267 224 1293 nemo
254 1253 401 1291 illorum
425 1251 635 1304 quzsqwim,
665 1252 780 1302 fiito,

123 1311 173 1348 ad
188 1322 226 1347 te
244 1311 362 1355 venit,
390 1307 495 1360 Qtn
524 1311 580 1345 ita
601 1320 711 1360 paret
723 1307 780 1357 fi,

123 1364 187 1404 abs
209 1366 244 1403 t‘e
262 1378 303 1403 vt
322 1363 514 1402 blanditiis
522 1362 623 1413 ficis,
654 1366 783 1418 Qmm

123 1422 423 1472 minimo'pretio‚
431 1420 541 1469 suam
559 1418 784 1470 voluptatem

123 1479 281 1530 expleat.
338 1479 385 1516 Et
412 1475 487 1513 hoc
516 1476 677 1526 proprie
697 1487 784 1516 ,ver-

124 1533 218 1572 bum
237 1531 285 1571 ad
305 1532 597 1583 exprimendam
611 1529 785 1568 inhuma-

126 1591 289 1629 nitatem
307 1599 348 1627 et
358 1588 556 1641 ignauiam
568 1585 709 1624 facium
720 1585 785 1624 est.

129 1646 179 1685 Vt
189 1645 274 1697 spes
302 1643 403 1683 nulla
429 1642 568 1695 reliqua
595 1645 636 1680 in
667 1640 786 1691 testet

126 1701 200 1742 tibi
215 1701 258 1755 ἓ]
297 1695 564 1745 Sententiose‚
605 1696 653 1736 ad
688 1695 785 1735 illud

127 1757 234 1810 quod
269 1767 308 1796 et
342 1756 526 1809 Virgilius
561 1755 685 1807 (Aen.
729 1765 786 1797 Ἡ,

126 1815 240 1867 309.)
287 1812 356 1861 ait,
407 1813 561 1854 Ponite3
591 1808 680 1862 spes
711 1807 787 1860 fibi

126 1869 286 1923 quzijue.
347 1867 398 1907 Vt
413 1866 500 1920 spes
515 1864 615 1905 nulla
641 1865 788 1918 reliqua

128 1930 168 1965 in
197 1939 232 1965 te
255 1923 325 1978 fiet
353 1922 477 1978 tibi?]
516 1926 650 1969 Bene,
685 1919 790 1972 quafi

827 911 1003 957 bizatem,
1046 910 1282 960 industriam,
1324 910 1488 964 aliasque

827 967 939 1006 bonas
965 979 1064 1005 artes
1093 978 1209 1017 neque
1240 967 1346 1015 dare,
1375 980 1488 1019 neque

827 1025 966 1075 eripere
1004 1024 1168 1074 cuiquam
1195 1022 1326 1075 potest.
1384 1025 1488 1076 Ergo

828 1079 926 1119 haec
952 1079 1222 1130 interrogatio,
1253 1079 1491 1131 increpantis

830 1135 906 1176 est:
946 1148 1020 1174 nee
1059 1134 1246 1173 deiiderat
1283 1133 1492 1187 responiio-

830 1206 938 1231 nem.
998 1193 1098 1230 Nam
1117 1189 1300 1241 confilium
1316 1194 1358 1230 in
1380 1192 1492 1230 bonis

831 1249 975 1288 animi:
1006 1262 1067 1287 res
1094 1249 1135 1285 in
1156 1247 1345 1299 potestate
1370 1247 1491 1286 fortu-

832 1317 919 1343 nae.
977 1302 1040 1340 Ex
1070 1304 1190 1342 eodem
1209 1318 1332 1343 ortum
1356 1304 1493 1358 [θεοῖ]

832 1364 892 1401 Ex
912 1359 1050 1396 eadem
1073 1358 1238 1398 fortuna.
1291 1362 1341 1399 D.

887 1413 950 1453 Ex
972 1414 1093 1452 eodem
1111 1427 1234 1453 ortum
1252 1413 1392 1468 [οι-οῗ]
1418 1417 1495 1456 Sci·

834 1471 939 1516 licet,
968 1471 1058 1520 quia
1088 1468 1197 1521 supra
1229 1471 1347 1509 dixit:
1385 1485 1496 1524 quen·

835 1530 919 1567 dam
937 1529 1005 1564 mei
1025 1527 1096 1564 loci
1118 1541 1226 1579 atque
1237 1528 1392 1565 ordinis.
1422 1532 1465 1568 E.

893 1596 910 1624 1
924 1595 938 1622 1
971 1582 1052 1635 Qi
1072 1584 1186 1628 color,
1205 1583 1493 1634 nizor‚vestizus‚

834 1651 924 1692 quae
933 1636 1108 1675 habitudo
1127 1637 1174 1688 est
1184 1641 1347 1690 corporis
1359 1641 1395 1693 ζ’]
1409 1644 1495 1680 Hoc

836 1704 966 1732 contra
978 1693 1085 1741 illud,
1099 1695 1212 1733 Video
1214 1695 1377 1745 fimum,
1380 1696 1499 1749 sigua-

833 1749 961 1798 lidum,
982 1762 1146 1804 aegrum,
1165 1755 1301 1802 pannis
1320 1754 1497 1806 annfime

836 1805 1000 1857 obsitum.
1060 1806 1173 1846 Color
1201 1820 1297 1861 ergo
1334 1808 1382 1846 ad
1413 1810 1496 1861 stn-

837 1875 942 1901 tum:
961 1863 1084 1902 Nitor
1101 1863 1148 1902 ad
1166 1862 1404 1916 squalidum:
1433 1867 1498 1906 Ve-

829 1917 946 1970 stitus
986 1917 1034 1957 ad
1071 1924 1208 1970 pannis
1236 1920 1409 1973 mnusque
1437 1922 1501 1961 ob-

127 1983 193 2034 qui
214 1979 493 2021 remafortuna
504 1977 705 2029 acceperit.
734 1977 785 2017 D.
828 1974 968 2028 fitum:
997 1973 1190 2015 Habitudo
1220 1978 1413 2028 corporis,
1449 1978 1500 2019 ad

183 2036 277 2090 Esset
287 2036 468 2089 probatur
479 2050 500 2074 a
508 2038 669 2082 Faerno,
686 2030 789 2084 quod

131 2107 213 2133 non
232 2091 349 2132 modo
366 2091 409 2131 fit
424 2093 465 2131 in
478 2090 562 2131 cod.
581 2088 713 2130 Bemb.
725 2086 790 2128 sed

132 2160 173 2188 et
211 2148 350 2189 habeat
385 2145 538 2188 sensum
573 2145 791 2199 elegantio-

133 2218 228 2246 rem.
263 2208 348 2258 Ego
367 2205 492 2257 probo
501 2202 573 2255 fit,
610 2216 698 2241 cum
719 2198 790 2240 ser·

131 2275 197 2300 mo
229 2260 273 2301 fit
304 2261 355 2300 de
380 2257 571 2312 praesenti
600 2269 789 2309 tempore.

133 2318 222 2366 Sient,
244 2316 359 2368 quod,
378 2317 495 2356 tribus
515 2315 701 2366 exceptis,
720 2325 791 2351 no-

135 2372 199 2412 stri
214 2371 376 2421 habent,
409 2372 522 2412 nihili
549 2370 672 2418 facio,
700 2369 790 2421 quia

137 2429 177 2467 id
196 2426 317 2480 ipsum
343 2427 685 2481 pronunciandum
718 2425 791 2464 erit

131 2484 197 2538 fit.
255 2487 305 2524 B.-

197 2552 248 2581 10
287 2539 404 2579 Simul
427 2540 611 2593 confilium
638 2550 718 2578 cum
749 2552 790 2577 re

135 2595 306 2650 amtsti2]
336 2597 445 2649 Virg.
480 2599 600 2649 (Aen.
624 2609 671 2642 11,
700 2598 790 2648 79.)

133 2676 188 2685 *-
215 2666 276 2691 nec
290 2650 332 2703 fi
347 2652 518 2703 mtfirum
535 2654 708 2705 fortuna
735 2652 790 2692 Si·

838 2044 990 2086 aegrum
1018 2031 1191 2072 refertur.
1250 2035 1360 2089 Qae
1395 2033 1499 2072 habi-

839 2090 931 2128 tudo
959 2086 1007 2137 est
1032 2089 1253 2143 corporis-NJ
1283 2090 1437 2129 Plautus
1455 2093 1500 2130 in

838 2144 1002 2196 Epidico
1029 2145 1080 2196 (1,
1122 2157 1153 2192 1,
1191 2149 1265 2199 8.)‚
1299 2146 1499 2199 Corpulen.

838 2204 917 2240 tior
935 2199 1062 2246 hercle,
1087 2215 1195 2254 atque
1207 2200 1385 2241 habitior.
1420 2206 1469 2244 D.

890 2255 972 2311 Qti
990 2254 1104 2302 color]
1133 2260 1220 2297 Hoc
1239 2256 1293 2296 est
1311 2259 1417 2309 quod
1445 2257 1502 2300 su-

838 2326 906 2364 pra
924 2311 1095 2365 pofitum,
1116 2315 1221 2353 video
1231 2327 1394 2369 aegrum.
1429 2316 1502 2356 Ni-

839 2382 911 2417 tor,
929 2367 1097 2419 vestitus]
1129 2369 1247 2420 Quod
1267 2373 1376 2423 supra
1395 2372 1502 2412 dixe-

841 2436 915 2472 rat,
943 2423 1107 2476 fimum.
1165 2425 1273 2482 Qae
1302 2427 1500 2484 habitudo]

839 2481 884 2521 ld
906 2481 970 2527 est,
992 2483 1101 2520 annis
1114 2481 1286 2534 obfitum,
1307 2497 1395 2524 cum
1407 2499 1502 2525 con·

839 2549 896 2577 tra
913 2539 1099 2591 Virgilius
1120 2537 1272 2580 dixiffet
1288 2544 1411 2594 (Aen.
1431 2555 1498 2592 111,

841 2595 969 2651 590.).
1030 2618 1085 2628 —·
1114 2599 1227 2638 macie
1254 2598 1418 2649 confec'ta
1431 2597 1503 2648 su-

954 2653 991 2692 V
1024 2663 1047 2707 ς
1418 2667 1501 2708 pre-
