1815 3168
670 136 830 186 ACT.
861 136 934 185 111,
977 134 1173 180 SCEN.
1209 132 1262 179 Π.

427 265 512 316 Sed
536 261 767 331 postquam
790 256 1023 325 egressa‘st,
1057 260 1141 306 illis
1163 276 1273 324 quae
1295 258 1392 307 sunt
1413 260 1546 313 intus,
1582 259 1662 306 cla·

528 352 619 388 mat
644 341 696 387 de
725 342 807 386 via.

428 419 472 464 Ο
496 421 646 469 Daue,
678 409 780 461 itan'
815 421 1078 460 contemnor
1109 408 1184 457 abs
1218 410 1295 457 te?
1332 419 1406 457 aut
1427 411 1543 456 itane
1570 419 1661 455 tan·

528 492 627 537 dem
652 490 837 536 idoneus

429 567 539 616 Tibi
562 565 711 612 videor
732 560 828 616 effe,
862 577 996 626 quem
1025 571 1115 608 tam
1142 570 1291 626 aperte
1313 559 1459 608 fallere
1481 560 1662 625 incipias

530 640 639 687 dolis
649 635 672 689 ’ἶ

429 718 591 765 Saltem
620 724 841 762 accurate:
887 723 934 763 vt
964 713 1102 762 metui
1132 711 1280 761 videar
1300 720 1440 764 certe.
1490 708 1522 756 fi
1541 707 1662 756 resci-

529 792 686 839 uerim.

296 1029 380 1056 non
408 1012 641 1066 imperabat,
677 1010 772 1064 quid
797 1009 897 1051 fano
914 1023 956 1049 o-

297 1086 370 1124 pus
398 1068 490 1112 effet
515 1067 589 1108 scil.
641 1069 702 1109 Sic
729 1068 836 1107 enim
863 1067 956 1107 dici-

297 1142 393 1176 mus,
420 1125 525 1183 Qid
543 1126 602 1164 vis
613 1123 684 1164 tibi
692 1123 863 1176 fhciam?
881 1125 956 1163 Pu-

296 1186 465 1236 erperae]
504 1182 642 1221 Omnis
669 1193 769 1232 quae
793 1180 958 1232 peperit,

294 1251 495 1293 puerperae
522 1234 739 1284 πρωτοτόκος,
757 1248 858 1286 quae
883 1235 960 1286 pri-

297 1310 418 1337 mum.
474 1297 522 1334 Et
552 1305 634 1332 non
654 1290 759 1343 quod
778 1303 957 1342 puerum,

298 1350 365 1392 sed
388 1349 492 1401 quod
513 1347 636 1387 filium
653 1346 819 1399 peperit,
847 1356 958 1396 puer·

297 1419 387 1461 pera
403 1404 503 1444 dieta
522 1403 586 1443 est.
626 1405 674 1442 Et
685 1401 789 1454 apud
809 1411 958 1440 veteres

295 1475 394 1518 puer
407 1458 552 1512 puellus,
560 1470 679 1511 puera
685 1455 818 1510 puella.
875 1458 926 1497 D.

358 1518 452 1556 Non
472 1513 690 1568 imperabat]
721 1511 840 1565 Quod
857 1510 957 1552 faao

300 1586 400 1627 opus
431 1570 528 1612 effet
548 1583 778 1623 puerperae.
832 1571 960 1623 Argu-

300 1639 481 1672 mentum
513 1625 567 1668 est
596 1640 674 1678 quo
710 1625 868 1674 doceat,
908 1622 957 1663 ab

299 1691 416 1731 Dauo
456 1683 523 1724 ista
554 1679 731 1723 Vniuersa
757 1680 958 1734 compleri.

299 1743 489 1795 puerpera
513 1751 642 1780 autem
667 1738 826 1786 dicitur,
859 1747 960 1789 quae

302 1811 440 1839 recens
467 1795 523 1836 est
548 1806 681 1848 partu:
709 1805 749 1833 et
777 1808 800 1833 a
825 1792 962 1833 mulie-

301 1856 378 1895 bris
399 1851 508 1892 sexus
527 1862 635 1902 parte
651 1862 798 1889 nomen
811 1846 963 1901 impofi·

303 1922 387 1951 tum
404 1908 467 1949 est.
521 1909 619 1947 Nam
638 1906 771 1957 vtique
790 1915 829 1943 et
845 1900 964 1956 'puel-

302 1969 382 2007 lam
411 1975 450 2003 et
470 1974 630 2015 puerum
648 1961 803 2012 pariens
824 1958 964 1998 dicitur

1596 868 1661 925 ¹5

1063 1022 1114 1052 12
1147 1010 1254 1051 Itane
1270 1019 1482 1048 contemnor
1502 1003 1565 1044 ahs
1584 1002 1663 1058 ²82]

1004 1068 1091 1106 Hoc
1113 1067 1186 1116 est,
1218 1063 1335 1117 vsque
1354 1064 1507 1103 adeone
1525 1072 1667 1100 conte-

1005 1125 1144 1163 mnor?
1174 1121 1287 1161 valde
1314 1118 1567 1159 contemnor?
1598 1117 1665 1155 Te-

1006 1192 1114 1218 mnor
1130 1189 1280 1225 autem,
1314 1178 1510 1216 Graecum
1527 1172 1592 1221 est,
1621 1170 1667 1212 id

1005 1234 1061 1273 est
1079 1234 1211 1273 caedor
1227 1243 1267 1272 et
1285 1233 1451 1278 reiicior,
1483 1229 1528 1267 τὲ
1552 1236 1666 1272 τέμνο-

1006 1307 1076 1335 μαι.
1132 1292 1231 1329 Nam
1251 1298 1401 1327 veteres
1421 1298 1539 1325 temno
1561 1283 1667 1322 dice-

1007 1345 1102 1383 bant
1125 1344 1206 1384 fine
1225 1341 1499 1394 propofitione.
1556 1340 1669 1378 Itane-

1007 1401 1155 1441 tandem
1175 1399 1343 1443 idoneus]
1373 1395 1598 1450 Indignatio
1610 1393 1666 1433 est

1007 1455 1056 1496 ad
1096 1455 1401 1497 aestimationem
1445 1451 1666 1491 reuocantis

1007 1513 1089 1552 eius
1110 1511 1209 1552 dieta
1226 1511 1290 1551 vel
1306 1509 1412 1558 faeta,
1433 1515 1463 1546 'a
1481 1521 1558 1559 quo
1577 1520 1669 1546 con-

1006 1569 1195 1608 temnitur
1213 1567 1307 1618 quis.
1338 1562 1510 1612 Idoneus]
1541 1567 1669 1615 Aptus

1007 1635 1050 1664 et
1073 1626 1110 1664 ei
1132 1625 1189 1663 rei
1205 1634 1327 1662 natus.
1382 1624 1432 1662 D.

1065 1692 1114 1733 13
1146 1683 1284 1733 Aperte
1289 1676 1440 1732 fivllere]
1460 1673 1515 1715 δύο
1534 1680 1564 1714 δῖ
1581 1672 1668 1726 ἑυδς,

1011 1747 1050 1776 et
1067 1736 1213 1784 fallere,
1234 1746 1275 1775 et
1291 1744 1436 1786 aperte.
1495 1735 1544 1772 D.

1061 1795 1120 1834 Ex
1137 1788 1320 1832 consensu
1338 1788 1448 1829 codd.
1470 1789 1574 1841 lege.
1604 1787 1667 1826 Ti-

1011 1848 1050 1888 bi
1065 1849 1196 1888 videor
1210 1845 1295 1899 effi:
1325 1845 1470 1896 alioqui
1489 1856 1573 1882 non
1599 1843 1668 1881 sta-

1012 1915 1072 1945 ret
1092 1904 1320 1942 officum-ius.
1375 1904 1416 1942 B.

1070 1971 1119 2013 14
1154 1958 1289 1998 Saltem
1328 1953 1517 2003 accurate]
1564 1955 1668 1996 Mire

300 2032 498 2077 puerpera,
535 2030 760 2070 quanquam
794 2024 833 2055 et
870 2014 964 2078 anti·
1000 2014 1158 2068 saltem:
1200 2013 1303 2066 quod
1337 2013 1496 2064 ponitur
1521 2012 1563 2049 in
1595 2011 1668 2049 de-

304 2079 374 2132 qui
396 2074 574 2129 puellam,
602 2086 757 2127 pueram
778 2069 892 2124 saepe
909 2069 963 2111 di·

303 2143 457 2176 xerunt.
515 2131 548 2171 E

366 2201 413 2232 11
447 2185 529 2227 Illis
537 2197 631 2240 quae
642 2183 736 2239 fiant
747 2184 865 2228 intus]
894 2184 964 2222 Ar-

305 2255 538 2300 gumentum
560 2255 610 2282 ex
629 2254 677 2281 eo
698 2238 803 2292 quod
818 2252 899 2278 non
910 2237 964 2277 fa-

304 2304 411 2343 &um
430 2299 493 2347 est,
518 2311 606 2337 cum
622 2296 705 2337 fieri
718 2295 905 2347 potuerit:
927 2305 965 2334 et

304 2371 356 2397 ex
367 2370 415 2396 eo
430 2354 537 2408 quod
548 2352 689 2393 {aetum
701 2351 766 2399 est,
784 2364 871 2391 cum
881 2349 964 2389 fieri

304 2426 389 2454 non
413 2410 637 2463 oportuerit.
679 2409 822 2448 Clamat
832 2408 874 2447 de
882 2405 962 2453 via]

304 2469 410 2510 Mire
420 2467 561 2514 clamat,
583 2464 686 2517 quasi
698 2457 810 2512 dieat,
831 2462 965 2502 maluit

305 2525 482 2571 clamare,
504 2535 621 2573 quam
629 2519 710 2561 fine
720 2519 852 2562 labore
860 2520 963 2564 intus

306 2582 510 2633 imperare.
565 2580 614 2621 D.

1011 2070 1231 2125 speratione
1253 2082 1394 2108 rerum.
1420 2068 1545 2119 primo
1559 2068 1668 2105 enim

1011 2128 1138 2168 fuerat
1158 2126 1327 2166 hortatus
1345 2127 1511 2171 Dauum,
1535 2134 1666 2161 vtnon

1013 2194 1215 2223 conaretur
1247 2180 1390 2221 fallere.
1450 2179 1585 2219 Saltem
1612 2192 1669 2216 ac-

1015 2241 1155 2289 curate]
1185 2244 1319 2285 Ζὲυγμκ
1337 2249 1358 2275 a
1376 2232 1582 2287 superiore,
1586 2233 1669 2285 fil·

1012 2296 1084 2335 lere
1103 2297 1267 2347 incipias.
1293 2302 1357 2332 aut
1377 2303 1480 2335 certe
1510 2290 1670 2333 σύλιηψις

1002 2350 1140 2405 fallere
1157 2351 1322 2402 incipias.
1377 2349 1483 2387 Certe
1499 2346 1544 2396 st
1564 2346 1670 2397 nsci-

1011 2406 1142 2454 uerim]
1179 2409 1228 2446 Et
1251 2415 1374 2444 vti-um
1401 2416 1470 2455 pro
1497 2416 1583 2441 cum
1611 2414 1669 2440 re·

1012 2462 1211 2503 sciuerim:
1243 2475 1298 2508 an*
1312 2460 1404 2514 quia
1425 2458 1578 2502 stultum
1602 2469 1670 2497 me

995 2522 1149 2575 putas?
1203 2518 1256 2560 D.

1594 2622 1672 2666 Sal.
