1815 3168
326 167 422 224 418

697 154 851 203 AcT.
886 151 963 202 rv.
999 150 1203 197 scEN.
1237 150 1310 198 111.
1350 196 1355 210 ,

376 305 431 352 ¹5
469 285 569 336 PH.
606 282 793 332 Insanis:
833 283 911 346 qui
939 278 1045 328 istuc
1077 278 1218 326 facere
1247 275 1490 325 Eunuchus
1520 278 1698 344 potuit?

564 357 658 407 ΡΥ.
694 376 778 420 ego
798 357 922 404 illum
946 356 1088 402 nescio

471 435 593 492 Quid
615 435 765 482 fuerit:
797 433 895 484 hoc,
917 430 1036 494 quod
1057 429 1171 483 fecit,
1191 444 1260 476 res
1283 428 1370 494 ipsa
1390 428 1564 476 indicat.

472 514 614 573 Virgo
636 510 721 574 ipsa
741 510 971 564 lacrumat3
1000 521 1158 568 neque,
1189 520 1290 552 cum
1310 507 1489 566 rogites,
1512 503 1619 568 quid
1638 501 1703 560 fit,

575 585 704 632 audet
732 583 890 632 dicere.

476 663 557 710 Ille
579 671 722 706 autem
742 650 886 706 bonus
907 659 974 704 vir
992 655 1204 720 nusquam
1224 666 1425 723 apparet:
1468 657 1598 703 etiarn
1619 655 1706 703 hoc

577 736 726 782 misera
749 733 949 798 suspicor,

482 811 662 876 Aliquid
697 809 829 856 domo
865 807 1099 857 abeuntem
1131 802 1355 858 abstulisse.
1398 805 1499 857 Pu.
1532 822 1712 872 nequeo

581 886 732 942 mirati
752 883 862 939 satis,

408 1099 460 1142 15
499 1087 580 1145 Qi
613 1084 627 1126 i
658 1096 703 1124 uc
727 1085 862 1138 ficere
885 1081 1011 1126 Eunu·

356 1147 441 1187 chus
455 1143 635 1197 potuit?]
666 1140 918 1194 Istuc-facere,
944 1141 1011 1181 ho·

356 1200 499 1242 nestius
527 1200 630 1252 apud
661 1198 851 1250 puellam,
896 1211 1012 1250 quam

354 1256 382 1298 si
423 1258 564 1297 Vitiare
608 1251 776 1294 dixiss'et:
814 1265 853 1293 et
890 1253 1012 1304 potest

356 1313 479 1353 videri
506 1309 652 1362 aliquid
671 1321 767 1349 nutu
786 1308 1012 1363 fignificat-e.

356 1369 438 1423 Ego
482 1367 580 1406 illum
620 1366 735 1417 ηςΙέιῐο
765 1368 828 1418 qui
855 1362 1012 1419 fuerit]

360 1428 534 1466 Σόλληφις.
589 1425 696 1461 Bene
725 1421 860 1461 vitauit
886 1423 1016 1461 Eunu-

359 1481 424 1520 chi
442 1491 613 1527 nomen,
647 1489 688 1517 vt
719 1475 865 1527 vitiasse
895 1477 1016 1531 virgi-

360 1550 476 1583 nem„
495 1534 673 1574 obtinere
691 1533 809 1584 possit.
867 1534 919 1573 D.

417 1591 587 1642 Instzni5;
616 1592 678 1642 qui
696 1588 783 1641 istuc
800 1588 931 1639 fizcere
955 1600 1018 1642 po-

362 1651 437 1689 tuit
450 1645 647 1686 Eunuchus
657 1646 700 1699 P]
729 1645 803 1684 Hic
814 1646 890 1684 iam
903 1658 1021 1697 quae-

365 1703 507 1744 stiones
542 1700 624 1740 sunt
654 1712 693 1741 et
710 1713 980 1754 argumentum
1000 1715 1022 1740 a

366 1756 583 1807 defensore,
605 1772 654 1797 an
678 1756 878 1797 veriiimile
896 1757 1021 1798 fitEu-

367 1815 542 1855 nuchum
566 1813 796 1853 adulterium
810 1811 938 1853 facere
958 1825 1024 1865 po·

368 1868 488 1910 tuisse.
529 1868 665 1909 Sumsit
687 1879 959 1921 argumentum
968 1882 1025 1908 er-

371 1940 423 1980 go
441 1940 462 1964 a
484 1922 648 1977 persona
659 1938 670 1969 3
698 1920 762 1962 sed
776 1935 905 1962 contra
914 1937 1023 1976 argu—

369 1990 549 2021 mentum
585 1976 771 2029 personae
812 1974 1023 2019 accusatur:

370 2037 454 2093 Ego
478 2035 578 2075 illum
597 2034 711 2086 nescio
731 2036 793 2088 qui
804 2035 886 2086 fuit
900 2048 914 2077 ;
942 2034 1022 2084 hoc,

373 2093 473 2148 quod
495 2089 623 2144 ficit,
671 2104 730 2130 res
763 2090 841 2142 ipsa
874 2091 1026 2129 indicat.

369 2147 534 2190 Deinde
551 2145 731 2198 supponit
752 2145 803 2184 de
820 2143 966 2185 summo
979 2145 1028 2185 ad

373 2207 525 2245 imum:
575 2203 693 2257 Virgo
726 2200 802 2256 ipstl
833 2203 1028 2249 lacrumas,

374 2274 499 2313 neque,
526 2271 603 2299 cum
621 2259 760 2311 rogites
778 2259 874 2310 quid
883 2257 948 2308 stt,
967 2270 1030 2297 au·

375 2318 437 2357 det
460 2316 584 2355 dicere.
639 2312 799 2354 Deinde
825 2327 846 2352 a
867 2312 1031 2353 testimo-

375 2374 469 2412 nio:
502 2370 559 2410 ille
586 2382 709 2409 autem
728 2367 846 2409 bonus
866 2372 928 2409 vir
946 2369 1034 2422 nus-

376 2441 483 2482 quam
498 2438 661 2479 apparet.
721 2428 760 2465 E.

431 2483 564 2535 Vulgo
583 2482 625 2521 in
642 2478 749 2523 versu
768 2477 846 2532 seq.
865 2479 1031 2534 Qifu-

375 2540 459 2578 erit.
515 2542 599 2590 Ego
629 2548 667 2576 vt
683 2534 808 2576 versus
838 2535 880 2576 fit
898 2538 1032 2578 Dime-

373 2604 435 2634 ter
458 2594 664 2642 lambiens,
693 2605 865 2645 repone,
892 2593 972 2649 Ego
990 2593 1032 2632 il-

374 2650 448 2689 lum
467 2649 582 2700 nesiio
596 2665 610 2687 :
636 2649 704 2688 hoc
722 2648 947 2704 Qodftcit,
973 2662 1032 2690 res

376 2707 455 2760 ipsa
474 2707 625 2747 indicat.
684 2707 723 2747 B.
814 2711 818 2718 '
861 2718 864 2723 ·

1647 976 1712 1009 20

1118 1095 1171 1139 17
1222 1084 1341 1141 Virgo
1382 1083 1461 1139 ipfiz
1503 1082 1718 1137 lacrumas]

1060 1141 1178 1181 Nune
1197 1140 1363 1182 ostendit
1381 1142 1473 1192 quid
1491 1140 1643 1188 fecerit,
1675 1149 1721 1179 et

1061 1197 1243 1237 ostendit*
1266 1197 1515 1250 argumentis.
1571 1196 1721 1249 Neque,

1062 1267 1142 1293 cum
1163 1257 1316 1308 rogites,
1347 1254 1438 1306 quid
1449 1252 1516 1304 fi't,
1537 1252 1649 1291 audet
1665 1252 1722 1291 di·

1062 1315 1156 1362 cere]
1188 1309 1321 1361 Quid?
1348 1309 1375 1349 fi
1392 1308 1589 1349 verberata
1601 1304 1726 1349 efl'ett

1062 1363 1128 1404 sed
1153 1377 1236 1404 non
1257 1364 1424 1417 puderet
1441 1364 1560 1416 queri.
1613 1366 1724 1403 Haec

1063 1432 1193 1461 autem
1221 1421 1361 1460 iniuria
1393 1420 1498 1473 apud
1525 1419 1725 1473 virginem
1796 1432 1799 1434 ·

1066 1491 1151 1517 non
1169 1476 1288 1517 habet
1307 1488 1469 1532 nomen.
1524 1478 1574 1517 D.

1126 1598 1176 1640 18
1223 1588 1366 1630 Bonus*
1395 1591 1486 1639 vir]
1539 1587 1725 1636 Εῖρωνικός.

1067 1647 1160 1686 Non
1181 1647 1289 1685 enim
1310 1647 1388 1684 iam
1397 1643 1617 1687 Eunuchus.
1655 1643 1730 1682 Bo·

1069 1715 1138 1741 nus
1163 1705 1242 1747 vir]
1283 1705 1392 1742 Bene
1416 1704 1503 1740 vir.-
1539 1700 1630 1753 quia
1653 1698 1731 1738 hoc

1069 1757 1181 1796 illum
1222 1754 1300 1797 effe
1339 1755 1558 1796 contendit.
1629 1754 1733 1806 Nus:

1073 1826 1184 1867 quam
1213 1819 1383 1866 apparet]
1426 1809 1578 1852 Nescias
1604 1821 1731 1850 vtrum

1071 1868 1167 1922 fuga
1202 1870 1285 1907 eius
1323 1878 1501 1919 queratur
1537 1880 1587 1905 an
1618 1866 1730 1916 culpa

1073 1928 1197 1976 (Lege
1215 1923 1442 1976 c.Wieling.
1476 1922 1530 1961 N.
1543 1935 1578 1960 v.
1588 1921 1732 1976 fugam

1074 1991 1101 2019 e.
1130 1992 1165 2032 q.
1187 1994 1220 2019 a.
1244 1977 1416 2031 culpam).
1477 1977 1555 2018 Sed
1572 1977 1734 2027 constat,

1075 2033 1172 2073 haec
1199 2043 1427 2086 argumenta
1447 2030 1544 2082 effe,
1576 2033 1683 2086 quod
1702 2033 1735 2071 i-

1076 2087 1143 2143 pse
1175 2090 1365 2142 virginem
1399 2090 1601 2129 vitiauerit.
1665 2087 1736 2128 Et-

1075 2150 1150 2185 iam
1170 2145 1238 2184 hoc
1255 2145 1388 2196 misera
1400 2143 1592 2198 suspicor]
1621 2147 1734 2186 Bene

1079 2205 1206 2241 etiam:
1239 2202 1328 2252 quia
1356 2211 1396 2241 et
1422 2200 1496 2240 hoc
1515 2197 1733 2254 suspicatur,

1078 2257 1273 2312 virginem
1291 2257 1473 2297 vitiatam.
1525 2259 1575 2299 D.

1139 2378 1190 2422 19
1219 2366 1350 2423 Neque
1365 2371 1502 2411 mirari
1517 2367 1635 2421 finis]
1662 2369 1736 2410 Rea*

1080 2437 1134 2465 ne
1161 2425 1224 2465 hic
1253 2438 1388 2464 omnes
1420 2423 1653 2478 suspiciones
1683 2425 1734 2466 ad

1078 2480 1320 2530 Eunuchum,
1343 2495 1461 2534 quem
1480 2482 1602 2531 nouit,
1622 2493 1737 2520 reuo·
1772 2482 1775 2483 ⁷
1813 2481 1815 2486 ⁴

1080 2548 1157 2576 cat:
1186 2532 1532 2580 nescitChaeream
1544 2535 1737 2588 liquidem
1793 2546 1795 2549 ·

1068 2593 1154 2645 (stc
1173 2594 1320 2647 quidem
1337 2593 1403 2646 Z.)
1423 2589 1527 2633 hunc
1548 2591 1638 2635 effe.
1683 2595 1737 2632 Et

1080 2650 1176 2687 mira
1198 2651 1354 2702 locutio,
1379 2662 1454 2705 pro
1471 2661 1522 2692 eo
1541 2647 1645 2704 quod
1666 2647 1733 2699 est,

1080 2704 1209 2759 mfiio.
1265 2710 1317 2752 D.
1723 2724 1728 2725 ν
