1815 3168
667 188 670 192 ’
722 200 1016 247 ANDRIA.

1450 209 1541 258 ιη

310 327 349 380 Ρ
366 340 398 374 Α
413 342 462 378 Μ.
491 327 633 374 Modo
665 336 712 374 vt
743 325 921 392 poffim,
957 329 1098 372 Daue.
1136 320 1288 372 DAV.
1311 322 1450 375 crede,
1472 326 1536 370 in-

410 435 558 482 quam,
578 420 664 465 hoc
689 418 811 471 mihi.
831 416 1074 482 Pamphile,

307 517 555 575 Nunquam
575 511 706 557 hodie
730 520 873 556 tecum
898 516 1274 556 commutaturum
1293 514 1463 570 patrem

308 608 461 652 Vnum
482 599 564 650 effe
584 601 784 656 verbum,
808 599 838 647 fi
858 611 899 648 te
925 599 1038 646 dices
1064 590 1234 645 duceress

799 801 920 865 H3

172 1064 284 1117 Apud
298 1077 334 1104 te
351 1061 493 1118 vtfies]
522 1065 625 1111 Non,
645 1074 697 1103 ne
717 1062 825 1102 time-

173 1131 221 1169 at,
251 1130 360 1160 cauet
381 1122 528 1159 Dauus:
560 1119 625 1158 sed
647 1133 700 1158 ne
720 1133 823 1158 amo-

169 1190 213 1215 re
234 1191 254 1214 a
272 1176 426 1214 consilio
445 1173 509 1214 suo
521 1177 710 1215 alienetur
718 1180 825 1216 Pam-

169 1231 304 1283 philus.
361 1234 474 1284 Apud
499 1245 533 1270 te
551 1232 639 1286 fies]
665 1235 825 1282 Praepa-

170 1298 272 1326 ratns
296 1286 364 1326 fis:
404 1291 462 1326 cui
489 1287 735 1330 contrarium
757 1286 823 1334 est,

171 1342 264 1382 Non
273 1343 362 1393 sum
380 1344 478 1396 apud
494 1357 558 1382 me.
614 1346 663 1385 D.

225 1454 297 1493 Fac
325 1467 368 1493 vt
394 1454 493 1507 apud
518 1467 551 1492 te
570 1452 643 1506 fis]
682 1450 725 1492 Id
757 1450 821 1498 est,

170 1510 368 1549 confilium
396 1509 466 1549 tibi
493 1509 673 1560 traditum
689 1517 825 1546 mente

171 1567 369 1605 contineas
382 1580 392 1612 3
414 1579 491 1617 quo
512 1565 610 1605 facio
624 1592 634 1611 ‚
661 1563 763 1616 apud
785 1574 823 1603 te

171 1620 250 1661 effe
275 1622 427 1672 poteris.
481 1623 526 1663 Ε.

221 1731 308 1787 Qa
335 1730 501 1787 affirm]
537 1728 606 1774 Ms.
623 1730 705 1787 Qz·
722 1730 824 1784 diffi-

165 1802 242 1829 rat.
297 1792 338 1830 L.

218 1900 325 1941 Libri
355 1899 579 1941 Basilicanus
610 1909 650 1940 et
666 1902 819 1942 Decur-

164 1966 257 1996 tatus
292 1956 439 1995 habent
461 1958 542 2011 Qi
570 1955 737 2008 differat,
779 1965 820 1994 et

162 2014 216 2052 ita
233 2026 387 2064 quoque
408 2013 449 2051 in
465 2013 684 2051 Viefforiano
696 2023 733 2051 et
744 2015 820 2052 Va-

164 2070 293 2108 ticano
309 2067 362 2107 est
372 2067 631 2112 mendarum,
645 2069 704 2106 fait
713 2071 820 2108 Faer-

165 2138 249 2164 nus.
273 2128 362 2166 Duo
374 2123 700 2165 tantumenostris
717 2125 818 2183 2²²³>

165 2181 303 2220 caeteri
322 2180 414 2235 Qi.
470 2183 509 2220 B.

218 2295 243 2335 6
272 2293 393 2332 Modo
413 2306 457 2332 vt
469 2289 611 2345 poffim]
645 2290 716 2340 Vt,
747 2304 816 2342 pro

167 2360 218 2386 ne
266 2362 358 2388 non.
413 2349 534 2388 Modo
570 2361 611 2386 vt
656 2346 814 2400 poffim]

165 2407 206 2496 21
224 2404 407 2500 θοίΐίξίὶὶ,
451 2404 587 2445 Poffirn
622 2404 725 2456 apud
751 2417 816 2443 me

223 2568 335 2608 Crede
361 2568 467 2625 mihi]
498 2571 696 2621 Quoniam
715 2572 819 2610 Pam-

165 2623 294 2676 philus
322 2626 439 2668 veluti
463 2626 725 2670 difficultatem
751 2640 816 2679 po-

1274 791 1532 845 ACTVS

873 1057 997 1100 suerat
1013 1058 1201 1110 dicendo,
1229 1073 1272 1099 vt
1291 1056 1442 1113 poffi'm:
1470 1068 1528 1096 reo

873 1115 1029 1170 spondit
1072 1115 1191 1155 rursus
1231 1115 1279 1155 ad
1326 1124 1524 1161 euentum,

875 1173 983 1224 quod
1011 1184 1119 1225 patei·
1148 1172 1307 1211 verbum
1326 1185 1406 1210 non
1429 1182 1530 1207 com-

873 1239 1083 1268 mutaturus
1121 1230 1221 1281 (alii,
1270 1238 1529 1273 commoturus‘,

872 1286 983 1325 male.
1008 1287 1071 1337 Z.)
1101 1284 1164 1334 fit,
1193 1284 1219 1323 fi
1244 1281 1282 1324 se
1301 1284 1441 1322 dixerit
1462 1281 1531 1319 du·

873 1341 1030 1379 &turum
1088 1343 1130 1381 E.

927 1396 1049 1435 Modo
1070 1410 1113 1435 vt
1131 1393 1272 1448 poffim]
1303 1391 1376 1435 ΜΓ.
1403 1392 1526 1434 Modo

872 1463 914 1489 vt
936 1449 1059 1504 poffim
1079 1452 1198 1490 Daue.
1254 1455 1294 1491 L.
1551 1496 1555 1504 ἱ

924 1519 950 1559 7
982 1508 1187 1560 Nunquam
1207 1505 1334 1559 hodie]
1366 1503 1428 1545 Ab
1446 1501 1529 1542 vtili

872 1574 1030 1602 euentu.
1085 1564 1301 1616 Nunquam,
1330 1561 1414 1613 plus
1433 1557 1527 1599 affe-

869 1619 1077 1657 uei-ationis
1115 1618 1251 1666 habet,
1286 1631 1400 1669 quam
1434 1628 1525 1654 non.

871 1684 911 1712 vt
941 1674 1125 1726 Virgilius
1155 1677 1278 1726 (Aen.
1307 1686 1366 1718 11,
1396 1673 1526 1724 670),

870 1729 1069 1782 Nunquam
1103 1743 1224 1768 omnes
1253 1729 1361 1767 hodie
1397 1729 1529 1766 morie-

871 1798 954 1825 mur
970 1786 1090 1825 inulti.
1131 1787 1446 1826 Commutaturum
1462 1794 1528 1835 pa·

869 1841 980 1895 trem]
1010 1841 1185 1894 Iurgium
1193 1841 1412 1880 habiturum
1423 1853 1432 1887 3
1450 1838 1528 1877 hoc

869 1896 925 1936 est
946 1898 1054 1936 enim
1072 1896 1186 1937 verba
1211 1910 1368 1938 mutare.
1417 1896 1525 1934 Com-

867 1966 1098 1993 mutaturum
1116 1953 1308 2007 verbum]
1354 1953 1525 1992 Alterca-

869 2020 1010 2051 turum.
1075 2010 1139 2050 Sic
1187 2010 1230 2048 in
1276 2008 1523 2052 Phormione,

874 2066 968 2105 Tria
1005 2078 1080 2105 non
1110 2063 1379 2105 commutabitis
1407 2061 1523 2102 verba

869 2123 971 2160 inter
998 2136 1060 2161 vos
1080 2119 1205 2171 hodie,
1244 2121 1319 2160 hoc
1347 2120 1418 2168 est,
1454 2118 1523 2157 da-

868 2177 956 2216 bitis
992 2189 1110 2228 atque
1135 2178 1349 2230 accipietis,
1386 2175 1425 2213 id
1454 2172 1521 2222 est,

866 2232 1075 2286 iurgabitiS.
1133 2237 1219 2287 Ego
1250 2246 1341 2285 puto
1369 2242 1521 2271 commu-

867 2303 947 2329 tare
967 2288 1079 2328 verba
1098 2288 1172 2328 hoc
1190 2286 1288 2336 esse,
1318 2302 1386 2342 pro
1407 2287 1520 2325 bonis

867 2345 973 2383 diffls
1001 2346 1100 2384 mala
1125 2347 1328 2398 ingerere:
1362 2344 1435 2382 hoc
1453 2341 1520 2390 est,

865 2400 1063 2440 iracundia
1080 2402 1122 2439 in
1140 2402 1342 2441 maledieta
1353 2399 1522 2450 compel-

864 2458 904 2496 li.
927 2456 1091 2507 (Verba,
1122 2457 1198 2511 Ego
1222 2469 1317 2509 puto
1347 2480 1398 2486 -—
1431 2468 1521 2493 com·

860 2512 958 2567 pelli,
988 2526 1069 2552 non
1096 2514 1275 2552 videntur
1295 2509 1371 2552 effe
1389 2513 1521 2551 Dona-

867 2570 913 2617 ti,
943 2578 982 2607 et
1006 2580 1230 2623 repugnant
1257 2567 1519 2610 antecedenti-

865 2624 970 2676 bus).
1025 2628 1078 2667 D.
