1815 3168
488 140 1013 188 HEAVTONTIM.

1294 159 1423 207 <575

197 264 279 315 SV.
320 271 430 315 Non
457 268 655 331 oportuit
671 263 864 312 restitas:
896 277 1076 332 portant
1113 271 1220 331 quid
1250 275 1430 333 rerum?

297 340 477 390 CLIN.
518 343 557 387 ei
577 339 709 390 mihi!

197 417 288 467 SV.
325 420 512 469 Aurum,
537 415 717 463 vestem:
754 427 797 463 et
818 415 1079 481 vesperascit,
1116 428 1158 465 et
1181 436 1274 467 non
1293 440 1428 471 noue-

296 502 401 538 runt
432 494 563 540 viam.

197 565 385 614 Fastum
410 584 433 613 a
459 567 587 614 nobis
612 566 738 613 stulte
760 564 833 613 est.
863 566 933 614 abi
955 567 1061 615 dum
1083 578 1146 622 tu,
1169 573 1357 631 Dromo,
1378 575 1428 621 il·

296 643 347 688 lis
372 641 571 689 obuiam:

198 722 411 783 Propera:
459 717 564 780 quid
614 713 725 768 stas?

772 712 955 764 CLIN.
992 735 1070 766 vae
1105 720 1259 769 misero
1302 724 1426 786 mihi,

298 802 457 856 quanta
479 793 530 838 de
553 792 624 856 spe
651 792 812 840 decidi!

106 885 127 918 1
138 886 167 919 0
201 866 247 916 C
262 881 289 914 L
305 882 322 914 1
335 880 385 916 T.
431 866 552 921 Quid
574 863 713 918 istuc?
750 885 860 931 quae
884 886 952 915 res
972 878 1017 916 te
1038 869 1233 919 sollicitat
1246 870 1428 929 autem?
1452 897 1457 904 »

296 938 343 988 C
357 954 384 987 L
400 956 416 988 1
429 955 480 987 N.
517 945 678 1002 rogitas
700 942 807 1006 quid
829 942 936 991 fiet?

199 1017 359 1068 Viden'
383 1017 461 1064 tu?
497 1018 695 1070 ancillas,
732 1035 913 1074 aurum,
951 1019 1142 1069 vestem?
1178 1039 1310 1087 quam
1344 1042 1428 1088 ego

299 1110 401 1140 cum
422 1110 505 1139 vna
536 1093 735 1139 ancillula

199 1169 291 1216 Hie
311 1169 490 1231 reliqui:
526 1168 641 1214 vnde
664 1165 746 1214 effe
769 1169 941 1217 censes?
971 1168 1017 1218 C
1032 1184 1059 1218 L
1073 1184 1152 1220 ΙΤ.
1182 1171 1290 1224 vah!
1310 1192 1430 1225 nunc

300 1243 477 1290 demum
507 1243 732 1304 intellego.

201 1314 293 1366 SY.
330 1321 391 1365 Di
413 1317 534 1370 boni,
548 1320 653 1382 quid
667 1315 897 1368 turbae'st?
934 1321 1061 1369 aedes
1076 1321 1245 1372 nostrae
1267 1328 1338 1374 vix
1361 1344 1432 1374 ca-

295 1395 444 1459 pient,
486 1393 585 1440 scio.

73 1616 205 1657 omnia
242 1611 472 1662 meretricis,
505 1629 585 1656 non
624 1613 728 1657 illius

71 1673 246 1714 mulieris
286 1670 382 1711 sunt.
439 1672 515 1712 Sed
543 1672 669 1712 adhuc
695 1675 727 1712 i-

73 1739 215 1784 gnorat
231 1724 461 1767 adolescens,
516 1732 558 1769 E.

127 1786 154 1827 6
170 1784 338 1823 Portant
352 1784 441 1837 quid
456 1798 576 1823 rerum
588 1786 636 1839 ἵ]
667 1785 729 1825 Ob

70 1840 146 1880 hoc
166 1853 247 1879 non
264 1838 316 1878 est
328 1837 477 1879 securus
487 1842 615 1893 Syrus,
627 1841 731 1892 quod

71 1898 253 1938 mulieres
282 1896 437 1934 relifiae
463 1895 544 1934 lint.
599 1899 658 1940 C„

127 1965 155 2005 7
183 1955 233 1993 Et
251 1950 485 2002 vesperascit,
515 1965 549 1990 et
567 1965 643 1991 non
665 1966 730 1992 no-

74 2021 209 2050 uerunt
227 2007 345 2060 viam]
378 2006 498 2047 Causa
521 2020 680 2047 cut-non
693 2023 731 2047 0-

75 2065 222 2118 portuit
259 2062 418 2102 reliftas.
483 2064 582 2114 Quis
623 2065 730 2105 enim

76 2131 193 2167 tutus,
213 2118 238 2158 fi
259 2118 351 2170 quid
369 2129 510 2170 ponat,
540 2130 580 2158 et
598 2120 640 2159 in
662 2134 730 2159 no.

76 2178 148 2225 Ele,
159 2187 198 2217 et
210 2177 252 2214 in
265 2175 413 2214 incerto
424 2177 564 2214 itinere
576 2177 593 2215 ’ἒ
629 2178 676 2218 Ο.

130 2233 182 2274 Et
204 2227 440 2285 vesperafiit]
472 2235 556 2271 Hoc
567 2231 631 2279 est,
653 2245 733 2271 nox

80 2286 142 2332 fit:
182 2303 202 2328 a
229 2287 373 2340 vespere
403 2286 547 2326 saelum
574 2287 733 2328 verbum

80 2344 146 2383 est.
197 2346 242 2384 E.

138 2405 160 2449 g
199 2396 273 2439 Abi
318 2395 422 2455 dum]
470 2398 577 2441 Dum
614 2407 734 2450 παρέλ·

81 2474 148 2496 κον.
211 2457 256 2498 C·

137 2524 163 2564 9
204 2512 278 2551 Vae
301 2512 429 2563 mzjsi’ro
458 2512 568 2567 mihz]
608 2511 734 2567 Magis

81 2565 283 2621 suspicatur
307 2569 435 2609 Clinia
462 2569 568 2619 quod
598 2583 619 2608 a
637 2571 734 2622 Syro

82 2637 214 2665 aurum
234 2634 273 2663 et
290 2624 430 2664 vestem
446 2624 620 2665 audierit.
653 2628 699 2668 C.

1310 1478 1434 1533 Quid

777 1617 981 1658 vium-(et
996 1618 1133 1657 Faerni
1160 1620 1307 1671 aliquot
1332 1621 1435 1661 reSte

776 1671 925 1714 habent
947 1673 1123 1727 Propere.
1178 1679 1220 1715 B.

835 1755 889 1788 '10
916 1748 1023 1799 Lege
1042 1744 1122 1799 Qti
1141 1746 1259 1799 istuc?
1274 1757 1315 1787 vt
1331 1752 1434 1790 Eun.
1505 1793 1508 1796 ⁴

778 1814 842 1851 xv,
862 1805 901 1849 6,
922 1813 961 1855 7.
983 1813 1021 1840 et
1038 1801 1171 1842 alibite·
1199 1806 1240 1843 B.

838 1884 889 1916 12
913 1874 1011 1912 Vnde
1022 1888 1062 1912 ea
1079 1873 1141 1925 effe
1162 1874 1329 1930 cenfis?]
1355 1878 1438 1917 Vn-

780 1929 831 1968 de
849 1927 972 1968 effent
987 1928 1065 1977 ista,
1089 1941 1273 1981 tanquam
1301 1943 1437 1973 notum

780 1983 885 2035 esset,
905 1997 988 2024 non
1009 1987 1207 2038 explicuit.
1265 1988 1309 2028 C.

840 2074 887 2119 13
917 2065 1026 2121 ,Quid
1052 2065 1182 2106 turbae
1212 2065 1320 2122 est?]
1349 2071 1437 2109 Per-

779 2118 872 2161 sona
895 2120 1053 2171 seruilis,
1076 2133 1208 2174 vtpote
1224 2123 1346 2163 fidelis
1366 2125 1441 2164 he-

781 2180 815 2218 ri
839 2178 1022 2230 impenfis
1051 2179 1171 2218 timet.
1230 2178 1337 2234 Qid
1359 2194 1440 2222 tur-

782 2234 846 2273 bae
875 2235 972 2288 est2]
1011 2234 1138 2274 Turba
1162 2235 1328 2286 primum
1350 2251 1440 2289 per-

781 2290 1043 2330 turbationem
1088 2289 1295 2343 fignificat;
1342 2294 1439 2332 inde

783 2345 898 2387 turbo
932 2345 1076 2391 turbas,
1102 2346 1295 2398 perturbo,
1317 2348 1444 2389 detur-

783 2400 837 2442 ἑο.
866 2401 1021 2443 Dehinc
1030 2403 1326 2453 multitudinem,
1339 2418 1449 2457 quaev

782 2458 867 2498 fere
886 2457 1104 2497 turbatione
1123 2471 1206 2497 non
1224 2471 1339 2500 vacat.
1373 2462 1443 2501 Ca·

780 2515 902 2570 pient]
949 2515 1055 2554 Alias
1090 2513 1266 2568 deligent
1297 2514 1443 2570 fignifi-

787 2583 856 2610 cat.
906 2570 1045 2623 virgil.
1075 2573 1195 2620 (Aen.
1239 2583 1282 2619 1,
1325 2578 1441 2625 396.)

785 2631 864 2667 Aut
883 2638 1021 2678 capere,
1051 2639 1116 2665 aut
1138 2637 1267 2680 captas
1286 2630 1359 2668 iam
1381 2632 1441 2672 cle>-

134 2679 260 2722 Nostri
289 2680 471 2734 plerique
498 2688 663 2743 omues,
699 2693 738 2725 et
775 2683 945 2741 spec‘tarf
970 2683 1152 2724 videmur.
1209 2684 1256 2725 C.
