1815 3168
727 199 1017 248 ANDR1A2

1475 219 1540 264 99

319 329 380 375 Vt
401 335 594 377 metum,
630 327 676 371 in
698 341 786 388 quo
809 342 927 370 nunc
954 322 1036 372 est,
1072 324 1281 380 adimam,
1315 339 1442 392 atque
1466 347 1538 376 ex·

412 401 558 465 pleam
579 403 773 447 animum
795 399 969 459 gaudio.

316 471 422 524 CH.
443 483 444 502 ¹
468 478 627 531 Laetus
659 474 740 529 est,
778 475 918 520 nescio
942 473 1060 537 quid.
1125 473 1271 525 PAM.
1309 477 1420 523 nihil
1453 477 1536 528 estt

411 550 613 596 nondum
634 550 738 597 haec
760 550 929 597 resciuit
948 549 1072 602 mala,

314 624 363 675 D
378 638 412 671 A
427 639 472 674 v.
512 630 659 680 Quem
680 642 763 686 ego
784 641 902 671 nunc
922 624 1066 678 credo,
1098 621 1130 669 fi
1150 626 1236 670 iam
1255 626 1440 674 audierit
1460 626 1536 676 fibi

412 712 577 765 paratas
601 704 790 765 nuptias,

248 792 272 838 ς
315 771 422 821 CH.
461 771 623 821 Audin’
657 786 704 822 tu
746 771 904 826 illurn?
950 770 1104 821 DAv.
1141 785 1236 822 toto
1270 794 1341 823 me
1367 779 1536 843 oppido

412 852 698 896 exanimatum
721 864 942 913 quaerere.

313 923 398 973 Sed
425 924 498 972 vbi
531 927 767 988 quaeram?
805 935 878 971 aut
909 940 1149 987 quoynunc
1169 928 1369 992 primum
1397 929 1536 976 inten-

410 997 542 1053 dam?
563 998 622 1056 ⁴C
637 1013 690 1048 Η.
722 996 847 1048 celsas
871 999 1065 1063 alloqui?

179 1244 406 1290 argumenta
428 1238 559 1277 Dauus
587 1233 716 1276 seruus
734 1236 831 1276 calli-

180 1292 230 1331 da
249 1302 330 1331 arte
349 1293 512 1356 collegit,
531 1291 756 1343 plwobatulus
765 1291 832 1331 fal-

179 1345 234 1386 sas
256 1345 334 1386 efle
353 1350 517 1399 nuptias.
564 1351 681 1387 >Haec
700 1349 832 1387 multis

179 1403 274 1442 locis
294 1403 561 1453 exprimemus.
598 1408 655 1443 Ac
665 1404 835 1454 primum

181 1458 423 1512 generaliter
438 1457 622 1512 gaudium
632 1455 737 1496 suum
747 1471 834 1510 pro-

179 1513 352 1561 testatur,
383 1513 626 1565 Pamphilum
650 1527 834 1565 quaeren-

179 1569 243 1608 do.
301 1574 349 1608 Vt
364 1583 507 1618 metum,
521 1572 640 1621 inquo
662 1583 759 1609 nunc
776 1569 833 1621 est,

178 1625 351 1669 adimam,
370 1638 481 1678 atque
495 1624 654 1677 expleam
672 1629 836 1665 animum

175 1681 345 1736 gaudio]
363 1680 554 1719 Oidinem
584 1691 624 1720 et
642 1682 834 1720 rationem

177 1734 314 1789 posuit.
343 1737 447 1775 Prius
485 1737 592 1775 enim
627 1735 689 1784 id,
729 1736 833 1787 quod

176 1792 320 1832 malum
349 1791 420 1840 est,
450 1790 567 1831 debet
595 1791 765 1840 excludi,
795 1802 834 1831 vt

176 1846 219 1886 id
242 1846 345 1898 quod
366 1846 510 1886 bonum
530 1846 595 1895 est,
624 1823 765 1886 melius'
779 1846 833 1888 fa-

176 1900 363 1953 ciliusque
380 1912 567 1942 teneatur.
623 1907 667 1944 E.

229 1970 254 1999 2
289 1959 337 1997 Vt
353 1972 495 2008 metum,
520 1961 560 1998 in
580 1970 654 2012 quo
666 1972 762 1998 nunc
772 1958 829 2012 est,

176 2015 346 2059 adimam,
369 2027 479 2067 atque
495 2016 659 2067 expleam
667 2017 832 2054 animum

174 2068 338 2125 gaudio]
395 2070 546 2110 Oidine
581 2071 730 2110 locutus
765 2066 831 2111 est.

176 2127 280 2167 Prius
301 2126 408 2164 enim
418 2138 563 2166 metum
575 2127 757 2176 adimere
783 2126 831 2166 fic

176 2181 332 2220 demum
384 2182 528 2235 gaudio
585 2159 832 2235 perfund'ere.

175 2238 249 2276 Hic
270 2237 363 2276 ordo
382 2239 496 2279 etiam
516 2239 561 2279 in
579 2237 832 2292 laudeserua-

157 2304 245 2348 Χωε.
302 2296 351 2333 D,

236 2348 285 2388 Vt
303 2361 436 2388 metum
459 2350 502 2388 in
519 2362 591 2403 quo
604 2356 714 2404 nunc]
745 2352 832 2391 Sei·-

179 2404 258 2442 uius
284 2404 449 2443 Aeneid.
480 2418 505 2443 1.
524 2405 572 2444 ad
599 2407 708 2446 illum
733 2405 826 2447 vers.

178 2457 336 2498 Abolere
355 2460 554 2501 sichaeum.
616 2465 661 2503 L.

230 2517 290 2553 Ne
323 2528 455 2555 metum
490 2518 532 2555 in
558 2519 675 2559 Thefi
707 2530 831 2558 totum

182 2566 362 2615 subndat,
401 2569 465 2610 sed
485 2575 628 2613 melius
656 2575 835 2614 exaudia—

181 2635 240 2663 tur
242 2638 305 2675 ‚·p1
309 2628 379 2664 oin
391 2639 470 2679 quo,
485 2641 632 2680 repone
642 2645 711 2684 quo
723 2645 772 2670 m
794 2633 834 2669 B.

237 2694 260 2734 3
293 2683 422 2732 λᾞέίο
449 2687 555 2738 quia}
604 2687 720 2727 Deest
747 2699 835 2743 pro-

859 1093 970 1140 G2
1384 1061 1537 1144 Divi

874 1247 981 1288 pter·
1001 1243 1041 1273 vt
1053 1229 1106 1282 fit,
1118 1246 1298 1288 p1··=opte1
1287 1235 1415 1277 nescio
1427 1240 1535 1291 quid.

881 1291 1006 1348 Qid]
1053 1290 1286 1331 adnerbialee.

936 1346 1052 1386 Nzhtl
1060 1347 1131 1398 est
1150 1349 1313 1388 nondum
1332 1349 1416 1388 haec
1433 1327 1539 1401 resci-

882 1405 940 1440 uit
960 1402 1071 1450 mala]
1100 1404 1282 1443 Nondum
1314 1406 1536 1457 Pamphilus

882 1456 1023 1496 sciebat
1042 1459 1196 1496 Dauum
1217 1458 1320 1509 scii-,e
1348 1462 1451 1512 qnod
1470 1462 1540 1502 fibi

882 1523 1109 1565 paim-mentm
1132 1516 1305 1566 nuptiae.
1367 1521 1411 1557 E.

937 1582 965 1620 4
992 1572 1108 1624 Qem
1138 1583 1203 1625 ego
1232 1585 1324 1610 nunc
1352 1573 1477 1621 credo,
1508 1570 1547 1620 li

886 1626 960 1663 iam
997 1625 1160 1663 audierit
1187 1625 1264 1676 fibi
1288 1643 1445 1679 paratas
1473 1643 1539 1668 nu-

877 1682 997 1731 ptias]
1028 1681 1102 1719 Hic
1125 1681 1290 1735 intelligi
1280 1688 1419 1723 tPam
1411 1684 1538 1734 philus

881 1738 1036 1775 Dauum
1074 1733 1205 1784 sene,
1234 1739 1340 1788 quod
1378 1742 1539 1791 nuptiae

883 1802 1168 1841 pwaepalantul.
1225 1795 1268 1833 E.

935 1860 958 1900 ς
982 1848 1259 1901 Εκαηίηιαιτιηι]
1280 1853 1539 1900 Pei-territum,

880 1902 1153 1954 perturbatum.
1208 1909 1260 1947 D.

944 1961 1034 1998 loto
1057 1973 1112 1997 me
1132 1963 1266 2012 oppido
1290 1966 1558 2003 exanimatum.

880 2028 1066 2067 quaerere.
1111 2014 1221 2055 Daue
1252 2020 1364 2068 perii]
1416 2024 1539 2072 Ante-

881 2084 1024 2122 quam
1013 2071 1160 2121 aliquid
1179 2072 1342 2113 audierit
1360 2066 1538 2125 Pamphi-

879 2128 949 2173 lus,
981 2126 1126 2165 indicat
1147 2127 1331 2169 dolorem.
1393 2139 1423 2169 ί
1429 2143 1540 2170 ontra

880 2183 937 2222 illi
971 2179 1118 2230 seruus,
1155 2185 1219 2234 qui
1262 2183 1324 2224 scit
1356 2188 1449 2237 quid
1478 2202 1538 2225 ai·-

881 2238 1076 2292 gumentis
1113 2241 1331 2294 collegeffl,
1383 2242 1539 2296 respon-

882 2295 959 2333 det.
1018 2297 1062 2334 E.

932 2352 960 2392 6
998 2350 1071 2389 Sed
1089 2347 1153 2389 vbi
1177 2353 1385 2403 quaerant?]
1423 2355 1537 2392 Nunc

879 2407 921 2445 in
942 2418 1077 2444 omnes
1090 2403 1128 2444 se
1137 2417 1263 2456 partes
1275 2407 1404 2457 vellat,
1428 2423 1540 2461 quae-

878 2475 970 2503 rens
995 2475 1074 2513 quo
1094 2461 1195 2500 ἀίιίῑν
1169 2474 1234 2515 gat
1262 2462 1423 2504 eui-sum.
1462 2468 1511 2505 D.

933 2519 1010 2556 Aut
1037 2531 1108 2570 quo
1135 2520 1246 2567 nunc]
1280 2522 1420 2573 lxegius
1440 2521 1542 2560 liber

884 2592 923 2612 το
946 2586 1014 2611 aut
1033 2587 1115 2611 non
1136 2573 1263 2614 habet.
1318 2581 1358 2618 L
1409 2600 1410 2603 =

936 2632 1013 2670 Sex
1057 2641 1105 2668 ex
1140 2631 1273 2669 nostris
1317 2631 1543 2671 melioribus

885 2684 996 2724 codd.
1015 2685 1263 2739 nonfiabent
1282 2689 1377 2727 illud
1396 2701 1470 2727 aut.
1502 2691 1544 2727 Β.
