<?xml version="1.0" encoding="UTF-8"?>
<!DOCTYPE html PUBLIC "-//W3C//DTD XHTML 1.0 Transitional//EN"
    "http://www.w3.org/TR/xhtml1/DTD/xhtml1-transitional.dtd">
<html xmlns="http://www.w3.org/1999/xhtml" xml:lang="en" lang="en">
 <head>
  <title>
</title>
<meta http-equiv="Content-Type" content="text/html;charset=utf-8" />
  <meta name='ocr-system' content='tesseract 3.04.00' />
  <meta name='ocr-capabilities' content='ocr_page ocr_carea ocr_par ocr_line ocrx_word'/>
</head>
<body>
  <div class='ocr_page' id='page_1' title='image "./comoediaesexexre01tereuoft_0489.png"; bbox 0 0 1815 3168; ppageno 0'>
   <div class='ocr_carea' id='block_1_1' title="bbox 575 100 981 146">
    <p class='ocr_par' dir='ltr' id='par_1_1' title="bbox 575 100 981 146">
     <span class='ocr_line' id='line_1_1' title="bbox 575 100 981 146; baseline -0.005 0"><span class='ocrx_word' id='word_1_1' title='bbox 575 100 981 146; x_wconf 85' lang='lat' dir='ltr'><strong>EVNVCHVS.</strong></span> 
     </span>
    </p>
   </div>
   <div class='ocr_carea' id='block_1_2' title="bbox 1367 117 1457 166">
    <p class='ocr_par' dir='ltr' id='par_1_2' title="bbox 1367 117 1457 166">
     <span class='ocr_line' id='line_1_2' title="bbox 1367 117 1457 166; baseline 0.022 -3"><span class='ocrx_word' id='word_1_2' title='bbox 1367 117 1457 166; x_wconf 83' lang='lat'><strong>393</strong></span> 
     </span>
    </p>
   </div>
   <div class='ocr_carea' id='block_1_3' title="bbox 126 221 1462 291">
    <p class='ocr_par' dir='ltr' id='par_1_3' title="bbox 126 221 1462 291">
     <span class='ocr_line' id='line_1_3' title="bbox 126 221 1462 291; baseline 0.003 -19"><span class='ocrx_word' id='word_1_3' title='bbox 126 231 203 279; x_wconf 82' lang='lat'><strong>&#39;¹10</strong></span> <span class='ocrx_word' id='word_1_4' title='bbox 234 228 446 280; x_wconf 84' lang='lat' dir='ltr'>Chaerea,</span> <span class='ocrx_word' id='word_1_5' title='bbox 482 226 589 291; x_wconf 86' lang='lat' dir='ltr'><strong>quid</strong></span> <span class='ocrx_word' id='word_1_6' title='bbox 615 225 704 279; x_wconf 65' lang='lat' dir='ltr'><strong>est,</strong></span> <span class='ocrx_word' id='word_1_7' title='bbox 730 225 851 289; x_wconf 89' lang='lat' dir='ltr'><strong>quod</strong></span> <span class='ocrx_word' id='word_1_8' title='bbox 879 223 935 270; x_wconf 86' lang='lat' dir='ltr'><strong>fic</strong></span> <span class='ocrx_word' id='word_1_9' title='bbox 968 221 1126 284; x_wconf 81' lang='lat' dir='ltr'><strong>gestis?</strong></span> <span class='ocrx_word' id='word_1_10' title='bbox 1163 225 1269 286; x_wconf 90' lang='lat' dir='ltr'><strong>quid</strong></span> <span class='ocrx_word' id='word_1_11' title='bbox 1292 223 1367 275; x_wconf 81' lang='lat' dir='ltr'><strong>sibi</strong></span> <span class='ocrx_word' id='word_1_12' title='bbox 1390 229 1462 276; x_wconf 86' lang='lat' dir='ltr'><strong>hic</strong></span> 
     </span>
    </p>
   </div>
   <div class='ocr_carea' id='block_1_4' title="bbox 331 302 724 364">
    <p class='ocr_par' dir='ltr' id='par_1_4' title="bbox 331 302 724 364">
     <span class='ocr_line' id='line_1_4' title="bbox 331 302 724 364; baseline -0.013 -13"><span class='ocrx_word' id='word_1_13' title='bbox 331 302 502 351; x_wconf 87' lang='lat' dir='ltr'><strong>vestitus</strong></span> <span class='ocrx_word' id='word_1_14' title='bbox 527 303 724 364; x_wconf 79' lang='lat' dir='ltr'><strong>quaerit?</strong></span> 
     </span>
    </p>
   </div>
   <div class='ocr_carea' id='block_1_5' title="bbox 231 373 1461 583">
    <p class='ocr_par' dir='ltr' id='par_1_5' title="bbox 231 373 1461 583">
     <span class='ocr_line' id='line_1_5' title="bbox 231 373 1461 440; baseline 0.001 -15"><span class='ocrx_word' id='word_1_15' title='bbox 231 379 353 433; x_wconf 88' lang='lat' dir='ltr'>Quid</span> <span class='ocrx_word' id='word_1_16' title='bbox 376 376 448 430; x_wconf 86' lang='lat' dir='ltr'><strong>est,</strong></span> <span class='ocrx_word' id='word_1_17' title='bbox 471 378 589 440; x_wconf 89' lang='lat' dir='ltr'><strong>quod</strong></span> <span class='ocrx_word' id='word_1_18' title='bbox 612 378 747 423; x_wconf 83' lang='lat' dir='ltr'><strong>laetus</strong></span> <span class='ocrx_word' id='word_1_19' title='bbox 769 374 821 422; x_wconf 86' lang='lat' dir='ltr'><strong>sis</strong></span> <span class='ocrx_word' id='word_1_20' title='bbox 838 376 860 420; x_wconf 84' lang='lat'><strong>?</strong></span> <span class='ocrx_word' id='word_1_21' title='bbox 899 373 1005 438; x_wconf 90' lang='lat' dir='ltr'><strong>quid</strong></span> <span class='ocrx_word' id='word_1_22' title='bbox 1025 373 1106 422; x_wconf 81' lang='lat' dir='ltr'><strong>tibi</strong></span> <span class='ocrx_word' id='word_1_23' title='bbox 1127 375 1224 421; x_wconf 83' lang='lat' dir='ltr'><strong>vis?</strong></span> <span class='ocrx_word' id='word_1_24' title='bbox 1255 375 1384 424; x_wconf 85' lang='lat' dir='ltr'><strong>satine</strong></span> <span class='ocrx_word' id='word_1_25' title='bbox 1404 379 1461 426; x_wconf 79' lang='lat' dir='ltr'><strong>sa-</strong></span> 
     </span>
     <span class='ocr_line' id='line_1_6' title="bbox 330 447 938 516; baseline -0.007 -17"><span class='ocrx_word' id='word_1_26' title='bbox 330 453 446 499; x_wconf 84' lang='lat' dir='ltr'><strong>nus?</strong></span> <span class='ocrx_word' id='word_1_27' title='bbox 489 452 594 516; x_wconf 85' lang='lat' dir='ltr'><strong>quid</strong></span> <span class='ocrx_word' id='word_1_28' title='bbox 621 468 690 498; x_wconf 87' lang='lat' dir='ltr'><strong>me</strong></span> <span class='ocrx_word' id='word_1_29' title='bbox 716 447 938 516; x_wconf 66' lang='lat' dir='ltr'><strong>aspestas?</strong></span> 
     </span>
     <span class='ocr_line' id='line_1_7' title="bbox 233 522 1459 583; baseline 0 -9"><span class='ocrx_word' id='word_1_30' title='bbox 233 529 356 583; x_wconf 89' lang='lat' dir='ltr'><strong>Quid</strong></span> <span class='ocrx_word' id='word_1_31' title='bbox 387 528 534 575; x_wconf 84' lang='lat' dir='ltr'><strong>taces?</strong></span> <span class='ocrx_word' id='word_1_32' title='bbox 571 522 679 574; x_wconf 82' lang='lat' dir='ltr'><strong>CH.</strong></span> <span class='ocrx_word' id='word_1_33' title='bbox 718 543 748 573; x_wconf 90' lang='lat' dir='ltr'><strong>o</strong></span> <span class='ocrx_word' id='word_1_34' title='bbox 778 524 907 573; x_wconf 85' lang='lat' dir='ltr'><strong>festus</strong></span> <span class='ocrx_word' id='word_1_35' title='bbox 933 524 1022 573; x_wconf 85' lang='lat' dir='ltr'><strong>dies</strong></span> <span class='ocrx_word' id='word_1_36' title='bbox 1047 525 1267 578; x_wconf 83' lang='lat' dir='ltr'><strong>hominis!</strong></span> <span class='ocrx_word' id='word_1_37' title='bbox 1309 529 1459 583; x_wconf 82' lang='lat' dir='ltr'>amice,</span> 
     </span>
    </p>
   </div>
   <div class='ocr_carea' id='block_1_6' title="bbox 330 603 456 650">
    <p class='ocr_par' dir='ltr' id='par_1_6' title="bbox 330 603 456 650">
     <span class='ocr_line' id='line_1_8' title="bbox 330 603 456 650; baseline 0.008 -1"><span class='ocrx_word' id='word_1_38' title='bbox 330 603 456 650; x_wconf 84' lang='lat' dir='ltr'><strong>salue.</strong></span> 
     </span>
    </p>
   </div>
   <div class='ocr_carea' id='block_1_7' title="bbox 229 675 1462 818">
    <p class='ocr_par' dir='ltr' id='par_1_7' title="bbox 229 675 1462 818">
     <span class='ocr_line' id='line_1_9' title="bbox 229 675 1462 744; baseline 0.001 -20"><span class='ocrx_word' id='word_1_39' title='bbox 229 675 432 729; x_wconf 83' lang='lat' dir='ltr'><strong>Nemo&#39;st</strong></span> <span class='ocrx_word' id='word_1_40' title='bbox 463 677 721 729; x_wconf 87' lang='lat' dir='ltr'><strong>hominum,</strong></span> <span class='ocrx_word' id='word_1_41' title='bbox 756 692 889 739; x_wconf 85' lang='lat' dir='ltr'><strong>quern</strong></span> <span class='ocrx_word' id='word_1_42' title='bbox 911 688 996 739; x_wconf 82' lang='lat' dir='ltr'><strong>ego</strong></span> <span class='ocrx_word' id='word_1_43' title='bbox 1025 694 1146 725; x_wconf 88' lang='lat' dir='ltr'><strong>nunc</strong></span> <span class='ocrx_word' id='word_1_44' title='bbox 1168 679 1308 739; x_wconf 84' lang='lat' dir='ltr'><strong>magis</strong></span> <span class='ocrx_word' id='word_1_45' title='bbox 1329 692 1462 744; x_wconf 81' lang='lat' dir='ltr'><strong>cupe-</strong></span> 
     </span>
     <span class='ocr_line' id='line_1_10' title="bbox 329 753 843 818; baseline 0 -16"><span class='ocrx_word' id='word_1_46' title='bbox 329 771 424 802; x_wconf 84' lang='lat' dir='ltr'><strong>rem</strong></span> <span class='ocrx_word' id='word_1_47' title='bbox 444 753 607 808; x_wconf 86' lang='lat' dir='ltr'><strong>videre,</strong></span> <span class='ocrx_word' id='word_1_48' title='bbox 632 769 763 818; x_wconf 85' lang='lat' dir='ltr'><strong>quam</strong></span> <span class='ocrx_word' id='word_1_49' title='bbox 783 763 843 802; x_wconf 85' lang='lat' dir='ltr'><strong>te.</strong></span> 
     </span>
    </p>
   </div>
   <div class='ocr_carea' id='block_1_8' title="bbox 84 973 758 1851">
    <p class='ocr_par' dir='ltr' id='par_1_8' title="bbox 84 973 755 1405">
     <span class='ocr_line' id='line_1_11' title="bbox 150 973 753 1031; baseline -0.002 -15"><span class='ocrx_word' id='word_1_50' title='bbox 150 987 203 1017; x_wconf 91' lang='lat'><strong>10</strong></span> <span class='ocrx_word' id='word_1_51' title='bbox 275 975 342 1015; x_wconf 80' lang='lat' dir='ltr'><strong>uid</strong></span> <span class='ocrx_word' id='word_1_52' title='bbox 355 974 408 1027; x_wconf 74' lang='lat' dir='ltr'><strong>est,</strong></span> <span class='ocrx_word' id='word_1_53' title='bbox 428 975 527 1029; x_wconf 85' lang='lat' dir='ltr'><strong>quod</strong></span> <span class='ocrx_word' id='word_1_54' title='bbox 528 973 587 1025; x_wconf 85' lang='lat' dir='ltr'><strong>fic</strong></span> <span class='ocrx_word' id='word_1_55' title='bbox 598 974 705 1031; x_wconf 85' lang='lat' dir='ltr'><strong>gestis</strong></span> <span class='ocrx_word' id='word_1_56' title='bbox 716 973 753 1028; x_wconf 85' lang='lat'><strong>?]</strong></span> 
     </span>
     <span class='ocr_line' id='line_1_12' title="bbox 96 1031 754 1083; baseline -0.003 -12"><span class='ocrx_word' id='word_1_57' title='bbox 96 1032 236 1071; x_wconf 85' lang='lat' dir='ltr'><strong>Facete</strong></span> <span class='ocrx_word' id='word_1_58' title='bbox 247 1033 385 1083; x_wconf 83' lang='lat' dir='ltr'><strong>repetit</strong></span> <span class='ocrx_word' id='word_1_59' title='bbox 405 1031 521 1071; x_wconf 85' lang='lat' dir='ltr'><strong>verba</strong></span> <span class='ocrx_word' id='word_1_60' title='bbox 540 1033 624 1070; x_wconf 86' lang='lat' dir='ltr'><strong>eius</strong></span> <span class='ocrx_word' id='word_1_61' title='bbox 634 1033 754 1070; x_wconf 87' lang='lat' dir='ltr'><strong>inter-</strong></span> 
     </span>
     <span class='ocr_line' id='line_1_13' title="bbox 97 1086 755 1139; baseline -0.002 -14"><span class='ocrx_word' id='word_1_62' title='bbox 97 1090 334 1139; x_wconf 81' lang='lat' dir='ltr'><strong>rogationiS‚</strong></span> <span class='ocrx_word' id='word_1_63' title='bbox 373 1099 413 1127; x_wconf 80' lang='lat' dir='ltr'><strong>vt</strong></span> <span class='ocrx_word' id='word_1_64' title='bbox 436 1086 523 1126; x_wconf 75' lang='lat' dir='ltr'><strong>sciar</strong></span> <span class='ocrx_word' id='word_1_65' title='bbox 542 1086 580 1127; x_wconf 90' lang='lat' dir='ltr'><strong>se</strong></span> <span class='ocrx_word' id='word_1_66' title='bbox 603 1087 755 1138; x_wconf 81' lang='lat' dir='ltr'><strong>iampri-</strong></span> 
     </span>
     <span class='ocr_line' id='line_1_14' title="bbox 98 1141 754 1198; baseline 0 -18"><span class='ocrx_word' id='word_1_67' title='bbox 98 1142 190 1181; x_wconf 84' lang='lat' dir='ltr'><strong>dem</strong></span> <span class='ocrx_word' id='word_1_68' title='bbox 214 1141 291 1182; x_wconf 80' lang='lat' dir='ltr'><strong>effe</strong></span> <span class='ocrx_word' id='word_1_69' title='bbox 310 1141 560 1195; x_wconf 78' lang='lat' dir='ltr'><strong>praesentem.</strong></span> <span class='ocrx_word' id='word_1_70' title='bbox 603 1143 754 1198; x_wconf 75' lang='lat' dir='ltr'><strong>Qidue</strong></span> 
     </span>
     <span class='ocr_line' id='line_1_15' title="bbox 84 1196 755 1253; baseline 0.003 -17"><span class='ocrx_word' id='word_1_71' title='bbox 84 1196 162 1248; x_wconf 71' lang='lat' dir='ltr'><strong>fibi</strong></span> <span class='ocrx_word' id='word_1_72' title='bbox 189 1199 247 1237; x_wconf 78' lang='lat' dir='ltr'><strong>hic</strong></span> <span class='ocrx_word' id='word_1_73' title='bbox 276 1199 421 1250; x_wconf 81' lang='lat' dir='ltr'><strong>vestitus</strong></span> <span class='ocrx_word' id='word_1_74' title='bbox 447 1201 649 1253; x_wconf 76' lang='lat' dir='ltr'><strong>quaerit?]</strong></span> <span class='ocrx_word' id='word_1_75' title='bbox 690 1201 755 1238; x_wconf 88' lang='lat' dir='ltr'><strong>Fa-</strong></span> 
     </span>
     <span class='ocr_line' id='line_1_16' title="bbox 99 1253 754 1306; baseline -0.002 -14"><span class='ocrx_word' id='word_1_76' title='bbox 99 1267 185 1292; x_wconf 85' lang='lat' dir='ltr'><strong>cete</strong></span> <span class='ocrx_word' id='word_1_77' title='bbox 206 1264 245 1292; x_wconf 89' lang='lat' dir='ltr'><strong>et</strong></span> <span class='ocrx_word' id='word_1_78' title='bbox 263 1253 427 1306; x_wconf 85' lang='lat' dir='ltr'><strong>figurate</strong></span> <span class='ocrx_word' id='word_1_79' title='bbox 437 1255 579 1293; x_wconf 59' lang='lat' dir='ltr'><strong>dietum</strong></span> <span class='ocrx_word' id='word_1_80' title='bbox 595 1255 660 1292; x_wconf 86' lang='lat' dir='ltr'><strong>est.</strong></span> <span class='ocrx_word' id='word_1_81' title='bbox 692 1255 754 1293; x_wconf 88' lang='lat' dir='ltr'><strong>Sic</strong></span> 
     </span>
     <span class='ocr_line' id='line_1_17' title="bbox 97 1307 755 1362; baseline 0.002 -15"><span class='ocrx_word' id='word_1_82' title='bbox 97 1320 138 1348; x_wconf 85' lang='lat' dir='ltr'><strong>et</strong></span> <span class='ocrx_word' id='word_1_83' title='bbox 158 1309 265 1355; x_wconf 81' lang='lat' dir='ltr'><strong>alibi,</strong></span> <span class='ocrx_word' id='word_1_84' title='bbox 296 1311 344 1348; x_wconf 87' lang='lat' dir='ltr'><strong>Vt</strong></span> <span class='ocrx_word' id='word_1_85' title='bbox 359 1310 586 1362; x_wconf 77' lang='lat' dir='ltr'><em>pernoscatis</em></span> <span class='ocrx_word' id='word_1_86' title='bbox 607 1307 755 1362; x_wconf 81' lang='lat' dir='ltr'><strong>quidfi·</strong></span> 
     </span>
     <span class='ocr_line' id='line_1_18' title="bbox 97 1363 573 1405; baseline 0.002 -1"><span class='ocrx_word' id='word_1_87' title='bbox 97 1363 138 1404; x_wconf 77' lang='lat' dir='ltr'><strong>bi</strong></span> <span class='ocrx_word' id='word_1_88' title='bbox 156 1365 351 1404; x_wconf 82' lang='lat' dir='ltr'><em>Eunuchus</em></span> <span class='ocrx_word' id='word_1_89' title='bbox 369 1365 466 1405; x_wconf 84' lang='lat' dir='ltr'><strong>velit.</strong></span> <span class='ocrx_word' id='word_1_90' title='bbox 524 1368 573 1405; x_wconf 86' lang='lat' dir='ltr'><strong>D.</strong></span> 
     </span>
    </p>

    <p class='ocr_par' dir='ltr' id='par_1_9' title="bbox 96 1420 758 1851">
     <span class='ocr_line' id='line_1_19' title="bbox 157 1420 751 1475; baseline -0.002 -16"><span class='ocrx_word' id='word_1_91' title='bbox 157 1420 330 1467; x_wconf 77' lang='lat' dir='ltr'><em>Chaerea,</em></span> <span class='ocrx_word' id='word_1_92' title='bbox 348 1421 438 1473; x_wconf 83' lang='lat' dir='ltr'><strong>quid</strong></span> <span class='ocrx_word' id='word_1_93' title='bbox 447 1420 511 1475; x_wconf 73' lang='lat' dir='ltr'><strong>est]</strong></span> <span class='ocrx_word' id='word_1_94' title='bbox 542 1424 598 1460; x_wconf 87' lang='lat' dir='ltr'><strong>Ea</strong></span> <span class='ocrx_word' id='word_1_95' title='bbox 609 1420 751 1466; x_wconf 88' lang='lat' dir='ltr'><strong>omnia,</strong></span> 
     </span>
     <span class='ocr_line' id='line_1_20' title="bbox 96 1474 755 1528; baseline -0.002 -14"><span class='ocrx_word' id='word_1_96' title='bbox 96 1482 198 1527; x_wconf 71' lang='lat' dir='ltr'><strong>quae</strong></span> <span class='ocrx_word' id='word_1_97' title='bbox 208 1474 492 1516; x_wconf 80' lang='lat' dir='ltr'><strong>adolescentem</strong></span> <span class='ocrx_word' id='word_1_98' title='bbox 505 1477 603 1516; x_wconf 83' lang='lat' dir='ltr'><strong>velle</strong></span> <span class='ocrx_word' id='word_1_99' title='bbox 613 1489 755 1528; x_wconf 82' lang='lat' dir='ltr'><strong>cogno-</strong></span> 
     </span>
     <span class='ocr_line' id='line_1_21' title="bbox 98 1529 755 1585; baseline -0.002 -15"><span class='ocrx_word' id='word_1_100' title='bbox 98 1543 221 1580; x_wconf 85' lang='lat' dir='ltr'><strong>uerat,</strong></span> <span class='ocrx_word' id='word_1_101' title='bbox 241 1533 475 1585; x_wconf 88' lang='lat' dir='ltr'><strong>interrogata</strong></span> <span class='ocrx_word' id='word_1_102' title='bbox 492 1529 589 1570; x_wconf 87' lang='lat' dir='ltr'><strong>sunt.</strong></span> <span class='ocrx_word' id='word_1_103' title='bbox 616 1543 655 1570; x_wconf 88' lang='lat' dir='ltr'><strong>et</strong></span> <span class='ocrx_word' id='word_1_104' title='bbox 676 1542 755 1570; x_wconf 87' lang='lat' dir='ltr'><strong>tan-</strong></span> 
     </span>
     <span class='ocr_line' id='line_1_22' title="bbox 97 1584 752 1639; baseline -0.002 -13"><span class='ocrx_word' id='word_1_105' title='bbox 97 1602 213 1639; x_wconf 85' lang='lat' dir='ltr'>quam</span> <span class='ocrx_word' id='word_1_106' title='bbox 236 1601 317 1626; x_wconf 87' lang='lat' dir='ltr'><strong>non</strong></span> <span class='ocrx_word' id='word_1_107' title='bbox 337 1589 412 1626; x_wconf 88' lang='lat' dir='ltr'><strong>cito</strong></span> <span class='ocrx_word' id='word_1_108' title='bbox 440 1584 752 1638; x_wconf 74' lang='lat' dir='ltr'><strong>respondentem,</strong></span> 
     </span>
     <span class='ocr_line' id='line_1_23' title="bbox 97 1641 758 1697; baseline -0.003 -15"><span class='ocrx_word' id='word_1_109' title='bbox 97 1641 242 1682; x_wconf 83' lang='lat' dir='ltr'><strong>rursus:</strong></span> <span class='ocrx_word' id='word_1_110' title='bbox 270 1643 441 1697; x_wconf 64' lang='lat' dir='ltr'><strong>Quidme</strong></span> <span class='ocrx_word' id='word_1_111' title='bbox 459 1641 758 1696; x_wconf 64' lang='lat' dir='ltr'><strong>aspeHa52Qid</strong></span> 
     </span>
     <span class='ocr_line' id='line_1_24' title="bbox 99 1698 755 1753; baseline 0 -14"><span class='ocrx_word' id='word_1_112' title='bbox 99 1703 227 1740; x_wconf 75' lang='lat' dir='ltr'><strong>taces?</strong></span> <span class='ocrx_word' id='word_1_113' title='bbox 265 1701 299 1738; x_wconf 92' lang='grc' dir='ltr'>Ο</span> <span class='ocrx_word' id='word_1_114' title='bbox 313 1699 433 1753; x_wconf 66' lang='lat' dir='ltr'><strong>sistus</strong></span> <span class='ocrx_word' id='word_1_115' title='bbox 459 1701 535 1738; x_wconf 88' lang='lat' dir='ltr'><strong>dies</strong></span> <span class='ocrx_word' id='word_1_116' title='bbox 570 1698 726 1739; x_wconf 83' lang='lat' dir='ltr'><strong>hominis</strong></span> <span class='ocrx_word' id='word_1_117' title='bbox 738 1702 755 1738; x_wconf 91' lang='lat'><strong><em>!</em></strong></span> 
     </span>
     <span class='ocr_line' id='line_1_25' title="bbox 99 1753 754 1807; baseline 0 -14"><span class='ocrx_word' id='word_1_118' title='bbox 99 1755 210 1806; x_wconf 86' lang='lat' dir='ltr'>Quid</span> <span class='ocrx_word' id='word_1_119' title='bbox 249 1755 322 1805; x_wconf 84' lang='lat' dir='ltr'><strong>est,</strong></span> <span class='ocrx_word' id='word_1_120' title='bbox 362 1754 485 1807; x_wconf 86' lang='lat' dir='ltr'><strong>Festus</strong></span> <span class='ocrx_word' id='word_1_121' title='bbox 529 1755 605 1795; x_wconf 80' lang='lat' dir='ltr'><strong>dies</strong></span> <span class='ocrx_word' id='word_1_122' title='bbox 637 1753 754 1794; x_wconf 83' lang='lat' dir='ltr'><em>homi-</em></span> 
     </span>
     <span class='ocr_line' id='line_1_26' title="bbox 97 1811 276 1851; baseline -0.017 0"><span class='ocrx_word' id='word_1_123' title='bbox 97 1811 182 1851; x_wconf 80' lang='lat' dir='ltr'><strong>nis?</strong></span> <span class='ocrx_word' id='word_1_124' title='bbox 235 1814 276 1851; x_wconf 92' lang='lat' dir='ltr'><strong>E.</strong></span> 
     </span>
    </p>
   </div>
   <div class='ocr_carea' id='block_1_9' title="bbox 1343 833 1460 877">
    <p class='ocr_par' dir='ltr' id='par_1_10' title="bbox 1343 833 1460 877">
     <span class='ocr_line' id='line_1_27' title="bbox 1343 833 1460 877; baseline 0.009 -1"><span class='ocrx_word' id='word_1_125' title='bbox 1343 833 1460 877; x_wconf 72' lang='lat' dir='ltr'><strong>AN.</strong></span> 
     </span>
    </p>
   </div>
   <div class='ocr_carea' id='block_1_10' title="bbox 801 973 1465 1865">
    <p class='ocr_par' dir='ltr' id='par_1_11' title="bbox 801 973 1465 1796">
     <span class='ocr_line' id='line_1_28' title="bbox 860 973 1461 1027; baseline -0.003 -11"><span class='ocrx_word' id='word_1_126' title='bbox 860 985 910 1016; x_wconf 87' lang='lat'><strong>12</strong></span> <span class='ocrx_word' id='word_1_127' title='bbox 942 975 976 1014; x_wconf 95' lang='grc' dir='ltr'>Ο</span> <span class='ocrx_word' id='word_1_128' title='bbox 985 973 1107 1027; x_wconf 78' lang='lat' dir='ltr'><em>ftstus</em></span> <span class='ocrx_word' id='word_1_129' title='bbox 1123 975 1202 1015; x_wconf 86' lang='lat' dir='ltr'><strong>dies</strong></span> <span class='ocrx_word' id='word_1_130' title='bbox 1220 975 1402 1014; x_wconf 85' lang='lat' dir='ltr'><strong>hominis!</strong></span> <span class='ocrx_word' id='word_1_131' title='bbox 1423 988 1461 1014; x_wconf 83' lang='lat' dir='ltr'><strong>a·</strong></span> 
     </span>
     <span class='ocr_line' id='line_1_29' title="bbox 801 1027 1464 1081; baseline -0.002 -12"><span class='ocrx_word' id='word_1_132' title='bbox 801 1033 915 1071; x_wconf 84' lang='lat' dir='ltr'><strong>mice!</strong></span> <span class='ocrx_word' id='word_1_133' title='bbox 932 1027 1054 1081; x_wconf 68' lang='lat' dir='ltr'><strong>fialae]</strong></span> <span class='ocrx_word' id='word_1_134' title='bbox 1085 1033 1208 1071; x_wconf 87' lang='lat' dir='ltr'><strong>Decet</strong></span> <span class='ocrx_word' id='word_1_135' title='bbox 1233 1046 1254 1069; x_wconf 83' lang='lat' dir='ltr'><strong>a</strong></span> <span class='ocrx_word' id='word_1_136' title='bbox 1274 1028 1464 1070; x_wconf 83' lang='lat' dir='ltr'><strong>salutatio-</strong></span> 
     </span>
     <span class='ocr_line' id='line_1_30' title="bbox 803 1087 1462 1138; baseline 0 -13"><span class='ocrx_word' id='word_1_137' title='bbox 803 1100 857 1126; x_wconf 88' lang='lat' dir='ltr'><strong>ne</strong></span> <span class='ocrx_word' id='word_1_138' title='bbox 889 1088 1066 1138; x_wconf 82' lang='lat' dir='ltr'><strong>incipere</strong></span> <span class='ocrx_word' id='word_1_139' title='bbox 1100 1087 1301 1126; x_wconf 83' lang='lat' dir='ltr'><strong>luculente</strong></span> <span class='ocrx_word' id='word_1_140' title='bbox 1343 1087 1462 1126; x_wconf 58' lang='lat' dir='ltr'><strong>dietu-</strong></span> 
     </span>
     <span class='ocr_line' id='line_1_31' title="bbox 803 1142 1461 1192; baseline 0.002 -10"><span class='ocrx_word' id='word_1_141' title='bbox 803 1156 899 1182; x_wconf 86' lang='lat' dir='ltr'><strong>rum.</strong></span> <span class='ocrx_word' id='word_1_142' title='bbox 956 1142 1059 1182; x_wconf 86' lang='lat' dir='ltr'><strong>Illud</strong></span> <span class='ocrx_word' id='word_1_143' title='bbox 1086 1142 1212 1191; x_wconf 80' lang='lat' dir='ltr'><strong>(Illum</strong></span> <span class='ocrx_word' id='word_1_144' title='bbox 1237 1145 1295 1192; x_wconf 83' lang='lat' dir='ltr'><strong>Z.)</strong></span> <span class='ocrx_word' id='word_1_145' title='bbox 1330 1154 1461 1183; x_wconf 85' lang='lat' dir='ltr'><strong>autem</strong></span> 
     </span>
     <span class='ocr_line' id='line_1_32' title="bbox 803 1197 1462 1251; baseline 0.005 -14"><span class='ocrx_word' id='word_1_146' title='bbox 803 1197 1006 1239; x_wconf 75' lang='lat' dir='ltr'><strong>verisimile</strong></span> <span class='ocrx_word' id='word_1_147' title='bbox 1024 1198 1077 1237; x_wconf 88' lang='lat' dir='ltr'><strong>est</strong></span> <span class='ocrx_word' id='word_1_148' title='bbox 1089 1229 1098 1247; x_wconf 89' lang='lat'>,</span> <span class='ocrx_word' id='word_1_149' title='bbox 1131 1210 1168 1238; x_wconf 85' lang='lat' dir='ltr'><strong>et</strong></span> <span class='ocrx_word' id='word_1_150' title='bbox 1187 1198 1402 1251; x_wconf 82' lang='lat' dir='ltr'><strong>percuffurn</strong></span> <span class='ocrx_word' id='word_1_151' title='bbox 1419 1214 1462 1240; x_wconf 85' lang='lat' dir='ltr'><strong>re</strong></span> 
     </span>
     <span class='ocr_line' id='line_1_33' title="bbox 805 1255 1460 1307; baseline 0.005 -15"><span class='ocrx_word' id='word_1_152' title='bbox 805 1268 932 1302; x_wconf 75' lang='lat' dir='ltr'><strong>noua,</strong></span> <span class='ocrx_word' id='word_1_153' title='bbox 967 1264 1004 1293; x_wconf 87' lang='lat' dir='ltr'><strong>et</strong></span> <span class='ocrx_word' id='word_1_154' title='bbox 1040 1255 1229 1294; x_wconf 84' lang='lat' dir='ltr'><strong>audiendi</strong></span> <span class='ocrx_word' id='word_1_155' title='bbox 1263 1257 1460 1307; x_wconf 87' lang='lat' dir='ltr'><strong>cupidum,</strong></span> 
     </span>
     <span class='ocr_line' id='line_1_34' title="bbox 805 1310 1465 1352; baseline 0.008 -5"><span class='ocrx_word' id='word_1_156' title='bbox 805 1310 1074 1349; x_wconf 84' lang='lat' dir='ltr'><strong>immemorem</strong></span> <span class='ocrx_word' id='word_1_157' title='bbox 1109 1310 1273 1350; x_wconf 79' lang='lat' dir='ltr'><strong>extitisse</strong></span> <span class='ocrx_word' id='word_1_158' title='bbox 1305 1312 1465 1352; x_wconf 79' lang='lat' dir='ltr'><strong>salutan-</strong></span> 
     </span>
     <span class='ocr_line' id='line_1_35' title="bbox 806 1364 1462 1420; baseline 0.008 -19"><span class='ocrx_word' id='word_1_159' title='bbox 806 1364 856 1409; x_wconf 82' lang='lat' dir='ltr'><strong>di.</strong></span> <span class='ocrx_word' id='word_1_160' title='bbox 918 1365 951 1402; x_wconf 93' lang='lat' dir='ltr'>O</span> <span class='ocrx_word' id='word_1_161' title='bbox 984 1365 1104 1416; x_wconf 56' lang='lat' dir='ltr'><strong>festus</strong></span> <span class='ocrx_word' id='word_1_162' title='bbox 1151 1368 1278 1420; x_wconf 61' lang='lat' dir='ltr'><strong>diei-J]</strong></span> <span class='ocrx_word' id='word_1_163' title='bbox 1323 1371 1462 1408; x_wconf 85' lang='lat' dir='ltr'><strong>Vtrum</strong></span> 
     </span>
     <span class='ocr_line' id='line_1_36' title="bbox 806 1418 1464 1470; baseline 0.011 -14"><span class='ocrx_word' id='word_1_164' title='bbox 806 1420 896 1470; x_wconf 84' lang='lat' dir='ltr'><strong>quia</strong></span> <span class='ocrx_word' id='word_1_165' title='bbox 916 1418 1024 1458; x_wconf 86' lang='lat' dir='ltr'><strong>causa</strong></span> <span class='ocrx_word' id='word_1_166' title='bbox 1046 1420 1100 1458; x_wconf 85' lang='lat' dir='ltr'><strong>est</strong></span> <span class='ocrx_word' id='word_1_167' title='bbox 1124 1419 1209 1460; x_wconf 87' lang='lat' dir='ltr'><strong>festi</strong></span> <span class='ocrx_word' id='word_1_168' title='bbox 1234 1436 1277 1461; x_wconf 86' lang='lat' dir='ltr'><strong>ac</strong></span> <span class='ocrx_word' id='word_1_169' title='bbox 1296 1424 1384 1462; x_wconf 86' lang='lat' dir='ltr'><strong>laeti</strong></span> <span class='ocrx_word' id='word_1_170' title='bbox 1407 1424 1464 1462; x_wconf 81' lang='lat' dir='ltr'><strong>di-</strong></span> 
     </span>
     <span class='ocr_line' id='line_1_37' title="bbox 805 1475 1462 1529; baseline 0.009 -17"><span class='ocrx_word' id='word_1_171' title='bbox 805 1475 868 1513; x_wconf 83' lang='lat' dir='ltr'><strong>ei?</strong></span> <span class='ocrx_word' id='word_1_172' title='bbox 905 1489 955 1513; x_wconf 87' lang='lat' dir='ltr'><strong>an</strong></span> <span class='ocrx_word' id='word_1_173' title='bbox 993 1477 1081 1526; x_wconf 86' lang='lat' dir='ltr'><strong>quia</strong></span> <span class='ocrx_word' id='word_1_174' title='bbox 1121 1476 1202 1529; x_wconf 83' lang='lat' dir='ltr'><strong>ipse</strong></span> <span class='ocrx_word' id='word_1_175' title='bbox 1244 1489 1370 1518; x_wconf 84' lang='lat' dir='ltr'><strong>tantus</strong></span> <span class='ocrx_word' id='word_1_176' title='bbox 1407 1479 1462 1528; x_wconf 82' lang='lat' dir='ltr'><strong>fit,</strong></span> 
     </span>
     <span class='ocr_line' id='line_1_38' title="bbox 806 1530 1464 1586; baseline 0.008 -18"><span class='ocrx_word' id='word_1_177' title='bbox 806 1541 970 1582; x_wconf 88' lang='lat' dir='ltr'><strong>quantus</strong></span> <span class='ocrx_word' id='word_1_178' title='bbox 1007 1530 1119 1570; x_wconf 84' lang='lat' dir='ltr'><strong>festus</strong></span> <span class='ocrx_word' id='word_1_179' title='bbox 1146 1532 1251 1576; x_wconf 81' lang='lat' dir='ltr'><strong>dies?</strong></span> <span class='ocrx_word' id='word_1_180' title='bbox 1287 1535 1320 1572; x_wconf 95' lang='grc' dir='ltr'>Ο</span> <span class='ocrx_word' id='word_1_181' title='bbox 1341 1535 1464 1586; x_wconf 73' lang='lat' dir='ltr'><strong>fistus</strong></span> 
     </span>
     <span class='ocr_line' id='line_1_39' title="bbox 805 1585 1463 1643; baseline 0.008 -18"><span class='ocrx_word' id='word_1_182' title='bbox 805 1587 880 1625; x_wconf 76' lang='lat' dir='ltr'><strong>dies</strong></span> <span class='ocrx_word' id='word_1_183' title='bbox 899 1585 1060 1625; x_wconf 84' lang='lat' dir='ltr'><strong>hominis</strong></span> <span class='ocrx_word' id='word_1_184' title='bbox 1072 1591 1088 1625; x_wconf 91' lang='lat'><em>!</em></span> <span class='ocrx_word' id='word_1_185' title='bbox 1096 1589 1115 1641; x_wconf 94' lang='lat'>]</span> <span class='ocrx_word' id='word_1_186' title='bbox 1146 1591 1228 1634; x_wconf 88' lang='lat' dir='ltr'><strong>Pro,</strong></span> <span class='ocrx_word' id='word_1_187' title='bbox 1249 1588 1354 1628; x_wconf 80' lang='lat' dir='ltr'><strong>homo</strong></span> <span class='ocrx_word' id='word_1_188' title='bbox 1369 1590 1463 1643; x_wconf 79' lang='lat' dir='ltr'><strong>s&#39;esti</strong></span> 
     </span>
     <span class='ocr_line' id='line_1_40' title="bbox 805 1642 1464 1696; baseline 0.008 -15"><span class='ocrx_word' id='word_1_189' title='bbox 805 1642 890 1681; x_wconf 81' lang='lat' dir='ltr'><strong>diei.</strong></span> <span class='ocrx_word' id='word_1_190' title='bbox 947 1643 1009 1682; x_wconf 90' lang='lat' dir='ltr'><strong>Sic</strong></span> <span class='ocrx_word' id='word_1_191' title='bbox 1040 1642 1177 1682; x_wconf 85' lang='lat' dir='ltr'><strong>dicitur</strong></span> <span class='ocrx_word' id='word_1_192' title='bbox 1210 1647 1323 1684; x_wconf 84' lang='lat' dir='ltr'><strong>etiam</strong></span> <span class='ocrx_word' id='word_1_193' title='bbox 1341 1647 1464 1696; x_wconf 65' lang='lat' dir='ltr'><strong>scelus·</strong></span> 
     </span>
     <span class='ocr_line' id='line_1_41' title="bbox 805 1697 1463 1753; baseline 0.011 -17"><span class='ocrx_word' id='word_1_194' title='bbox 805 1697 927 1736; x_wconf 84' lang='lat' dir='ltr'><strong>homo.</strong></span> <span class='ocrx_word' id='word_1_195' title='bbox 989 1700 1161 1750; x_wconf 86' lang='lat' dir='ltr'><strong>Ennius,</strong></span> <span class='ocrx_word' id='word_1_196' title='bbox 1193 1700 1226 1738; x_wconf 94' lang='grc' dir='ltr'>Ο</span> <span class='ocrx_word' id='word_1_197' title='bbox 1239 1704 1364 1753; x_wconf 85' lang='lat' dir='ltr'><strong>pietas</strong></span> <span class='ocrx_word' id='word_1_198' title='bbox 1382 1706 1463 1743; x_wconf 83' lang='lat' dir='ltr'><strong>ani-</strong></span> 
     </span>
     <span class='ocr_line' id='line_1_42' title="bbox 802 1755 1389 1796; baseline -0.002 -2"><span class='ocrx_word' id='word_1_199' title='bbox 802 1755 877 1796; x_wconf 84' lang='lat' dir='ltr'><strong>mi!</strong></span> <span class='ocrx_word' id='word_1_200' title='bbox 936 1755 985 1792; x_wconf 91' lang='lat' dir='ltr'><strong>D.</strong></span> <span class='ocrx_word' id='word_1_201' title='bbox 1382 1788 1389 1793; x_wconf 85' lang='lat'><strong>.</strong></span> 
     </span>
    </p>

    <p class='ocr_par' dir='ltr' id='par_1_12' title="bbox 852 1808 1464 1865">
     <span class='ocr_line' id='line_1_43' title="bbox 852 1808 1464 1865; baseline 0.005 -15"><span class='ocrx_word' id='word_1_202' title='bbox 852 1813 963 1862; x_wconf 87' lang='lat' dir='ltr'><strong>Lege</strong></span> <span class='ocrx_word' id='word_1_203' title='bbox 983 1808 1093 1863; x_wconf 72' lang='lat' dir='ltr'><strong>‚Qid</strong></span> <span class='ocrx_word' id='word_1_204' title='bbox 1123 1811 1242 1852; x_wconf 80' lang='lat' dir='ltr'><strong>dices?</strong></span> <span class='ocrx_word' id='word_1_205' title='bbox 1281 1814 1326 1854; x_wconf 92' lang='lat' dir='ltr'><strong>C.</strong></span> <span class='ocrx_word' id='word_1_206' title='bbox 1359 1828 1379 1852; x_wconf 89' lang='lat' dir='ltr'><strong>o</strong></span> <span class='ocrx_word' id='word_1_207' title='bbox 1399 1812 1464 1865; x_wconf 79' lang='lat' dir='ltr'><strong>fl·-</strong></span> 
     </span>
    </p>
   </div>
   <div class='ocr_carea' id='block_1_11' title="bbox 125 1862 1464 1929">
    <p class='ocr_par' dir='ltr' id='par_1_13' title="bbox 125 1862 1464 1929">
     <span class='ocr_line' id='line_1_44' title="bbox 125 1862 1464 1929; baseline 0.002 -24"><span class='ocrx_word' id='word_1_208' title='bbox 125 1865 359 1929; x_wconf 20' lang='lat' dir='ltr'><strong>&#39;QodstbiJ</strong></span> <span class='ocrx_word' id='word_1_209' title='bbox 390 1868 438 1907; x_wconf 92' lang='lat' dir='ltr'><strong>V.</strong></span> <span class='ocrx_word' id='word_1_210' title='bbox 466 1867 513 1908; x_wconf 92' lang='lat' dir='ltr'><strong>C.</strong></span> <span class='ocrx_word' id='word_1_211' title='bbox 563 1865 647 1906; x_wconf 85' lang='lat' dir='ltr'><strong>Aut</strong></span> <span class='ocrx_word' id='word_1_212' title='bbox 665 1865 759 1920; x_wconf 85' lang='lat' dir='ltr'><strong>quid</strong></span> <span class='ocrx_word' id='word_1_213' title='bbox 794 1862 876 1915; x_wconf 87' lang='lat' dir='ltr'><strong>stus</strong></span> <span class='ocrx_word' id='word_1_214' title='bbox 903 1866 998 1905; x_wconf 81' lang='lat' dir='ltr'><strong>dies!</strong></span> <span class='ocrx_word' id='word_1_215' title='bbox 1029 1881 1050 1903; x_wconf 91' lang='grc' dir='ltr'><em>ο</em></span> <span class='ocrx_word' id='word_1_216' title='bbox 1078 1879 1173 1905; x_wconf 78' lang='lat' dir='ltr'><strong>meus</strong></span> <span class='ocrx_word' id='word_1_217' title='bbox 1199 1870 1361 1909; x_wconf 82' lang='lat' dir='ltr'><strong>amicus!</strong></span> <span class='ocrx_word' id='word_1_218' title='bbox 1382 1870 1464 1921; x_wconf 77' lang='lat' dir='ltr'><em>fizl-</em></span> 
     </span>
    </p>
   </div>
   <div class='ocr_carea' id='block_1_12' title="bbox 86 1921 754 2632">
    <p class='ocr_par' dir='ltr' id='par_1_14' title="bbox 86 1921 754 2465">
     <span class='ocr_line' id='line_1_45' title="bbox 111 1921 272 1962; baseline 0 0"><span class='ocrx_word' id='word_1_219' title='bbox 111 1921 173 1962; x_wconf 76' lang='lat' dir='ltr'><strong>tbi.</strong></span> <span class='ocrx_word' id='word_1_220' title='bbox 231 1925 272 1962; x_wconf 94' lang='lat' dir='ltr'><strong>L.</strong></span> 
     </span>
     <span class='ocr_line' id='line_1_46' title="bbox 86 1921 752 2033; baseline -0.002 -13"><span class='ocrx_word' id='word_1_221' title='bbox 86 1921 125 1976; x_wconf 67' lang='lat' dir='ltr'><em>s</em></span> <span class='ocrx_word' id='word_1_222' title='bbox 159 1991 202 2020; x_wconf 85' lang='lat'><strong>11</strong></span> <span class='ocrx_word' id='word_1_223' title='bbox 234 1974 752 2033; x_wconf 73' lang='lat' dir='ltr'><strong>Qidest‚quodlaetusfis?]</strong></span> 
     </span>
     <span class='ocr_line' id='line_1_47' title="bbox 95 2031 752 2089; baseline 0 -15"><span class='ocrx_word' id='word_1_224' title='bbox 95 2035 202 2074; x_wconf 88' lang='lat' dir='ltr'><strong>Vide</strong></span> <span class='ocrx_word' id='word_1_225' title='bbox 232 2034 337 2074; x_wconf 88' lang='lat' dir='ltr'><strong>aliud</strong></span> <span class='ocrx_word' id='word_1_226' title='bbox 365 2031 442 2073; x_wconf 86' lang='lat' dir='ltr'><strong>effe</strong></span> <span class='ocrx_word' id='word_1_227' title='bbox 469 2035 618 2089; x_wconf 77' lang='lat' dir='ltr'><strong>gestire,</strong></span> <span class='ocrx_word' id='word_1_228' title='bbox 649 2035 752 2075; x_wconf 88' lang='lat' dir='ltr'><strong>aliud</strong></span> 
     </span>
     <span class='ocr_line' id='line_1_48' title="bbox 98 2089 750 2145; baseline -0.002 -15"><span class='ocrx_word' id='word_1_229' title='bbox 98 2091 234 2130; x_wconf 81' lang='lat' dir='ltr'><strong>laetum</strong></span> <span class='ocrx_word' id='word_1_230' title='bbox 270 2090 343 2142; x_wconf 73' lang='lat' dir='ltr'><strong>effi.</strong></span> <span class='ocrx_word' id='word_1_231' title='bbox 400 2089 509 2143; x_wconf 77' lang='lat' dir='ltr'><strong>Qid</strong></span> <span class='ocrx_word' id='word_1_232' title='bbox 532 2090 603 2130; x_wconf 83' lang='lat' dir='ltr'><strong>tibi</strong></span> <span class='ocrx_word' id='word_1_233' title='bbox 632 2091 750 2145; x_wconf 80' lang='lat' dir='ltr'><strong>vi5?]</strong></span> 
     </span>
     <span class='ocr_line' id='line_1_49' title="bbox 98 2145 753 2198; baseline 0.003 -15"><span class='ocrx_word' id='word_1_234' title='bbox 98 2145 181 2193; x_wconf 74' lang='grc' dir='ltr'><strong>πρδς</strong></span> <span class='ocrx_word' id='word_1_235' title='bbox 202 2145 244 2184; x_wconf 78' lang='grc' dir='ltr'><strong>τδ</strong></span> <span class='ocrx_word' id='word_1_236' title='bbox 265 2146 374 2198; x_wconf 85' lang='lat' dir='ltr'><strong>Quid</strong></span> <span class='ocrx_word' id='word_1_237' title='bbox 390 2145 489 2185; x_wconf 86' lang='lat' dir='ltr'><strong>mihi</strong></span> <span class='ocrx_word' id='word_1_238' title='bbox 509 2147 638 2186; x_wconf 82' lang='lat' dir='ltr'><strong>velim.</strong></span> <span class='ocrx_word' id='word_1_239' title='bbox 688 2146 753 2185; x_wconf 77' lang='lat' dir='ltr'><strong>Sa-</strong></span> 
     </span>
     <span class='ocr_line' id='line_1_50' title="bbox 99 2201 751 2256; baseline 0.002 -17"><span class='ocrx_word' id='word_1_240' title='bbox 99 2201 301 2252; x_wconf 77' lang='lat' dir='ltr'><strong>tinestznus</strong></span> <span class='ocrx_word' id='word_1_241' title='bbox 314 2202 355 2256; x_wconf 65' lang='grc' dir='ltr'><strong>ἲ]</strong></span> <span class='ocrx_word' id='word_1_242' title='bbox 385 2201 468 2250; x_wconf 60' lang='lat' dir='ltr'><strong>argui:</strong></span> <span class='ocrx_word' id='word_1_243' title='bbox 485 2201 527 2240; x_wconf 80' lang='grc' dir='ltr'><strong>τδ</strong></span> <span class='ocrx_word' id='word_1_244' title='bbox 539 2203 660 2241; x_wconf 87' lang='lat' dir='ltr'><strong>Sanus</strong></span> <span class='ocrx_word' id='word_1_245' title='bbox 671 2201 751 2251; x_wconf 83' lang='lat' dir='ltr'><strong>fim,</strong></span> 
     </span>
     <span class='ocr_line' id='line_1_51' title="bbox 100 2255 754 2312; baseline 0.002 -17"><span class='ocrx_word' id='word_1_246' title='bbox 100 2271 151 2295; x_wconf 84' lang='lat' dir='ltr'><strong>an</strong></span> <span class='ocrx_word' id='word_1_247' title='bbox 187 2255 397 2301; x_wconf 77' lang='lat' dir='ltr'><strong>insaniam?</strong></span> <span class='ocrx_word' id='word_1_248' title='bbox 433 2257 542 2312; x_wconf 75' lang='lat' dir='ltr'><strong>Qid</strong></span> <span class='ocrx_word' id='word_1_249' title='bbox 568 2272 621 2296; x_wconf 86' lang='lat' dir='ltr'><strong>me</strong></span> <span class='ocrx_word' id='word_1_250' title='bbox 652 2258 754 2311; x_wconf 80' lang='lat' dir='ltr'><strong>aspe-</strong></span> 
     </span>
     <span class='ocr_line' id='line_1_52' title="bbox 101 2311 752 2368; baseline 0.002 -18"><span class='ocrx_word' id='word_1_251' title='bbox 101 2311 207 2354; x_wconf 67' lang='lat' dir='ltr'><strong>etas?</strong></span> <span class='ocrx_word' id='word_1_252' title='bbox 236 2314 324 2365; x_wconf 82' lang='lat' dir='ltr'><strong>quid</strong></span> <span class='ocrx_word' id='word_1_253' title='bbox 345 2327 438 2353; x_wconf 80' lang='lat' dir='ltr'><strong>taces</strong></span> <span class='ocrx_word' id='word_1_254' title='bbox 449 2315 493 2368; x_wconf 69' lang='grc' dir='ltr'><strong>ἒ]</strong></span> <span class='ocrx_word' id='word_1_255' title='bbox 514 2315 583 2354; x_wconf 85' lang='lat' dir='ltr'><strong>His</strong></span> <span class='ocrx_word' id='word_1_256' title='bbox 604 2314 752 2352; x_wconf 80' lang='lat' dir='ltr'><strong>duabus</strong></span> 
     </span>
     <span class='ocr_line' id='line_1_53' title="bbox 99 2367 753 2421; baseline 0.003 -15"><span class='ocrx_word' id='word_1_257' title='bbox 99 2369 476 2421; x_wconf 79' lang='lat' dir='ltr'><strong>interrogatiunculis</strong></span> <span class='ocrx_word' id='word_1_258' title='bbox 562 2367 753 2421; x_wconf 69' lang='lat' dir='ltr'><strong>descripsit</strong></span> 
     </span>
     <span class='ocr_line' id='line_1_54' title="bbox 101 2425 515 2465; baseline 0.005 -2"><span class='ocrx_word' id='word_1_259' title='bbox 101 2425 246 2463; x_wconf 70' lang='lat' dir='ltr'><strong>vultum</strong></span> <span class='ocrx_word' id='word_1_260' title='bbox 268 2425 409 2464; x_wconf 46' lang='grc' dir='ltr'><strong>(Ἠθικά</strong></span> <span class='ocrx_word' id='word_1_261' title='bbox 466 2427 515 2465; x_wconf 80' lang='lat' dir='ltr'><strong>D.</strong></span> 
     </span>
    </p>

    <p class='ocr_par' dir='ltr' id='par_1_15' title="bbox 98 2480 754 2632">
     <span class='ocr_line' id='line_1_55' title="bbox 153 2480 754 2532; baseline 0.003 -14"><span class='ocrx_word' id='word_1_262' title='bbox 153 2482 269 2532; x_wconf 73' lang='lat' dir='ltr'><strong>Lege,</strong></span> <span class='ocrx_word' id='word_1_263' title='bbox 294 2481 421 2520; x_wconf 81' lang='lat' dir='ltr'><strong>Laetus</strong></span> <span class='ocrx_word' id='word_1_264' title='bbox 440 2494 497 2529; x_wconf 83' lang='lat' dir='ltr'><strong>es,</strong></span> <span class='ocrx_word' id='word_1_265' title='bbox 528 2480 617 2532; x_wconf 85' lang='lat' dir='ltr'><strong>quia</strong></span> <span class='ocrx_word' id='word_1_266' title='bbox 647 2493 754 2530; x_wconf 88' lang='lat' dir='ltr'><strong>prae-</strong></span> 
     </span>
     <span class='ocr_line' id='line_1_56' title="bbox 100 2533 754 2588; baseline 0.006 -16"><span class='ocrx_word' id='word_1_267' title='bbox 100 2534 205 2574; x_wconf 82' lang='lat' dir='ltr'><strong>cedit</strong></span> <span class='ocrx_word' id='word_1_268' title='bbox 245 2535 370 2588; x_wconf 71' lang='lat' dir='ltr'><strong>Gestis.</strong></span> <span class='ocrx_word' id='word_1_269' title='bbox 426 2536 587 2578; x_wconf 86' lang='lat' dir='ltr'><strong>Deinde</strong></span> <span class='ocrx_word' id='word_1_270' title='bbox 629 2533 754 2577; x_wconf 81' lang='lat' dir='ltr'><strong>scribe</strong></span> 
     </span>
     <span class='ocr_line' id='line_1_57' title="bbox 98 2590 334 2632; baseline -0.013 -1"><span class='ocrx_word' id='word_1_271' title='bbox 98 2590 238 2632; x_wconf 76' lang='lat' dir='ltr'><strong>Sanu’s.</strong></span> <span class='ocrx_word' id='word_1_272' title='bbox 294 2593 334 2630; x_wconf 91' lang='lat' dir='ltr'><strong>B.</strong></span> 
     </span>
    </p>
   </div>
   <div class='ocr_carea' id='block_1_13' title="bbox 801 1923 1467 2703">
    <p class='ocr_par' dir='ltr' id='par_1_16' title="bbox 801 1923 1467 2466">
     <span class='ocr_line' id='line_1_58' title="bbox 804 1923 1464 1976; baseline 0.006 -15"><span class='ocrx_word' id='word_1_273' title='bbox 804 1934 860 1961; x_wconf 77' lang='lat' dir='ltr'><strong>ue.</strong></span> <span class='ocrx_word' id='word_1_274' title='bbox 917 1924 1018 1961; x_wconf 87' lang='lat' dir='ltr'><strong>Nam</strong></span> <span class='ocrx_word' id='word_1_275' title='bbox 1042 1923 1204 1976; x_wconf 83' lang='lat' dir='ltr'><strong>vulgare</strong></span> <span class='ocrx_word' id='word_1_276' title='bbox 1242 1927 1354 1965; x_wconf 81' lang='lat' dir='ltr'><strong>Taces</strong></span> <span class='ocrx_word' id='word_1_277' title='bbox 1383 1925 1464 1965; x_wconf 84' lang='lat' dir='ltr'><strong>effi-</strong></span> 
     </span>
     <span class='ocr_line' id='line_1_59' title="bbox 804 1973 1467 2028; baseline 0.006 -11"><span class='ocrx_word' id='word_1_278' title='bbox 804 1978 856 2017; x_wconf 88' lang='lat' dir='ltr'><strong>cit</strong></span> <span class='ocrx_word' id='word_1_279' title='bbox 892 1973 1041 2016; x_wconf 84' lang='lat' dir='ltr'><strong>versum</strong></span> <span class='ocrx_word' id='word_1_280' title='bbox 1071 1973 1372 2028; x_wconf 66' lang='lat' dir='ltr'><strong>clmid&#39;icantem3</strong></span> <span class='ocrx_word' id='word_1_281' title='bbox 1411 1992 1467 2020; x_wconf 87' lang='lat' dir='ltr'><strong>at-</strong></span> 
     </span>
     <span class='ocr_line' id='line_1_60' title="bbox 803 2030 1465 2086; baseline 0.005 -13"><span class='ocrx_word' id='word_1_282' title='bbox 803 2046 880 2086; x_wconf 87' lang='lat' dir='ltr'><strong>que</strong></span> <span class='ocrx_word' id='word_1_283' title='bbox 917 2030 999 2084; x_wconf 86' lang='lat' dir='ltr'><strong>ipse</strong></span> <span class='ocrx_word' id='word_1_284' title='bbox 1024 2038 1200 2075; x_wconf 79' lang='lat' dir='ltr'><strong>Donatus</strong></span> <span class='ocrx_word' id='word_1_285' title='bbox 1227 2036 1378 2075; x_wconf 86' lang='lat' dir='ltr'><strong>videtur</strong></span> <span class='ocrx_word' id='word_1_286' title='bbox 1411 2038 1465 2076; x_wconf 88' lang='lat' dir='ltr'><strong>le-</strong></span> 
     </span>
     <span class='ocr_line' id='line_1_61' title="bbox 803 2087 1464 2144; baseline 0.008 -17"><span class='ocrx_word' id='word_1_287' title='bbox 803 2087 899 2144; x_wconf 84' lang='lat' dir='ltr'><strong>giffe</strong></span> <span class='ocrx_word' id='word_1_288' title='bbox 943 2089 1070 2129; x_wconf 82' lang='lat' dir='ltr'><strong>Dices.</strong></span> <span class='ocrx_word' id='word_1_289' title='bbox 1145 2091 1306 2132; x_wconf 85' lang='lat' dir='ltr'><strong>Deinde</strong></span> <span class='ocrx_word' id='word_1_290' title='bbox 1340 2092 1464 2143; x_wconf 74' lang='lat' dir='ltr'><strong>Festus</strong></span> 
     </span>
     <span class='ocr_line' id='line_1_62' title="bbox 803 2143 1461 2200; baseline 0.006 -17"><span class='ocrx_word' id='word_1_291' title='bbox 803 2148 878 2186; x_wconf 82' lang='lat' dir='ltr'><strong>dies</strong></span> <span class='ocrx_word' id='word_1_292' title='bbox 905 2143 1081 2194; x_wconf 77' lang='lat' dir='ltr'><strong>hominis,</strong></span> <span class='ocrx_word' id='word_1_293' title='bbox 1130 2159 1237 2196; x_wconf 86' lang='lat' dir='ltr'><strong>cum,</strong></span> <span class='ocrx_word' id='word_1_294' title='bbox 1287 2149 1380 2200; x_wconf 86' lang='lat' dir='ltr'><strong>quid</strong></span> <span class='ocrx_word' id='word_1_295' title='bbox 1408 2148 1461 2197; x_wconf 82' lang='lat' dir='ltr'><strong>fit,</strong></span> 
     </span>
     <span class='ocr_line' id='line_1_63' title="bbox 802 2201 1463 2254; baseline 0.003 -14"><span class='ocrx_word' id='word_1_296' title='bbox 802 2202 922 2254; x_wconf 79' lang='lat' dir='ltr'><strong>plane</strong></span> <span class='ocrx_word' id='word_1_297' title='bbox 940 2201 1106 2254; x_wconf 81' lang='lat' dir='ltr'><strong>intelligi</strong></span> <span class='ocrx_word' id='word_1_298' title='bbox 1128 2215 1317 2254; x_wconf 80' lang='lat' dir='ltr'><strong>nequeat,</strong></span> <span class='ocrx_word' id='word_1_299' title='bbox 1348 2204 1463 2243; x_wconf 85' lang='lat' dir='ltr'><strong>homi-</strong></span> 
     </span>
     <span class='ocr_line' id='line_1_64' title="bbox 804 2256 1461 2308; baseline 0.005 -12"><span class='ocrx_word' id='word_1_300' title='bbox 804 2260 863 2296; x_wconf 78' lang='lat' dir='ltr'><strong>nis</strong></span> <span class='ocrx_word' id='word_1_301' title='bbox 892 2256 1119 2296; x_wconf 84' lang='lat' dir='ltr'><strong>mutandum</strong></span> <span class='ocrx_word' id='word_1_302' title='bbox 1149 2258 1204 2297; x_wconf 90' lang='lat' dir='ltr'><strong>est</strong></span> <span class='ocrx_word' id='word_1_303' title='bbox 1238 2260 1278 2297; x_wconf 89' lang='lat' dir='ltr'><strong>in</strong></span> <span class='ocrx_word' id='word_1_304' title='bbox 1305 2274 1325 2299; x_wconf 92' lang='lat'><strong><em>0</em></strong></span> <span class='ocrx_word' id='word_1_305' title='bbox 1350 2273 1461 2308; x_wconf 58' lang='lat' dir='ltr'><strong>meus.</strong></span> 
     </span>
     <span class='ocr_line' id='line_1_65' title="bbox 802 2312 1463 2364; baseline 0.005 -12"><span class='ocrx_word' id='word_1_306' title='bbox 802 2312 865 2353; x_wconf 87' lang='lat' dir='ltr'><strong>Sic</strong></span> <span class='ocrx_word' id='word_1_307' title='bbox 894 2325 993 2350; x_wconf 78' lang='lat' dir='ltr'><strong>meus</strong></span> <span class='ocrx_word' id='word_1_308' title='bbox 1025 2313 1145 2364; x_wconf 77' lang='lat' dir='ltr'><strong>festus</strong></span> <span class='ocrx_word' id='word_1_309' title='bbox 1182 2315 1256 2353; x_wconf 78' lang='lat' dir='ltr'><strong>dies</strong></span> <span class='ocrx_word' id='word_1_310' title='bbox 1298 2319 1463 2356; x_wconf 82' lang='lat' dir='ltr'><strong>occurrit</strong></span> 
     </span>
     <span class='ocr_line' id='line_1_66' title="bbox 801 2367 1463 2422; baseline 0.003 -13"><span class='ocrx_word' id='word_1_311' title='bbox 801 2368 920 2409; x_wconf 84' lang='lat' dir='ltr'><strong>Plaut.</strong></span> <span class='ocrx_word' id='word_1_312' title='bbox 941 2367 1022 2410; x_wconf 83' lang='lat' dir='ltr'><strong>Cas.</strong></span> <span class='ocrx_word' id='word_1_313' title='bbox 1041 2381 1072 2416; x_wconf 88' lang='lat'><strong>1,</strong></span> <span class='ocrx_word' id='word_1_314' title='bbox 1091 2385 1119 2416; x_wconf 83' lang='lat'><strong>1,</strong></span> <span class='ocrx_word' id='word_1_315' title='bbox 1133 2382 1199 2422; x_wconf 88' lang='lat'><strong>49.</strong></span> <span class='ocrx_word' id='word_1_316' title='bbox 1223 2381 1264 2410; x_wconf 89' lang='lat' dir='ltr'><strong>et</strong></span> <span class='ocrx_word' id='word_1_317' title='bbox 1283 2371 1334 2411; x_wconf 86' lang='lat' dir='ltr'><strong>est</strong></span> <span class='ocrx_word' id='word_1_318' title='bbox 1354 2370 1463 2411; x_wconf 84' lang='lat' dir='ltr'><strong>blan-</strong></span> 
     </span>
     <span class='ocr_line' id='line_1_67' title="bbox 802 2423 1215 2466; baseline -0.002 -3"><span class='ocrx_word' id='word_1_319' title='bbox 802 2424 945 2463; x_wconf 87' lang='lat' dir='ltr'><strong>dientis</strong></span> <span class='ocrx_word' id='word_1_320' title='bbox 966 2423 1119 2464; x_wconf 64' lang='lat' dir='ltr'><strong>dietum,</strong></span> <span class='ocrx_word' id='word_1_321' title='bbox 1174 2429 1215 2466; x_wconf 92' lang='grc' dir='ltr'><strong>Β.</strong></span> 
     </span>
    </p>

    <p class='ocr_par' dir='ltr' id='par_1_17' title="bbox 803 2481 1462 2645">
     <span class='ocr_line' id='line_1_68' title="bbox 862 2481 1459 2538; baseline 0.01 -22"><span class='ocrx_word' id='word_1_322' title='bbox 862 2492 910 2533; x_wconf 83' lang='lat'><strong>13</strong></span> <span class='ocrx_word' id='word_1_323' title='bbox 945 2481 1070 2536; x_wconf 52' lang='lat' dir='ltr'><strong>Q-uem</strong></span> <span class='ocrx_word' id='word_1_324' title='bbox 1107 2494 1174 2536; x_wconf 82' lang='lat' dir='ltr'><strong>ego</strong></span> <span class='ocrx_word' id='word_1_325' title='bbox 1200 2485 1314 2536; x_wconf 82' lang='lat' dir='ltr'><strong>magis</strong></span> <span class='ocrx_word' id='word_1_326' title='bbox 1343 2485 1459 2538; x_wconf 79' lang='lat' dir='ltr'><strong>nunc]</strong></span> 
     </span>
     <span class='ocr_line' id='line_1_69' title="bbox 803 2535 1462 2592; baseline 0.006 -18"><span class='ocrx_word' id='word_1_327' title='bbox 803 2539 913 2577; x_wconf 86' lang='lat' dir='ltr'><strong>Bene</strong></span> <span class='ocrx_word' id='word_1_328' title='bbox 939 2535 1112 2575; x_wconf 82' lang='lat' dir='ltr'><strong>additum</strong></span> <span class='ocrx_word' id='word_1_329' title='bbox 1145 2538 1304 2592; x_wconf 82' lang='lat' dir='ltr'><strong>Magzs,·</strong></span> <span class='ocrx_word' id='word_1_330' title='bbox 1334 2551 1372 2579; x_wconf 84' lang='lat' dir='ltr'><strong>vt</strong></span> <span class='ocrx_word' id='word_1_331' title='bbox 1401 2540 1462 2578; x_wconf 87' lang='lat' dir='ltr'><strong>his</strong></span> 
     </span>
     <span class='ocr_line' id='line_1_70' title="bbox 803 2590 1462 2645; baseline 0.003 -13"><span class='ocrx_word' id='word_1_332' title='bbox 803 2592 935 2632; x_wconf 84' lang='lat' dir='ltr'><strong>amicis</strong></span> <span class='ocrx_word' id='word_1_333' title='bbox 968 2590 1004 2631; x_wconf 91' lang='lat' dir='ltr'><strong>se</strong></span> <span class='ocrx_word' id='word_1_334' title='bbox 1039 2593 1293 2645; x_wconf 78' lang='lat' dir='ltr'><strong>antepositum</strong></span> <span class='ocrx_word' id='word_1_335' title='bbox 1320 2597 1462 2634; x_wconf 86' lang='lat' dir='ltr'><strong>intelli-</strong></span> 
     </span>
    </p>

    <p class='ocr_par' dir='ltr' id='par_1_18' title="bbox 872 2642 1462 2703">
     <span class='ocr_line' id='line_1_71' title="bbox 872 2642 1462 2703; baseline 0.007 -15"><span class='ocrx_word' id='word_1_336' title='bbox 872 2642 880 2662; x_wconf 85' lang='lat'><strong><em>‘</em></strong></span> <span class='ocrx_word' id='word_1_337' title='bbox 914 2648 977 2688; x_wconf 88' lang='lat' dir='ltr'><strong>Bb</strong></span> <span class='ocrx_word' id='word_1_338' title='bbox 1010 2659 1034 2703; x_wconf 80' lang='grc' dir='ltr'><strong><em>ς</em></strong></span> <span class='ocrx_word' id='word_1_339' title='bbox 1368 2663 1436 2703; x_wconf 80' lang='lat' dir='ltr'><strong>gat</strong></span> <span class='ocrx_word' id='word_1_340' title='bbox 1447 2666 1462 2698; x_wconf 87' lang='lat'>;</span> 
     </span>
    </p>
   </div>
  </div>
 </body>
</html>
