1877 3183
349 343 821 406 LECTORI
892 336 1385 398 ERVDITO

747 462 783 502 S.
829 465 871 501 P.
915 462 964 501 D.

509 557 607 608 10.
645 554 815 607 CAR.
855 550 1215 603 ZEVNIVS.

408 725 510 777 uod
532 725 581 774 in
602 721 944 773 mercatoribus
965 718 1094 770 forte
1114 734 1217 768 non
1238 714 1373 767 valde
1389 731 1550 783 repre-

449 799 693 862 henditur,
728 798 758 848 fi
783 796 985 857 laudant,
1016 810 1132 860 quas
1157 792 1361 859 cupiunt
1385 806 1551 841 extru-

449 876 560 926 dere
580 891 794 936 merces,
828 886 908 922 aut
942 870 1078 920 etiam
1108 870 1164 919 ab
1193 866 1469 919 Editoribus
1500 866 1551 917 li-

449 953 648 1003 brorum
673 948 914 1000 interdum
938 945 1065 996 secie
1085 943 1188 994 fieri
1210 943 1393 1010 potest,
1428 959 1475 992 vt
1499 941 1552 992 li—

183 1030 299 1080 bros
323 1028 432 1080 suos
457 1026 829 1085 commendent,
865 1037 911 1072 et
934 1022 1068 1071 omni
1088 1020 1274 1070 ratione
1297 1019 1552 1069 hominum

182 1106 371 1156 animos
404 1103 460 1154 ad
491 1103 747 1153 lec‘cionem
777 1099 980 1150 inuitent
1019 1110 1067 1146 et
1098 1095 1322 1149 alliciant3
1363 1094 1413 1144 id
1447 1093 1554 1144 sane

181 1181 259 1231 hic
282 1196 426 1246 quam
444 1177 770 1229 alieniffimum
796 1190 844 1224 et
865 1170 1209 1240 ineptiffimum
1232 1185 1375 1238 puto,
1448 1171 1555 1219 Ete-

184 1257 280 1306 nim
313 1257 418 1321 quis
455 1253 629 1321 quaeso
649 1253 714 1302 est
739 1253 795 1301 ab
819 1250 952 1301 omni
984 1247 1278 1297 humanitate
1311 1246 1371 1295 ita
1398 1262 1560 1295 remoa

187 1348 282 1393 tuS,
306 1346 356 1380 vt
375 1329 455 1380 fibi
477 1323 700 1379 Terentii
726 1325 898 1377 laudari
931 1323 1160 1374 desideret
1193 1321 1399 1383 fabulaS,
1439 1337 1557 1387 quas

189 1406 324 1474 pueri
363 1405 498 1455 auide
529 1403 722 1470 legunt,
754 1416 1050 1467 magnopere
1083 1397 1374 1447 admirantur
1398 1396 1557 1457 adulti,

190 1497 239 1533 et
263 1480 394 1530 senes
420 1478 505 1548 ipsi
525 1495 628 1530 non
650 1478 744 1529 fine
771 1492 938 1542 magna
961 1472 1106 1524 animi
1128 1472 1296 1522 laetitia
1311 1472 1557 1538 relegunt?

190 1558 335 1624 Igitur
360 1571 551 1623 agamus
573 1552 758 1620 potius,
783 1549 922 1618 quod
942 1550 1043 1601 iure
1063 1566 1087 1598 a
1114 1548 1256 1597 nobis
1278 1548 1560 1614 postulatur,

193 1646 264 1694 vt,
299 1647 441 1696 quam
469 1620 714 1679 rationem⁸
735 1629 784 1677 in
819 1626 905 1675 hac
925 1624 1147 1675 Editione
1179 1622 1384 1672 curanda
1417 1623 1560 1672 secuti

190 1707 346 1766 simuS,
374 1705 649 1772 aperiamus.
729 1702 857 1752 Cum
877 1697 1146 1765 Bibliopola
1168 1697 1279 1748 mihi
1299 1697 1562 1758 confilium,

193 1780 335 1849 quod
357 1779 537 1831 dudum
551 1777 744 1847 cepiffet
756 1776 818 1827 de
829 1773 1386 1840 LindenbrogiiEditione,
1419 1790 1561 1838 quam

194 1856 347 1907 adhuc
378 1856 610 1923 optimam
638 1869 686 1904 et
706 1852 797 1904 vsui
823 1849 1102 1901 discentium
1130 1846 1564 1899 accommodatiffi-

195 1949 320 1983 mam
342 1929 433 1981 effe
457 1948 516 1980 ex
536 1929 643 1980 viris
664 1945 823 1978 rerum
847 1926 1014 1995 peritis
1044 1924 1310 1987 audiuiffet,
1342 1925 1468 1992 typis
1492 1940 1562 1972 re-

195 2007 416 2077 petenda,
439 2005 553 2056 mihi
577 2003 887 2072 fignificaffet,
907 2000 1224 2071 petiiss'etque,
1256 2015 1306 2049 vt
1325 1999 1564 2067 exemplar

196 2102 221 2134 a
257 2083 382 2133 vitiis
414 2098 666 2149 operarum
695 2095 979 2148 purgarem,
1009 2078 1060 2126 in
1080 2075 1213 2126 suum
1239 2075 1475 2142 quodque
1497 2075 1563 2124 lo-

197 2176 311 2209 cum
333 2157 618 2225 redigerem,
642 2170 705 2219 et,
731 2156 760 2206 fi
782 2153 899 2220 quid
922 2153 1162 2212 haberem,
1184 2150 1321 2218 quod
1343 2167 1565 2200 commo·

198 2234 260 2285 de
295 2233 521 2300 accedere
555 2231 692 2300 poss'e
715 2231 1037 2289 existimarem,
1070 2226 1319 2277 adderem:
1357 2224 1565 2276 occafio—

198 2327 310 2361 nem
332 2328 355 2360 a
376 2326 455 2359 me
475 2307 673 2357 minime
695 2304 962 2373 quaesitam,
994 2301 1070 2354 sed
1093 2302 1218 2361 vltro
1243 2301 1445 2352 oblatam
1468 2300 1568 2350 Te-

182 2386 415 2449 rentium,
450 2400 597 2451 quem
620 2381 805 2450 semper
825 2379 1012 2432 summo
1043 2377 1299 2429 habueram
1322 2377 1373 2427 in
1395 2375 1571 2445 preti0,

200 2460 379 2512 edendi
415 2474 463 2510 et
495 2458 693 2509 curandi
726 2457 964 2508 dimittere
994 2454 1148 2521 nolui.
1226 2454 1386 2519 ltaque
1407 2469 1570 2502 exem-

201 2536 313 2604 plar,
340 2534 475 2602 quod
497 2535 658 2602 operis
671 2531 951 2584 tradendum
969 2545 1082 2591 erat,
1102 2527 1345 2580 Editionis
1361 2527 1570 2580 Linden-

206 2612 373 2678 brogii,
396 2628 519 2677 quae
541 2608 844 2661 Francofurti
869 2623 996 2658 anno
1027 2603 1281 2674 superioris
1313 2602 1450 2655 seculi
1480 2618 1574 2653 ter·

862 2700 886 2733 a
933 2700 960 2751 5
1504 2692 1572 2727 tio
