1815 3168
291 85 396 145 678·

659 83 820 132 ACT.
853 85 928 132 IV.
964 84 1161 133 SCEN.
1193 88 1310 138 VIII.

333 228 394 276 30
430 210 513 258 Sed
533 212 643 258 vtuti
663 210 786 259 istaec
809 212 919 266 sunt,
941 215 1100 260 cautim
1123 224 1167 261 et
1182 216 1391 280 paulatim
1416 215 1550 272 dabis,

428 288 474 334 Si
512 286 661 351 sapies.
708 285 863 340 ΜΕΝ.
906 288 1071 336 faciam.
1113 285 1218 336 CH.
1256 291 1325 339 abi
1362 294 1502 350 intro;
1548 294 1662 348 vide.

529 362 634 425 quid
655 362 857 428 postulet.

427 440 526 498 Ego
550 437 671 484 domi
693 455 783 490 ero,
808 435 838 483 fi
857 437 965 501 quid
987 455 1059 488 me
1081 439 1219 491 voles,
1255 436 1312 490 M
1331 418 1374 488 ὲ.
1410 443 1507 491 sane
1534 445 1660 494 volo:

425 517 549 561 Nam
570 523 613 560 te
637 513 840 561 scientem
860 514 1027 569 faciam,
1047 516 1256 581 quicquid
1278 532 1425 578 egero.

379 659 688 714 ACTVS
762 660 1116 720 QVINTI
1181 662 1480 720 SCENA
1538 666 1573 720 Ι.

585 750 995 794 MENEDEMvs.
1051 752 1359 796 CHREMES.

286 875 371 989 E
387 902 415 933 G
438 901 465 933 o
505 900 577 933 me
609 903 700 933 non
735 895 825 934 tam
854 885 1067 945 astutum,
1103 905 1248 956 neque
1277 893 1337 939 ita
1366 892 1657 959 perspicacem

603 958 669 1009 eff
664 978 701 1016 e,
724 971 845 1010 certo
868 962 969 1012 scio.

285 1181 406 1235 Quod
430 1181 484 1222 est
503 1183 683 1235 corporis,
703 1183 753 1223 ad
772 1184 948 1223 animum

284 1238 487 1278 transtulit.
545 1243 594 1280 Et
615 1238 663 1278 fic
682 1241 768 1292 plus
781 1239 853 1279 hoc
865 1253 949 1279 ver-

282 1294 334 1335 bo
362 1296 511 1344 intulit,
542 1309 659 1348 quam
688 1295 714 1336 {i
738 1294 947 1337 inuenifl'et

280 1352 482 1405 proprium
505 1352 700 1391 verbum.·
741 1355 786 1395 C.

338 1407 442 1460 Istius
464 1405 735 1458 obfhturabere]
763 1408 891 1448 Facile
906 1422 947 1447 e-

280 1465 341 1504 ius
352 1462 544 1503 fastidium
554 1464 700 1503 habere
711 1465 869 1514 poteris.
895 1467 940 1505 E.

340 1532 394 1572 30
423 1520 494 1558 Sed
510 1519 625 1567 vtuti]
653 1519 945 1563 V.C.Sedhaec

280 1575 350 1629 ista
371 1590 412 1616 vt
421 1576 525 1626 fimt.
585 1580 623 1617 L.

335 1635 380 1671 ln
403 1633 523 1672 vatic.
549 1635 653 1673 recle
669 1632 824 1685 legitur.
873 1632 944 1673 Sed

279 1687 370 1728 haec
394 1702 435 1727 vt
453 1701 493 1727 vt
505 1687 607 1741 fimt.
665 1692 706 1728 B.

335 1757 386 1798 31
419 1744 616 1796 postulent]
653 1747 859 1796 Tanquam
886 1746 941 1785 iu-

278 1813 344 1840 re:
386 1801 477 1852 quia
502 1801 586 1840 iure
613 1801 760 1852 aliquid
783 1800 939 1853 postula·

277 1869 369 1896 mus,
429 1858 475 1899 C.

331 1914 438 1954 Male
483 1913 599 1967 vulgo
642 1912 785 1966 legitur
820 1911 939 1967 postu-

274 1965 367 2008 lent:
417 1971 456 2008 B.

335 2038 385 2078 33
416 2024 464 2064 Te
475 2025 632 2078 fiiente]
659 2026 776 2066 Recte
784 2025 938 2077 sciente.

272 2083 378 2122 Nam
389 2081 514 2131 sciens
538 2081 602 2129 est,
621 2082 688 2132 qui
705 2081 865 2121 alicuius
883 2083 938 2121 iu-

274 2137 380 2176 dicio
403 2150 482 2176 rem
503 2135 709 2191 cognoscit.
758 2138 936 2185 Prudens,

271 2194 342 2243 qui
386 2194 651 2247 intelligentia
686 2190 751 2232 sua
788 2194 937 2245 aliquid

271 2248 397 2289 sentit.
458 2253 560 2304 Ergo
582 2249 704 2305 stiens
733 2248 787 2290 est
805 2263 878 2303 per
898 2264 936 2290 a·

273 2305 359 2344 lios.
419 2307 449 2346 C

328 2362 432 2401 Nam
458 2376 493 2402 te
508 2362 651 2413 sciente
667 2361 834 2416 fizciam]
865 2365 933 2404 Fa-

274 2418 372 2457 ciam
395 2430 434 2457 te
454 2417 622 2469 sciente,
652 2418 728 2459 hoc
745 2417 818 2468 est,
847 2432 929 2458 non

272 2484 314 2515 te
330 2475 478 2527 ignaro.
533 2479 577 2516 E.

323 2532 403 2570 Alii
430 2530 575 2570 habent
606 2531 709 2571 Nam
735 2545 770 2571 te
792 2530 931 2586 fiiente

257 2587 415 2639 ficiam.
475 2587 595 2638 Quod
615 2602 697 2630 non
716 2587 770 2629 est
780 2586 930 2643 praefe-

267 2643 446 2689 rendum,
501 2647 544 2685 B.

1569 1046 1656 1093 Sed

1052 1196 1074 1228 1
1105 1183 1200 1241 Ego,
1218 1185 1368 1226 me'non
1387 1199 1462 1226 tam
1479 1187 1654 1245 astutum]

999 1241 1106 1292 Quia
1129 1244 1207 1281 iam
1225 1242 1283 1294 {ad
1302 1242 1447 1283 exitum
1472 1257 1657 1297 properat

995 1295 1147 1347 fabula,
1179 1297 1329 1338 fallacia
1357 1299 1553 1354 detegitur
1584 1314 1656 1353 per

995 1353 1291 1403 Menedemum,
1312 1366 1352 1394 et
1369 1356 1524 1398 Cliniae
1541 1359 1673 1404 Anti·‚

995 1408 1100 1462 phila
1119 1407 1375 1462 desponsatur.
1434 1414 1481 1452 Et
1491 1412 1544 1453 est
1562 1427 1656 1466 ope-

995 1478 1060 1504 rae
1081 1466 1256 1516 pretium,
1277 1467 1412 1507 videre
1425 1466 1566 1517 senem,
1585 1471 1653 1522 qui

994 1532 1109 1561 antea
1135 1523 1347 1573 monebat,
1375 1524 1558 1579 indigere
1587 1526 1653 1565 ad-

991 1579 1224 1618 monitione.
1286 1583 1333 1620 Et
1360 1577 1470 1620 senes
1495 1579 1534 1621 se
1557 1583 1654 1622 mul-

992 1636 1039 1673 tis
1068 1635 1245 1674 ludibriis
1276 1637 1444 1675 illudunt
1480 1639 1576 1677 vltro
1603 1640 1654 1678 ci-

990 1701 1148 1742 troque,
1177 1690 1348 1744 eousque
1367 1693 1496 1732 donec
1515 1706 1651 1747 aperte

989 1747 1158 1798 loquens
1176 1748 1438 1789 Menedemus
1472 1749 1649 1798 ostendit,

987 1802 1220 1843 Bacchidem
1253 1802 1330 1844 effe
1347 1805 1582 1858 Clitiphonis
1611 1823 1649 1847 a-

989 1859 1142 1906 micam,
1162 1873 1241 1899 non
1255 1861 1421 1902 Cliniae.
1477 1861 1558 1916 Ego
1572 1863 1646 1918 me]

987 1918 1042 1955 Vt
1057 1915 1211 1955 insultat
1232 1914 1360 1966 senex,
1382 1916 1474 1957 dum
1491 1919 1646 1959 alterius

987 1970 1183 2013 stultitiam
1193 1983 1231 2011 et
1250 1972 1466 2013 tarditatem
1475 1974 1645 2014 ludibrio

987 2026 1116 2066 habet.
1197 2029 1288 2069 Non
1335 2043 1412 2070 tam
1454 2030 1643 2086 astutum]

987 2086 1095 2124 Haec
1113 2083 1326 2124 iactationis
1347 2083 1542 2127 cuiusdam
1560 2085 1644 2140 spe-

986 2139 1065 2179 cies
1097 2139 1169 2188 est,
1199 2138 1350 2194 fingere
1374 2139 1413 2182 se
1438 2155 1520 2182 non
1550 2143 1643 2195 astu-

984 2209 1062 2235 tum
1076 2209 1095 2242 ,1
1123 2194 1215 2236 dum
1237 2196 1343 2238 videt
1364 2198 1529 2239 alterum
1554 2199 1642 2240 stul-

984 2253 1138 2295 tiorem.
1194 2252 1241 2294 C.
1268 2261 1270 2263 ’

1038 2308 1121 2364 Ego
1138 2322 1193 2349 me
1214 2322 1290 2349 non
1307 2309 1403 2360 tam]
1432 2313 1540 2352 Haec
1551 2313 1640 2355 Sce-

981 2378 1037 2404 na
1063 2365 1360 2417 con³eauralem
1386 2365 1520 2407 statum
1547 2381 1641 2408 con-

981 2422 1091 2468 tinet,
1110 2422 1294 2473 qnoniam
1304 2425 1546 2476 argumentis
1558 2425 1641 2464 col·

980 2478 1122 2517 lectum
1142 2477 1215 2526 est,
1251 2479 1521 2532 Clitiphonem
1545 2481 1639 2520 ami-

981 2546 1065 2574 cam
1083 2533 1226 2574 habere
1243 2537 1500 2576 meretricem.
1550 2540 1639 2578 Hoc

973 2601 1019 2649 yt
1037 2590 1191 2644 probari
1200 2592 1323 2645 possit,
1342 2605 1570 2648 argumenta
1583 2593 1639 2631 di-

1549 2663 1636 2690 cen·
