1815 3168
331 149 431 211 416

712 141 871 187 ACT.
904 141 979 186 lv.
1014 138 1206 185 SCEN.
1235 139 1310 185 111.

465 270 566 321 ΡΗ.
601 269 761 318 Nescio
807 269 914 332 quid
947 264 1150 334 profeffio
1181 265 1350 313 absente
1380 265 1508 313 nobis
1549 266 1698 313 turba-

567 340 714 394 tum’st
739 345 873 391 domi.

468 424 636 474 Adibo.
668 419 786 475 Quid
810 417 915 482 istuc
927 420 949 464 ’ἓ
985 417 1092 481 quid
1106 415 1274 464 festinas
1287 418 1310 462 ἐ’
1347 427 1420 463 aut
1432 433 1563 480 quem
1577 433 1701 480 quae-

567 501 642 552 ris,
664 495 873 559 Pythias?

468 573 562 626 PY.
597 573 752 623 Ehem,
775 569 998 622 Phaedria,
1020 585 1103 629 ego
1129 584 1262 632 quem
1282 568 1516 631 quaeram?
1547 569 1563 613 i
1585 564 1703 626 hinc,

569 666 660 714 quo
684 647 856 708 dignus,
879 663 979 692 curn
1004 645 1130 691 donis
1154 645 1239 690 tuis
1580 645 1583 650 “

377 747 436 780 10
474 731 593 775 Tam
612 723 783 788 lepidis.
824 721 858 769 Ρ
875 739 920 768 n.
958 720 1064 785 quid
1087 718 1191 766 istuc
1214 716 1273 764 est
1294 717 1387 764 rei?

469 802 506 852 P
521 816 567 848 Y.
606 804 758 860 Rogas.
785 799 887 843 me‘?
925 796 1207 843 Eunuchum.
1225 811 1360 859 quem
1383 789 1538 841 dedisti
1561 793 1706 848 nobis,

570 892 677 941 quas
703 871 850 921 turbas
873 868 1013 922 dedit!
1033 867 1036 871 ”

391 1090 420 1132 7
438 1074 596 1127 Abfinte
615 1072 723 1114 nobis
739 1070 934 1113 turbatum
953 1070 1002 1122 est

336 1134 456 1188 domi]
494 1136 575 1173 Aut
610 1127 1001 1182 subdistinguendum

338 1191 414 1240 est,
443 1199 481 1229 et
501 1185 810 1227 subaudiendum
828 1197 903 1230 me3
935 1194 1001 1223 aut

337 1244 533 1296 ἆςχαϊσμδς
553 1242 675 1296 figura
694 1242 759 1291 est,'
776 1240 921 1292 absente
938 1254 1001 1278 no-

337 1303 395 1343 bis
415 1335 424 1352 ,
479 1314 551 1352 pro
605 1298 718 1337 nobis
765 1295 999 1336 absentibus.

336 1358 595 1412 Pomponium,
639 1354 725 1393 Sine
763 1368 853 1408 ergo
892 1352 995 1404 zstuc,

330 1413 529 1471 praesente
559 1412 690 1450 amicis
720 1412 820 1449 inter
840 1422 1001 1450 coenam.

336 1477 460 1515 Varro
482 1470 525 1509 in
550 1466 801 1517 Marcellum,
831 1465 876 1505 Id
900 1478 1005 1517 prae-

327 1529 436 1582 [ἔπιτε
458 1527 591 1581 legatis
605 1521 793 1570 omnibus,
822 1524 1002 1569 exercitu,

333 1584 569 1639 pronunciat.
658 1577 816 1632 Abfinte
868 1578 1002 1632 nobis]

337 1644 444 1684 Cum
460 1638 512 1678 fic
534 1636 638 1684 dicit,
664 1649 735 1687 pro
759 1634 1005 1687 praepositio-

339 1711 391 1737 ne
403 1696 514 1747 ponit
532 1691 692 1744 Absenti?
704 1708 718 1729 .·
744 1705 788 1731 ac
807 1691 832 1730 fi
845 1692 1004 1739 diceret,

334 1751 588 1804 C01·arn(clam
598 1764 607 1787 :
618 1747 687 1787 nifi
697 1749 805 1788 malis
817 1747 893 1786 hoe
903 1746 964 1786 sch
971 1760 1008 1786 o-

337 1812 434 1849 lium
454 1807 600 1848 referre
617 1804 666 1844 ad
691 1805 822 1844 locum
840 1808 1007 1856 Pompo·

337 1866 394 1907 nii
425 1867 483 1916 Ζ.)
515 1861 658 1901 amicis.
719 1863 769 1901 D.
859 1894 863 1897 r

394 1915 570 1971 Profea‘lo'
599 1916 743 1968 absente
778 1914 903 1968 nobis]
932 1916 1004 1955 Me

339 1975 510 2018 absente.
566 1976 610 2013 E.
836 1988 840 1991 ¹

395 2041 416 2082 8
447 2027 775 2086 Qidfistinas?]
805 2029 1002 2076 Properas,

338 2090 520 2135 turbaris,
553 2095 592 2124 et
609 2083 810 2136 trepidas?
840 2080 1005 2122 Sallusti-

339 2160 400 2193 us,
432 2141 705 2197 Festinantibus
729 2143 767 2178 iu
777 2139 926 2191 summa
949 2141 1005 2179 in-

340 2204 423 2256 opia
440 2196 626 2255 patribus.
682 2199 731 2236 D.

393 2272 419 2312 9
459 2253 584 2313 Egon’
629 2266 732 2307 quem
778 2252 1004 2307 quae‘ram?]

339 2314 459 2357 Deest
478 2323 606 2368 rogas.
663 2311 713 2349 D.

392 2370 526 2418 Ehem,
560 2365 757 2415 Phaedria]
788 2365 892 2404 Hine
910 2364 1006 2404 inci-

342 2428 400 2480 pit
432 2423 632 2466 accusatio·
692 2420 849 2461 Deinde
877 2435 1003 2461 narra-

344 2484 418 2522 tio:
466 2484 560 2522 Cum
591 2479 698 2518 donis
738 2480 823 2517 tuis.
882 2479 1003 2517 Simul

342 2554 412 2592 pro
419 2539 552 2590 pofitio
565 2551 572 2574 ε
604 2534 818 2574 Eunuchum
831 2547 936 2585 quem
948 2535 1003 2572 de-

343 2595 429 2647 dzsti
455 2594 583 2639 nobis,
611 2603 700 2643 quas
718 2589 850 2628 turbas
870 2591 1003 2630 dedit!

310 2659 327 2672 ·’
344 2653 537 2706 virginem,
559 2651 664 2702 quum
686 2644 795 2685 herne
814 2647 913 2687 miles
934 2650 1000 2687 clo-

346 2722 391 2748 tho
408 2707 566 2756 deflent,
589 2705 751 2743 uitiauit.
813 2705 854 2742 E.

1609 947 1708 993 Vir·
1750 1012 1765 1019 .-

1104 1070 1183 1112 Alii
1206 1069 1294 1110 libri
1315 1069 1481 1119 habent,
1514 1069 1576 1109 abi
1604 1069 1710 1116 hinc3

1050 1127 1128 1173 alii,
1151 1128 1182 1167 ii
1199 1127 1292 1167 hinc.
1348 1126 1425 1167 Sed
1444 1126 1653 1167 Bembinus
1674 1136 1715 1171 et

1049 1183 1173 1223 Vatic.
1190 1183 1240 1222 in'
1259 1183 1342 1223 hinc
1352 1197 1365 1231 3
1395 1182 1432 1222 h.
1454 1196 1488 1222 e.
1507 1184 1584 1223 isne
1594 1181 1706 1222 hinc?

1048 1240 1178 1282 Reee.
1229 1243 1270 1279 Β.

1108 1308 1159 1337 10
1169 1295 1248 1335 Alii
1261 1294 1589 1346 perperam,inlepi
1593 1294 1659 1332 dis.
1671 1296 1711 1333 Β.

1108 1362 1154 1392 11
1200 1350 1415 1390 Eunuchum
1449 1363 1552 1402 quem
1584 1349 1712 1400 dedisti

1050 1406 1172 1455 nobis,
1206 1419 1298 1460 quas
1326 1404 1453 1446 turbas
1480 1406 1600 1460 dedit]
1631 1409 1713 1445 Aut

1052 1465 1266 1511 ἄντίπτωσις,
1300 1473 1340 1501 vt
1364 1464 1486 1514 (Aen.
1509 1478 1552 1509 Ι,
1585 1463 1711 1515 573),

1057 1518 1190 1561 Vrbem
1209 1532 1317 1572 quam
1327 1518 1454 1570 statuo
1467 1547 1477 1565 ,
1504 1516 1621 1569 vestra
1639 1517 1712 1568 est,-

1054 1588 1118 1616 aut
1152 1589 1257 1629 quem
1283 1589 1372 1615 cum
1402 1574 1713 1627 interrogatione

1055 1632 1407 1685 pronunciandum,
1428 1641 1468 1669 vt
1485 1630 1537 1679 fit,
1559 1630 1711 1683 qualem,

1053 1688 1270 1730 Eunuchum
1297 1701 1404 1742 quem
1432 1687 1582 1741 dedisti]
1616 1686 1717 1737 Qui-

1054 1746 1144 1785 dam
1171 1746 1309 1784 volunt
1335 1758 1438 1798 quem
1463 1743 1715 1797 distinguere,

1056 1801 1158 1854 quasi
1185 1801 1288 1840 dicat
1313 1801 1478 1854 qualem:
1503 1797 1568 1838 sed
1595 1796 1714 1837 nesci-

1055 1869 1136 1905 unt,
1155 1856 1226 1896 hae
1242 1856 1366 1909 figura
1382 1857 1546 1894 multum
1561 1865 1713 1894 veteres

1053 1911 1133 1953 vsos
1153 1910 1242 1951 efl'e.
1296 1911 1514 1950 Eunuchum
1533 1911 1641 1949 enim
1665 1910 1715 1951 ad

1053 1967 1181 2019 dedisti
1206 1966 1368 2006 verbum
1396 1967 1538 2006 retulit.
1595 1968 1632 2005 N
1637 1978 1714 2005 unc

1053 2038 1150 2078 ergo
1183 2023 1288 2063 addit
1315 2035 1472 2075 propter
1496 2022 1598 2061 aliud
1619 2023 1716 2070 ἀξίω-

1052 2100 1099 2128 μα
1119 2078 1386 2120 affumendum
1407 2076 1653 2126 extrinsecus,
1680 2080 1713 2118 is

1052 2135 1274 2179 Eunuchus.
1332 2139 1432 2176 Nam
1453 2137 1606 2187 quoties
1632 2148 1712 2174 vno

1056 2194 1233 2241 nomine,
1250 2202 1316 2238 aut
1333 2193 1568 2243 pronomine
1589 2191 1716 2231 diuer-

1054 2248 1117 2290 sae
1138 2249 1409 2290 declinationis
1420 2246 1715 2295 enunciationes

1056 2304 1451 2358 comprehenduntur,
1471 2301 1628 2344 neceffe
1639 2302 1713 2353 est,

1055 2363 1159 2415 quod
1177 2361 1285 2402 alteri
1300 2362 1634 2400 accommodatum
1654 2359 1715 2407 fu·

1054 2421 1152 2468 erit,
1205 2417 1253 2457 ab
1284 2430 1287 2434 ·
1312 2418 1434 2456 altero
1481 2415 1710 2468 discrepare.

1051 2477 1171 2531 Qtem
1192 2473 1330 2524 dedssz‘,
1361 2488 1453 2528 quas
1479 2472 1628 2527 turbas]
1666 2475 1714 2511 Et

1052 2546 1156 2587 quem
1183 2542 1221 2570 et
1244 2544 1334 2583 quas
1358 2531 1407 2570 fic
1434 2531 1582 2580 accipe,
1612 2526 1713 2580 quasi

1054 2589 1207 2634 dixerit,
1234 2585 1379 2640 qualem
1399 2585 1640 2634 Eunuchum,
1675 2594 1716 2623 et

1052 2645 1171 2701 quales
1194 2643 1333 2685 turbas.
1389 2645 1441 2685 D.
1611 2694 1667 2752 2

1376 2709 1378 2714 ·
1650 2709 1716 2736 uas
