1815 3168
667 133 961 181 ANDRIA.

1397 143 1494 192 2¹9

260 261 364 313 DR.
405 257 595 327 Quern?3⁴
632 258 707 308 Sl.
744 266 936 309 Dauom.
978 255 1135 305 DAV.
1175 257 1497 320 quamobrem?

356 336 432 385 Si.
475 340 576 402 quia
604 338 741 385 lubet.
773 353 905 401 rape,
947 335 1141 396 inquam.
1181 329 1344 379 DAv.
1388 333 1496 396 quid

352 413 470 460 feci?
507 417 584 462 Sl.
621 430 740 478 rape.
792 449 796 453 ,

256 486 305 537 D
323 503 350 534 A
368 501 412 536 v.
450 490 495 536 Si
528 490 763 553 quicquam
790 487 988 533 inuenies
1011 501 1084 533 me
1103 484 1353 537 mentitum,
1382 485 1499 551 cccxi-

355 564 460 612 dito.
501 563 577 612 Sl.
618 564 729 610 nihil
750 562 896 610 audio.

257 643 358 704 Ego
380 642 466 687 iarn
489 652 532 686 te
555 650 827 687 commotum
846 636 1040 685 reddam.
1075 632 1222 682 DAv.
1255 643 1401 687 tamen
1424 630 1502 682 etsi

355 716 441 763 hoc
465 732 621 763 verum
645 714 718 762 est.
755 712 833 774 Sl.
870 724 1018 759 tamen

257 793 372 840 Cura
407 787 708 838 afferuandum
735 785 959 846 vinssum3
1007 797 1136 852 atque
1166 777 1352 852 paudin’i'
1397 800 1500 849 qua-

354 866 599 932 drupedem
625 864 927 927 constringito.

125 1065 221 1107 stare
251 1066 479 1119 abaliquo.
534 1066 616 1108 Nisi
636 1080 708 1120 prr*
734 1066 787 1106 Io·

125 1128 275 1177 quitur,
305 1124 522 1178 legendum
542 1124 605 1167 sit,
640 1123 677 1163 [μ
699 1139 702 1142 ’
724 1138 785 1162 ro·

124 1194 248 1236 gatar,
269 1177 333 1219 seu
349 1185 554 1234 quaeritur,
576 1179 640 1220 seu
659 1182 786 1233 potius

125 1240 331 1288 captatur).
388 1236 601 1291 Sublimem]
644 1237 689 1277 ld
732 1235 787 1275 est

127 1292 168 1330 in
189 1290 362 1338 sublime,
392 1306 461 1344 per
477 1293 608 1331 altum.
661 1294 789 1347 Qan-

126 1361 205 1387 tum
221 1348 344 1401 potes]
376 1350 462 1386 Hoc
481 1346 544 1395 est,
565 1346 787 1387 celerrime:

128 1404 219 1454 quia
239 1401 434 1456 segniores
450 1400 489 1445 se
503 1402 709 1443 ostendunt
718 1399 789 1442 ser-

126 1459 168 1497 ui
215 1459 262 1497 ad
303 1458 524 1511 puniendos
569 1458 788 1498 collibertos

126 1516 239 1568 (lege
261 1515 487 1567 cousin-uos),
513 1510 656 1554 scilicet
680 1528 790 1553 mora

127 1573 283 1609 veniam
319 1581 514 1622 captantes
548 1570 791 1623 indignanti-

127 1639 196 1664 um
215 1627 485 1665 Dominorum.
540 1627 589 1665 D.

181 1693 232 1722 21
280 1681 382 1735 Quia
409 1680 528 1736 lubet]
567 1684 655 1721 Hoc
683 1678 793 1719 sensu

129 1748 170 1777 et
188 1735 295 1788 supra
313 1738 456 1777 dierum
479 1737 553 1776 est:
585 1739 663 1776 Aut
681 1736 724 1788 si
749 1735 794 1774 li·

129 1792 248 1832 bitum
273 1794 423 1846 fuerit‚
471 1792 616 1846 caufizm
645 1794 792 1845 ceperit,

130 1863 203 1903 quo
223 1852 313 1897 iure,
339 1862 480 1903 quaque
502 1851 652 1889 iniuria.
690 1848 793 1903 Qia

129 1904 246 1959 lubet]
285 1908 396 1945 Dauo
419 1905 524 1945 dicit.
581 1907 704 1959 Rape,
737 1907 794 1944 in-

131 1962 258 2016 quam]
288 1964 376 2001 Hoc
395 1961 601 2001 Dromoni.
654 1964 704 2001 D.

187 2029 238 2059 22
275 2017 318 2056 Si
356 2020 552 2072 quicquam
597 2018 794 2057 mentitum

132 2075 308 2118 inundes,
332 2074 509 2128 occidito]
541 2074 615 2114 Hic
635 2074 718 2126 plus
739 2074 795 2112 di-

133 2131 204 2170 xit.
259 2129 335 2171 Vbi
364 2131 472 2169 enim
503 2128 656 2170 verbera
686 2127 796 2181 supra

135 2185 261 2225 dixit:
305 2199 411 2225 nunc
454 2186 614 2225 occidito
653 2186 796 2236 (Atqui

133 2243 267 2282 Dauus
285 2242 328 2280 in
351 2253 430 2281 tota
444 2241 571 2282 sabula
590 2241 630 2281 id
648 2255 730 2281 non
742 2241 798 2280 di-

137 2299 202 2337 xit.
241 2298 359 2351 Igitur
375 2299 563 2338 memoria
581 2296 704 2350 lapsus
713 2300 795 2338 Do-

138 2365 247 2393 natus
277 2354 448 2404 videtur,
477 2353 545 2393 nifi
574 2355 704 2393 animo
729 2352 796 2392 ob-

139 2407 309 2449 uersatae
337 2408 424 2450 sunt
449 2411 620 2450 Simonis
650 2410 794 2459 minae,

138 2463 249 2516 supra
273 2478 301 2512 1,
332 2478 370 2514 2,
392 2470 486 2516 28.).
543 2468 593 2510 D.

194 2533 244 2574 23
279 2522 526 2576 commotum]
558 2523 711 2568 eitum,
739 2533 799 2560 ce·

139 2577 261 2615 ierem
286 2578 462 2627 (Donato
498 2578 703 2631 indignam
735 2591 800 2617 ex-

138 2633 390 2684 plicationem
411 2633 511 2676 hanc
529 2631 800 2680 censetDacie-

1433 949 1501 998 ις

835 1067 902 1114 ria,
930 1078 1019 1105 cum
1038 1075 1258 1104 commotum
1267 1061 1418 1103 reddere
1435 1059 1506 1100 hic

835 1122 888 1171 fit,
903 1134 1137 1170 commouere,
1165 1125 1322 1165 διακινεῒν,
1346 1118 1412 1157 seu
1422 1130 1506 1158 ver·

837 1177 987 1218 heribus
1007 1177 1164 1216 caedere.
1186 1179 1261 1228 Z.).
1316 1178 1365 1215 D.

899 1232 1110 1284 Tamenetfi'
1121 1232 1187 1271 hoc
1208 1245 1347 1272 verum.
1369 1230 1404 1269 S.
1431 1228 1507 1269 Ta·

836 1290 937 1343 men]
968 1291 1011 1328 in
1032 1300 1121 1328 vett.
1132 1287 1226 1326 libb.
1239 1283 1430 1337 tamenetfi
1435 1285 1504 1324 hoc

836 1358 964 1385 verum
988 1345 1048 1398 eft.
1078 1344 1114 1384 S.
1157 1343 1310 1387 audiri?
1346 1342 1506 1397 quadru-

834 1401 979 1456 pedem.
1036 1401 1077 1439 L.

892 1455 979 1497 Post
999 1467 1120 1494 tamen
1145 1454 1187 1492 in
1206 1452 1286 1494 fine
1305 1452 1358 1492 est
1379 1452 1507 1492 distin-

842 1511 1057 1566 guendum,
1070 1521 1108 1548 vt
1118 1509 1165 1549 ad
1175 1511 1277 1551 Daui
1290 1511 1508 1562 interroga-

840 1572 993 1608 tionem
1021 1564 1217 1606 referatur.
1275 1568 1317 1605 Β.

899 1636 953 1675 24
980 1620 1284 1675 Qadrupedem]
1306 1624 1448 1662 Vtrum
1461 1620 1509 1659 li-

844 1689 1000 1732 gaturae
1022 1689 1146 1730 genus
1165 1676 1213 1715 fic
1240 1675 1396 1726 dicitur,
1421 1690 1508 1728 qua-

844 1734 996 1786 drupes?
1020 1746 1069 1772 an
1083 1731 1388 1784 quadrupedem,
1399 1743 1436 1770 vt
1447 1731 1507 1770 fe·

845 1793 951 1830 ram?
980 1803 1030 1828 an
1051 1787 1362 1839 quadrupedem,
1389 1787 1430 1826 id
1451 1786 1508 1826 est

844 1860 931 1887 cum
962 1843 1127 1897 pedibus
1157 1854 1198 1883 et
1219 1843 1424 1884 manibus?
1454 1857 1508 1883 an

844 1900 1220 1955 quadrupedem‚pro
1231 1913 1342 1940 ceruo
1355 1913 1398 1938 ac
1407 1898 1508 1953 fugi·
1536 1900 1541 1904 ’

842 1961 924 1998 tiuo
954 1954 1103 2009 posuit?
1134 1957 1197 1996 Sic
1219 1956 1359 2011 Virgil.
1378 1958 1506 2008 (Aen.

842 2027 937 2063 vn,
965 2014 1078 2065 500.)
1108 2011 1259 2051 Saucius
1284 2024 1325 2052 at
1346 2013 1508 2065 quadru-

841 2084 904 2124 pes
944 2082 1036 2108 nota
1075 2070 1179 2108 intra
1216 2069 1309 2108 testa
1350 2069 1506 2123 refugit.

844 2123 1128 2180 Constringito]
1175 2125 1289 2166 Mire.
1327 2137 1381 2163 ne
1409 2124 1508 2177 quid

845 2182 911 2223 fiat
936 2182 1123 2234 tragicum
1141 2180 1184 2218 in
1205 2179 1429 2229 comoedia,
1454 2177 1510 2220 vs·

846 2252 925 2291 que
941 2236 989 2276 ad
1007 2236 1159 2274 vincula
1175 2236 1230 2276 ira
1240 2236 1507 2290 progreditur:

845 2307 922 2334 nec
957 2293 1164 2344 quicquam
1196 2303 1319 2332 tentat
1353 2293 1508 2332 vlterius

845 2354 1042 2404 (Vterque
1062 2347 1162 2386 liber
1180 2348 1295 2401 legit:
1320 2363 1384 2388 nec
1404 2351 1508 2403 quic-

845 2419 955 2460 quam
973 2417 1103 2453 tentat,
1122 2417 1168 2442 ne
1186 2417 1366 2458 quoquam
1379 2405 1507 2446 tendat

845 2463 1031 2513 viter-ius).
1092 2464 1142 2502 D.

905 2515 1208 2571 [Qadrupedem
1231 2514 1507 2571 constringito]

847 2577 935 2616 Hoc
954 2573 1019 2622 est,
1039 2573 1089 2612 ita
1109 2585 1199 2612 eum
1217 2574 1275 2624 (et
1293 2572 1439 2625 nodis),
1467 2583 1508 2612 et

848 2631 1012 2673 vinculis
1031 2629 1227 2683 colligato,
1245 2639 1284 2670 vt
1293 2630 1511 2683 quadrupe·

1416 2687 1506 2724 dem
