1815 3168
314 141 412 192 408

714 134 873 180 ACT.
911 133 988 179 lv.
1023 132 1218 177 SCEN.
1265 133 1295 177 I.

456 263 533 308 Ne
561 277 690 324 quam
714 261 783 308 ille
807 260 940 307 hodie
965 260 1136 306 insanus
1163 258 1335 307 turbam
1355 259 1493 314 faciat,
1514 261 1689 309 autvim

557 341 603 383 T
606 337 739 382 haidi.

459 416 580 459 Nam
612 411 839 476 postquam
874 409 949 457 iste
977 410 1156 458 aduenit
1191 411 1400 459 Chremes
1434 411 1690 466 adolescens,

552 488 690 533 *fiatei
713 489 908 548 virginis,

459 565 653 610 Militem
676 575 824 623 rogat,
860 574 905 610 vt
936 562 1060 609 illum
1091 561 1258 608 admitti
1292 562 1455 615 iubeat.
1489 562 1562 609 ille
1592 580 1694 610 con-

564 641 689 685 tinuo
713 639 829 684 irasci
845 657 854 684 ε

403 733 428 779 5
466 719 630 778 Neque
662 732 820 775 negare
846 714 1020 760 audere.

562 791 791 837 hominem
813 793 983 837 inuitet.

333 1008 602 1063 quaestionem
615 1023 627 1057 3
647 1008 736 1049 ideo
746 1008 896 1057 adiecit,
909 1022 991 1048 con-

333 1069 438 1106 zinuo
474 1066 596 1116 irafii.
651 1065 814 1105 Deinde
853 1078 991 1117 expur-

334 1134 401 1176 gat
419 1120 636 1161 Thaidem:
664 1120 904 1171 Idfizciebat,
933 1122 992 1160 in-

332 1179 430 1229 quit,
452 1177 636 1217 retinendi
654 1176 749 1218 illius
765 1177 885 1228 caustz,
906 1179 992 1230 quia

333 1237 407 1281 illa,
427 1247 517 1287 quae
536 1232 722 1285 cupiebat,
754 1234 795 1272 de
805 1235 941 1283 Jbrore
961 1248 993 1272 e-

337 1294 395 1329 ius
414 1292 589 1336 indicare,
609 1291 658 1328 ad
673 1304 749 1329 eam
765 1303 841 1328 rem
854 1302 994 1341 tempus

335 1360 412 1386 non
432 1360 524 1385 erat.
581 1345 788 1386 Concludit
806 1345 992 1395 quaestio·

336 1415 455 1441 nem:
497 1401 611 1441 Miles
643 1415 732 1440 vero
752 1412 889 1453 putare
916 1399 994 1452 fibi

335 1459 529 1498 adduci-‘um
555 1470 642 1497 ante
661 1459 783 1497 oculos
802 1457 995 1497 aemulum.

335 1518 384 1555 Et
415 1515 600 1565 quoniam
628 1515 669 1552 in
700 1514 920 1553 conieetura
941 1512 996 1552 fa-

338 1571 397 1609 &a
430 1572 492 1609 vel
529 1570 627 1609 dieta
666 1567 772 1616 sunt,
819 1582 868 1608 ex
915 1571 998 1621 qui-

337 1627 410 1666 bus
456 1624 617 1679 suspicio
667 1626 863 1679 colligitur
881 1657 891 1675 ‚
944 1624 998 1665 fa-

340 1684 399 1722 &a
415 1681 464 1721 fic
475 1685 606 1733 ponit:
638 1682 905 1734 Voluitfitcere
916 1695 998 1722 con·

339 1753 400 1779 tra
421 1739 506 1777 huic
531 1753 651 1803 aegre.
703 1738 860 1779 Deinde
883 1738 998 1785 dicit3

338 1796 484 1841 Heus,
475 1797 612 1846 inquit,
639 1807 740 1846 puer,
761 1795 998 1851 Pamphilam

341 1850 481 1902 arccffe‚
501 1852 705 1890 υτιίείεεέει
724 1842 783 1890 hi‘c
801 1864 875 1891 nos.
914 1854 1000 1892 Me-

340 1920 425 1946 moi
444 1906 496 1946 est
513 1907 621 1944 miles
632 1917 925 1958 praeceptorum
939 1921 1002 1958 pa-

340 1963 453 2008 rafiti,
473 1976 556 2001 cum
579 1960 740 2010 dixisset,
769 1963 1002 2017 Purgon'me

342 2021 387 2060 de
408 2018 520 2070 isthac
544 2018 701 2066 Thaidi,
704 2022 708 2025 “
738 2019 834 2072 quod
853 2031 930 2057 eam
948 2031 1003 2056 me

342 2090 469 2116 amare
496 2073 744 2127 sitspicatur?
791 2072 1004 2125 respondet

342 2133 481 2172 militi:
523 2135 600 2171 Imo
628 2144 723 2186 auge
747 2132 863 2185 magis
882 2130 1003 2184 ficspi-

344 2193 504 2234 cionem3
525 2187 758 2239 stlaudubzt
788 2187 872 2226 haec
906 2186 1003 2225 illius

333 2250 518 2300 foi-‚mam
531 2253 579 2284 t'u
599 2243 706 2284 huius
719 2257 862 2282 contra.
896 2244 1006 2284 Con-

346 2301 535 2344 cluditur:
577 2300 695 2351 Quod
734 2310 855 2352 negat
883 2312 1006 2338 mere-

345 2360 427 2402 trix,
448 2355 529 2408 ipl'e
548 2354 776 2407 perseuerat.
835 2357 927 2394 Inde
955 2355 1007 2394 ad

344 2416 516 2469 iurgium,
539 2414 679 2465 inquit,
707 2412 783 2452 hoc
805 2412 871 2462 est,
892 2411 942 2451 ad
962 2412 1005 2451 li-

345 2484 435 2512 tem.
492 2473 536 2510 E.

399 2582 640 2629 particulam,
662 2579 757 2627 hene,
769 2578 1006 2620 eiiciendam

344 2650 449 2692 puto.
473 2639 562 2690 quia
575 2651 595 2676 a
615 2637 734 2677 tribus
746 2635 880 2678 nostris
893 2636 1004 2678 codd.

1096 713 1237 761 Thais
1261 730 1398 779 porro
1430 712 1610 768 instare,
1648 723 1697 762 vt

1645 863 1700 913 Id

1039 1010 1145 1051 abest
1179 1020 1219 1050 et
1247 1010 1336 1051 edd.
1366 1021 1456 1051 vett.
1483 1012 1700 1062 itemque'a

1039 1068 1173 1108 Bemb.
1205 1078 1245 1106 et
1270 1065 1467 1119 plerisque
1499 1067 1635 1107 Faerni
1660 1066 1701 1105 li-

1039 1123 1118 1163 bris
1134 1125 1315 1163 Terentii
1332 1136 1370 1164 et
1388 1125 1544 1165 Donati.
1601 1125 1643 1162 Β.

1096 1193 1124 1222 2
1152 1181 1213 1219 Ne
1246 1194 1354 1233 quam
1386 1180 1443 1218 ille
1471 1180 1578 1219 hodie
1606 1177 1705 1228 infit·

1044 1237 1130 1291 nus]
1169 1236 1289 1285 Illum,
1311 1248 1350 1275 et
1367 1236 1433 1275 Ille
1451 1238 1622 1286 insanus,
1653 1234 1703 1273 iic

1044 1292 1221 1339 efiQemu
1257 1303 1296 1330 vt
1327 1291 1508 1331 omnibus
1536 1293 1704 1341 (omnino

1041 1351 1103 1400 Z.)
1131 1346 1297 1388 insuauis
1323 1349 1436 1388 miles
1468 1345 1546 1386 esse
1578 1344 1707 1387 nosca-

1046 1416 1118 1447 tur.
1178 1404 1228 1444 D.

1098 1471 1123 1512 3
1164 1458 1267 1500 Nam
1292 1457 1478 1512 postquam
1506 1459 1568 1511 {sle
1596 1458 1709 1498 adue-

1045 1517 1123 1571 nit]
1153 1516 1352 1564 {Instanter
1388 1517 1428 1566 (i.
1467 1529 1500 1555 e.
1536 1515 1709 1568 pluribus

1046 1572 1187 1613 verbis.
1244 1570 1322 1612 Nifi
1342 1573 1450 1611 malis
1470 1573 1616 1626 legere,
1652 1574 1709 1610 in-

1048 1631 1232 1682 cidenter)
1245 1628 1432 1667 admonet
1442 1658 1453 1677 ,
1483 1630 1550 1681 qui
1566 1626 1711 1668 scilicet

1046 1685 1089 1725 fit
1108 1687 1318 1726 {Chremes
1375 1687 1424 1725 D.

1101 1745 1281 1790 Nomen,
1323 1740 1521 1789 Chremes,
1565 1742 1709 1790 exulet,

1050 1799 1159 1851 quod
1181 1814 1203 1838 a
1222 1796 1335 1837 codd.
1350 1796 1573 1849 quibusdam
1594 1797 1709 1845 abest,

1052 1866 1093 1894 et
1111 1853 1302 1894 sententia
1312 1867 1393 1892 non
1406 1852 1576 1904 requirit.
1605 1856 1712 1892 Tum

1051 1924 1123 1963 pro
1142 1911 1295 1949 aduenit
1314 1906 1437 1947 versus
1456 1908 1620 1961 postulat
1646 1909 1711 1948 ad-

1049 1979 1213 2006 uenerat.
1273 1967 1316 2005 B.

1106 2034 1135 2075 4
1162 2021 1331 2061 Militem
1369 2020 1501 2075 rogat]
1557 2024 1606 2062 Et
1634 2020 1714 2060 hoe

1052 2077 1153 2128 quali
1173 2076 1224 2116 de
1243 2074 1373 2116 odioso
1403 2078 1471 2129 (Et
1489 2075 1547 2115 hic
1568 2089 1713 2130 quoque

1042 2133 1143 2185 satis
1168 2131 1294 2185 odiofi»
1321 2135 1379 2185 Z.)
1410 2131 1577 2174 Militem
1605 2132 1712 2181 dixit,

1053 2203 1137 2229 non
1170 2189 1440 2241 Thrasonem.
1463 2190 1651 2229 Continuo
1683 2191 1714 2226 i-

1054 2246 1168 2301 rasci]
1197 2247 1248 2286 Vt
1271 2245 1392 2285 riuali.
1445 2248 1495 2286 D.

1109 2314 1133 2367 5
1167 2302 1296 2355 Neque
1324 2315 1456 2356 negare
1477 2300 1628 2355 andere]
1659 2302 1715 2340 Vt

1054 2359 1202 2398 amicae
1235 2335 1421 2410 poscenti.
1479 2356 1633 2409 Inflare,
1669 2370 1713 2396 vt

1053 2415 1232 2455 bominem
1262 2414 1418 2468 inuitet]
1457 2414 1560 2454 Vide
1588 2414 1714 2465 impu-

1054 2470 1227 2510 dentiam
1252 2470 1477 2510 meretricis.
1544 2471 1712 2509 Primum

1053 2528 1151 2579 petit
1182 2537 1221 2565 vt
1253 2526 1385 2566 iubeat
1417 2540 1507 2568 eum
1542 2525 1713 2564 admitti:

1055 2583 1198 2678 posteaI
1211 2592 1249 2621 vt
1281 2584 1431 2634 inuitet,
1453 2581 1559 2636 qu'od
1569 2581 1622 2621 est
1633 2594 1713 2621 ma·

1054 2640 1126 2680 ius.
1195 2639 1231 2679 ).
