1815 3168
599 85 1010 135 EVNVCHV80

1377 87 1467 148 361

228 211 468 272 -Iugularas
493 210 737 258 hominem.
761 212 864 275 quid
886 210 990 257 ille?
1029 204 1079 255 T
1095 228 1142 256 Η.
1174 221 1321 259 mutus
1355 212 1472 259 ilico.

245 282 361 333 GN.
411 286 579 340 Quidni
615 284 753 333 effet?
801 284 949 334 PAR.
1000 287 1062 333 Di
1104 284 1286 333 vestram
1315 285 1474 340 fidem!

342 361 570 408 hominem
590 362 815 428 perditum

241 436 565 499 Miserumque‚
606 448 648 484 et
677 438 802 484 illum
837 436 1106 497 sacrilegum.
1139 432 1255 486 Ta.
1289 436 1396 500 quid
1419 437 1472 486 il-

342 511 432 564 lud,
459 513 653 566 Gnatho,

140 588 215 649 '30
252 590 357 640 Quo
379 584 508 651 pasto
530 588 753 635 Rhodium
774 589 995 648 tetigerim
1015 589 1072 642 in*
1086 590 1309 641 conuiuio,

242 665 491 725 Nunquam
520 662 600 710 tibi
634 662 752 709 dixi?
788 659 906 709 GN.
945 677 1198 727 nunquam:
1232 664 1304 711 sed
1330 660 1476 719 narraj

340 737 529 784 obsecro.

238 811 340 860 Plus
363 814 503 860 milies
518 812 685 861 audiui.
725 808 775 862 T
789 833 838 862 H·
874 831 958 863 vna
985 815 1033 861 in
1053 815 1267 863 conuiuio

106 1011 233 1054 facete
263 1012 407 1068 difium
435 1013 501 1053 est.
563 1015 768 1057 Sfffficeret

109 1070 219 1108 enim
245 1069 420 1122 pulchre,
453 1070 559 1122 quod
588 1072 643 1112 est
660 1072 768 1126 filpi-

108 1139 224 1164 enter.
281 1128 332 1167 D.

162 1192 217 1232 27
245 1181 443 1235 Iugularas
460 1182 659 1238 hominem]
684 1185 768 1225 Pul·

109 1236 201 1275 chre
227 1238 350 1290 tangit
367 1239 539 1285 militem
571 1240 768 1294 Iugularas

111 1291 289 1339 dicendo,
315 1306 411 1338 non,
431 1294 633 1335 occideras:
664 1295 765 1346 qnafi

108 1347 253 1401 gladio,
266 1361 346 1386 non
362 1348 482 1387 verbo
495 1347 580 1389 vsus
592 1350 646 1389 fit.
676 1351 768 1389 Mu-

111 1416 174 1443 tus
197 1403 302 1457 ilico]
333 1406 431 1443 Tam
451 1404 524 1443 hoc
535 1405 690 1445 stultum
702 1405 767 1454 est,

111 1473 226 1510 quam
254 1460 279 1499 fi
307 1460 477 1509 diceret,
517 1461 639 1501 statim
659 1462 768 1500 nihil.

109 1516 225 1556 Re‘ste
251 1526 379 1554 autem
409 1515 576 1566 diceret,
612 1517 674 1555 Ex
705 1516 767 1556 illo

109 1581 232 1611 mutus
251 1572 347 1622 ficit.
407 1573 506 1611 Tale
524 1572 578 1612 est
606 1584 646 1612 et
659 1573 767 1622 illud,

111 1627 242 1667 Tacere
250 1626 418 1679 festinat.
477 1630 527 1668 D.

166 1690 218 1731 28
248 1682 392 1736 Quidni
410 1683 508 1738 effi’t]
537 1686 623 1724 Hoc
644 1684 708 1734 est,
729 1694 769 1724 vt

110 1736 233 1791 posset
255 1737 349 1786 effe,
378 1740 578 1792 iugularas.
635 1741 767 1780 Homi-

111 1809 190 1834 nem
207 1796 412 1849 perditum]
442 1795 570 1844 Deest,
594 1811 640 1835 o:
667 1796 770 1847 vtfit,

113 1865 137 1890 o
156 1850 378 1890 hominem!
413 1848 478 1890 sed
498 1852 545 1890 fic
563 1853 702 1892 melius
716 1851 772 1892 so-

111 1918 200 1946 nat:
228 1908 385 1946 maioris
403 1908 510 1946 enim
528 1907 692 1960 stuporis
705 1908 768 1957 est,

111 1962 187 2002 hoe
214 1963 331 2002 modo
353 1965 664 2014 pronunciatum.
694 1965 770 2004 Ho-

111 2021 244 2058 minem
264 2021 449 2072 perditum
470 2020 711 2074 miserumque
732 2035 769 2063 et

102 2074 343 2130 Jhcrilegum]
371 2075 475 2115 Vide
494 2088 683 2127 quantum
702 2077 769 2117 ad-

115 2130 267 2181 diderit,
290 2132 355 2183 qui
374 2144 456 2171 non
474 2131 677 2173 hominem
687 2132 770 2172 fim-

115 2187 276 2239 pliciter‚
304 2185 369 2226 sed
382 2188 581 2240 perditum,
613 2199 651 2228 et
670 2188 770 2241 mfi-

115 2256 197 2280 rum
225 2241 350 2282 illum.-
386 2256 462 2282 nec
501 2245 666 2294 malum,
705 2242 774 2284 sed

106 2297 331 2352 fizcrilcgum
349 2298 499 2338 dixerit.
555 2302 604 2339 D.

173 2353 316 2407 Quidni
333 2354 465 2409 effit3]
495 2355 670 2396 Dubium
690 2370 775 2396 non

119 2409 184 2455 est,
207 2410 301 2460 quin
319 2421 443 2449 mutus
465 2412 653 2451 existeret.
690 2416 732 2453 E.

176 2478 228 2517 29
257 2465 508 2520 Miserumque
534 2482 568 2507 et
588 2466 689 2507 illum
706 2468 773 2521 fit-

118 2520 308 2575 crz'legum]
338 2522 404 2561 Mi
421 2536 520 2562 erum
547 2524 643 2563 dixit
670 2526 771 2564 mili-

120 2587 227 2616 tem:
262 2576 487 2632 sacrilegum
505 2611 518 2634 ,
558 2580 770 2633 parafimm,

1367 894 1474 939 Erae

816 1017 905 1068 quia
926 1016 956 1054 is
976 1014 1158 1054 laudabat
1174 1015 1349 1056 militem.
1393 1015 1477 1055 Me-

817 1071 975 1125 hercule]
1010 1071 1129 1122 Quod
1155 1072 1287 1123 vtique
1310 1067 1402 1110 falso
1419 1071 1476 1109 iu-

816 1130 926 1168 rauit.
981 1130 1023 1167 E.
1451 1138 1454 1139 ’

869 1197 923 1237 30
952 1183 1167 1237 Tetigerim]
1193 1178 1375 1230 Luserim,
1392 1179 1479 1221 fati-

817 1239 1005 1292 gauerim.
1060 1241 1160 1278 Nam
1182 1239 1361 1292 Tangere,
1388 1251 1478 1277 cum

817 1296 956 1342 multa,
989 1305 1070 1332 tum
1098 1293 1216 1333 etiam
1234 1293 1309 1332 hoc
1334 1292 1477 1347 fignifi-

818 1358 887 1388 cat.
944 1354 996 1391 D.

874 1405 1062 1444 Rhodium
1082 1404 1281 1458 tetigerim]
1307 1407 1394 1445 Hoc
1411 1405 1478 1455 est,

821 1459 1150 1512 quemadmodum
1169 1472 1241 1510 per
1260 1461 1389 1499 iocum
1400 1475 1479 1501 ma-

819 1518 858 1557 le
885 1516 1124 1557 traRauerim
1153 1527 1272 1567 atque
1301 1515 1481 1566 pulsaue-

819 1574 903 1612 rim.
962 1575 1006 1611 Ε.

873 1627 1044 1667 Rhodum
1072 1624 1272 1680 tetigerim]
1307 1628 1479 1678 Turpili-

817 1694 881 1723 us:
914 1684 1015 1738 Qia
1034 1693 1068 1721 te
1086 1683 1224 1721 talento
1251 1686 1402 1737 argenti
1427 1697 1480 1724 te-

821 1741 905 1794 tigi.
935 1740 1055 1779 Plaut.
1076 1736 1211 1776 Pseud.
1228 1750 1284 1787 IV,
1300 1746 1334 1788 8,
1350 1750 1383 1781 1.
1411 1740 1482 1780 Be-

819 1809 864 1835 ne
881 1808 947 1849 ego
968 1793 1070 1833 illum
1093 1794 1212 1846 tetigi.
1267 1795 1311 1833 L.

874 1863 925 1904 31
960 1850 1175 1901 Nunquam,
1185 1847 1259 1899 fid
1266 1863 1398 1900 narra,
1419 1850 1483 1890 ob-

805 1906 937 1959 ficro]
968 1905 1121 1946 Callide
1159 1904 1336 1955 pai-afitus
1367 1907 1480 1948 intel-

817 1963 905 2016 ligit
922 1961 970 2001 ad
990 1960 1063 2000 hoc
1084 1959 1123 2000 se
1134 1961 1423 2015 interrogatum,
1442 1974 1483 2004 vt

818 2019 954 2059 audire
972 2017 1148 2070 postulet⁶
1206 2020 1257 2059 D.

877 2075 1087 2127 Nunquam
1108 2070 1179 2111 tibi
1206 2073 1308 2112 refi'te
1329 2072 1480 2115 habent

820 2144 958 2171 omnes
987 2129 1124 2169 Faerni
1161 2137 1198 2167 et
1224 2128 1342 2168 nostri
1373 2130 1478 2181 libri,

821 2197 976 2238 praeter
993 2195 1081 2232 treS,
1106 2183 1173 2235 qui
1191 2182 1338 2224 habent
1357 2185 1480 2227 Num-

823 2243 917 2295 quid
934 2241 1016 2288 tibi.
1071 2242 1113 2280 Β.

877 2310 932 2352 32
965 2297 1053 2337 Plus
1081 2294 1215 2337 millies
1238 2297 1313 2335 iam
1331 2297 1480 2353 audiui]

827 2352 1012 2401 ὑπερβολὴ
1046 2361 1112 2391 aut
1138 2349 1380 2403 superfutura
1399 2355 1420 2377 *³
1444 2367 1484 2394 vt

821 2421 1031 2461 aequatur:
1061 2417 1126 2446 aut
1145 2405 1325 2456 subiacet,
1349 2420 1388 2448 vt
1401 2421 1483 2455 tan:

822 2476 903 2505 tum
925 2479 1004 2504 non
1029 2463 1169 2502 millies
1191 2466 1380 2504 conuenit
1397 2465 1482 2506 stul-

821 2533 904 2561 tum
939 2519 1111 2560 eundem
1145 2530 1183 2559 et
1208 2521 1479 2561 immemorem

821 2576 920 2629 effe,
959 2591 1034 2629 qua
1066 2585 1107 2615 et
1134 2576 1397 2632 intelligentia
1427 2578 1480 2617 est

927 2638 959 2677 Z
990 2647 1021 2689 3
1341 2634 1481 2687 (Locus
