1815 3168
340 166 436 220 458

724 161 879 207 ACT.
911 162 981 207 IV.
1023 152 1218 208 SCEN.
1251 163 1340 208 VII.

477 288 645 335 Siccine
667 290 791 351 agis?
827 286 988 335 TH'R.
1027 291 1123 351 quis
1147 299 1195 336 tu
1228 289 1365 336 homo
1389 285 1469 337 es?
1505 289 1612 352 quid
1634 290 1715 340 tibi

578 360 677 415 vis?
712 364 817 426 quid
844 380 944 409 cum
966 363 1037 409 illa
1061 367 1125 410 rei
1152 364 1232 411 tibi
1252 363 1346 411 est?

383 453 443 503 35
483 436 582 487 CH.
603 438 762 485 Scibis:
797 440 1017 503 principio
1031 456 1124 485 eam
1135 436 1217 485 effe
1232 440 1328 487 dico
1350 439 1544 489 liberam.
1575 436 1712 489 THR-

577 515 707 564 hem!
747 509 841 560 CH.
862 515 1005 559 ciuem
1030 517 1233 561 Atticam.
1270 509 1403 560 THR.
1437 515 1538 562 hui!

479 585 524 636 C
540 607 588 635 H.
625 592 774 635 Meam
795 588 1001 636 sororem.
1037 587 1132 636 TH
1148 603 1193 638 R.
1230 607 1278 638 os
1303 590 1484 637 durum!
1509 586 1605 638 Cu.
1627 594 1708 639 mi-

573 664 650 717 leS,
673 681 792 713 nunc
815 664 923 713 adeo
947 663 1070 713 edico
1091 665 1186 720 tibi,

392 876 448 920 34
477 864 575 919 Qis
601 879 642 906 tu
670 865 777 906 homo
807 868 872 908 es?
910 868 1003 922 quid

339 920 413 961 tihi
439 921 554 976 vis⁸3]
601 922 857 969 Ε’πιτςοχασμδς
890 927 1000 976 (περι-

337 977 545 1023 πλοκασμός,
575 977 664 1017 edd.
692 981 851 1030 Vener.)
876 979 997 1032 figura

339 1032 406 1079 est.
428 1032 489 1071 vbi
506 1034 626 1071 multa
645 1033 998 1075 terribiliterinter-

340 1099 547 1137 rogantur:
578 1099 615 1127 vt
634 1090 754 1139 (Aen.
774 1102 838 1138 lx,
869 1092 996 1143 376),

339 1143 444 1181 State
481 1145 580 1192 viri,
632 1158 721 1197 quae
756 1145 863 1196 causti
892 1149 999 1188 viae?

340 1202 455 1252 quiue
475 1199 553 1251 estis
571 1202 611 1238 in
629 1202 768 1241 armis?
796 1205 930 1259 Qtoue
946 1216 998 1243 te-

338 1257 435 1296 netis
453 1255 549 1299 iter?
605 1258 654 1297 D.

388 1311 527 1350 Siccine
553 1310 668 1368 agis?
698 1310 771 1354 Ms.
800 1316 843 1354 R.
874 1313 936 1353 Sic
956 1329 997 1355 a-

332 1367 419 1424 gis?
476 1371 517 1408 L.

395 1434 447 1476 35
485 1422 619 1469 Scibis]
657 1426 746 1464 Non
778 1422 998 1477 obsequen-

336 1489 407 1528 ter,
432 1478 496 1519 sed
515 1479 677 1533 figurate
697 1481 839 1521 dreitur
856 1482 903 1521 ab
925 1484 996 1521 ira-

335 1545 388 1574 to.
446 1534 577 1587 Scibis]
614 1540 661 1576 Et
674 1536 795 1587 fiies,
826 1549 867 1577 et
881 1537 997 1589 fiibis

336 1591 475 1630 dicitur
492 1593 574 1643 post
590 1592 884 1645 produffionem
901 1597 993 1647 (pro

330 1648 585 1699 pmdufflone,
609 1649 707 1689 edd.
730 1651 901 1703 Vener.)
924 1661 996 1689 ter-

333 1705 411 1742 tiae
443 1705 741 1758 coniugationis.
801 1707 993 1759 Principio

335 1773 413 1797 eam
434 1759 495 1811 ff
514 1762 592 1799 dico
613 1761 784 1816 liberam]
818 1764 909 1814 Quo
927 1764 996 1803 tol-

331 1816 437 1863 litur,
457 1817 574 1855 Tuam
591 1819 719 1857 videri.
779 1820 992 1874 Principio]

330 1872 379 1910 ln
400 1871 468 1910 tria
487 1872 611 1911 diuisit
631 1874 801 1913 officium
829 1875 993 1914 defenfi-

334 1927 422 1965 onis
440 1924 550 1966 suae:
579 1928 621 1967 in
646 1927 866 1977 ass'e1·to1·is‚'
883 1931 992 1970 Prin-

331 1985 433 2034 cipio
456 1997 532 2021 eam
555 1983 616 2035 ⁶3st
649 1986 727 2023 dico
746 1985 918 2025 liberam:
947 1989 989 2025 in

330 2039 554 2090 cognitoris,
587 2041 708 2080 ciuem
724 2042 914 2081 Atticam.-
944 2044 987 2081 in

329 2091 456 2133 fratris
475 2125 484 2143 ‚
530 2095 660 2140 Meam
695 2096 879 2147 sororem.
938 2103 989 2139 Et

330 2147 458 2189 bonus
479 2149 532 2190 est
550 2151 665 2198 ordo,
696 2151 853 2202 Libera,
883 2157 986 2206 ciuis,

329 2203 478 2246 nobilis.
535 2207 660 2246 Ciuem
678 2209 859 2258 Atticam]
893 2213 986 2261 Quo

328 2262 447 2301 etiam
464 2264 668 2315 negotium
688 2265 811 2315 potest
831 2268 867 2304 ei
887 2266 986 2313 fieri,

327 2318 396 2368 qui
417 2316 455 2356 se
472 2332 543 2369 pro
565 2318 727 2359 domino
746 2322 855 2374 geffit
876 2323 917 2362 in
936 2324 984 2362 ci-

325 2385 429 2413 uem.
486 2375 582 2418 Hui]
613 2377 701 2425 Hui,
732 2377 820 2426 hem,
849 2390 986 2420 etcae-

325 2440 408 2468 tera
429 2428 643 2470 huiusmodi
655 2434 821 2485 gene1·iS‚
845 2433 985 2474 sannae

322 2482 415 2524 sunt
432 2485 611 2527 aduersus
633 2501 711 2538 eos,
742 2489 880 2541 quibus
899 2488 984 2530 iras-

323 2541 457 2581 cimur.
515 2545 565 2583 D.

376 2597 470 2638 Eam
506 2599 587 2638 dico
617 2600 677 2653 effi
702 2600 870 2652 liberam]
908 2604 983 2643 Hic

322 2654 403 2693 iam
432 2651 685 2706 respondetur
719 2660 829 2698 militi
868 2673 982 2712 repe-

1629 745 1707 790 Ne

1049 868 1207 920 ponitur
1232 867 1401 915 liberas,
1434 867 1580 907 deiude
1599 866 1704 918 quod

1046 927 1137 964 ciuis
1156 925 1227 969 est,
1258 927 1369 965 tertio
1394 923 1496 976 quod
1522 923 1705 963 nobiliffi-

1047 983 1101 1020 mi
1129 978 1380 1020 adolescentis
1399 981 1538 1032 soror.-
1562 979 1706 1031 postre-

1047 1049 1111 1075 mo
1133 1036 1294 1075 edicitur
1311 1037 1444 1088 militi,
1471 1050 1514 1075 ne
1543 1034 1705 1089 vim-sas

1048 1093 1121 1131 ciat
1139 1092 1181 1130 in
1201 1091 1409 1134 Thaidem.
1466 1095 1508 1132 E.

1105 1150 1158 1201 36
1203 1149 1328 1188 Meam
1361 1147 1560 1201 sororem]
1609 1148 1703 1197 Quo

1049 1203 1212 1252 constat,
1241 1203 1388 1254 praesto
1417 1201 1494 1243 effe
1514 1201 1703 1242 defenfio-

1047 1273 1140 1299 nem
1151 1260 1316 1311 puellae.
1374 1260 1424 1299 Os
1434 1261 1580 1311 durum]
1601 1260 1704 1310 Qua·

1047 1315 1074 1354 fi
1093 1328 1142 1354 ex
1161 1315 1341 1354 omnibus
1362 1314 1436 1353 hoc
1447 1315 1488 1354 fit
1497 1314 1706 1366 impuden-

1047 1371 1140 1421 tius,
1169 1370 1272 1422 quod
1291 1381 1329 1409 et
1345 1367 1511 1410 sororem
1529 1368 1633 1409 suam
1650 1369 1703 1409 dia

1049 1438 1119 1467 cat.
1180 1427 1230 1466 Os
1241 1427 1390 1476 durum]
1412 1428 1464 1465 Os
1475 1426 1702 1477 impudeusz

1045 1494 1088 1526 vt
1107 1493 1251 1528 contra,
1276 1482 1395 1522 mollis
1401 1482 1554 1533 frontis
1571 1482 1702 1522 dicun-

1046 1549 1117 1586 tur,
1139 1540 1205 1591 qui
1217 1537 1302 1578 sunt
1312 1549 1546 1579 reuerentes,
1583 1539 1702 1579 Nunc

1044 1596 1133 1635 adeo
1168 1595 1268 1635 edico
1304 1597 1391 1643 tibi]
1442 1597 1493 1636 Vt
1523 1591 1698 1646 superbe,
1742 1641 1748 1643 ,

1045 1651 1147 1704 quafi
1193 1652 1318 1690 militi.
1387 1653 1485 1691 Nam
1532 1651 1698 1701 edietum,

1042 1709 1230 1748 Praetoris
1258 1708 1394 1748 dicitur
1426 1719 1465 1747 et
1489 1710 1700 1760 Imperato-

1043 1766 1104 1804 ris.
1162 1764 1298 1811 Miles,
1335 1776 1433 1803 nunc
1471 1764 1559 1803 adeo
1602 1763 1695 1817 tibi]
1731 1812 1734 1816 ι

1043 1821 1166 1869 Miles,
1192 1817 1470 1861 contumeliose
1487 1820 1591 1858 dixit.
1631 1822 1696 1860 De

1040 1878 1086 1916 iis
1116 1879 1222 1916 enim
1242 1875 1296 1915 est
1322 1875 1474 1923 officiis,
1505 1888 1605 1926 quae
1630 1873 1694 1914 suo

1041 1934 1205 1972 nomine
1231 1928 1507 1971 contumeliosa
1536 1929 1695 1970 censen-

1040 1998 1110 2027 tur.
1140 1988 1289 2027 ficutin
1310 1986 1519 2037 Adelphis),
1547 1986 1696 2026 Delibe-

1036 2059 1080 2083 ra
1097 2043 1175 2092 hoc,
1196 2045 1280 2084 dum
1298 2057 1364 2098 ego
1382 2043 1497 2092 redeo,
1519 2043 1608 2081 leno.
1639 2046 1690 2084 D.

1094 2100 1145 2138 Os
1165 2101 1309 2147 durum,
1329 2100 1490 2138 Daceria
1510 2099 1694 2152 intelligit

1038 2154 1088 2194 de
1107 2153 1184 2196 offe
1197 2186 1205 2204 2
1237 2168 1274 2195 vt
1285 2155 1328 2195 fit
1338 2156 1564 2194 exclamatio
1575 2155 1693 2194 vehe-

1035 2223 1190 2252 menter
1219 2212 1407 2259 dolentis,
1438 2224 1537 2262 quae
1566 2212 1694 2264 graui-
1721 2242 1723 2245 .

1036 2279 1114 2307 tate
1144 2267 1298 2321 superet
1325 2268 1499 2320 priores,
1539 2267 1618 2306 hem
1649 2277 1692 2307 et

1034 2323 1108 2363 hui.
1166 2330 1218 2367 At
1252 2323 1333 2363 vsus
1363 2322 1551 2375 loquendi
1580 2337 1692 2375 repu-

1034 2389 1150 2434 gnat;
1181 2392 1254 2420 nec
1275 2378 1428 2432 vsquam
1457 2380 1586 2428 aliter,
1619 2378 1691 2419 nifi

1035 2439 1086 2476 de
1103 2437 1363 2488 impudentia,
1395 2436 1567 2474 occurrit.
1625 2436 1689 2474 Sic

1033 2492 1136 2544 apud
1165 2494 1397 2534 Ciceronem
1425 2503 1487 2530 ore
1503 2489 1688 2544 duriffimo

1034 2548 1171 2588 dicitur
1201 2547 1295 2597 effe,
1333 2548 1398 2601 qui
1422 2549 1539 2598 plane
1559 2548 1687 2599 impu-

1034 2604 1130 2644 dens
1150 2607 1352 2658 reperitur.
1408 2607 1454 2644 Et
1470 2603 1582 2643 Ouid.
1603 2606 1687 2643 Me-

1033 2671 1121 2700 tam.
1147 2675 1195 2712 v,
1220 2674 1312 2716 451.
1370 2659 1474 2703 Duri
1492 2672 1585 2717 puer
1605 2660 1685 2702 oris

322 2710 421 2752 tenti
442 2711 629 2766 puellam,
660 2724 699 2755 et
725 2716 893 2768 primum
913 2730 981 2771 op·
1029 2731 1064 2760 et
1083 2717 1221 2763 audax.
1281 2717 1327 2759 Ζ,
