1815 3168
308 202 404 248 2²4

693 180 850 227 ACT.
889 181 943 226 V.
961 177 1170 224 SCEN.
1198 175 1274 223 111.

438 306 470 357 S
487 323 518 357 1.
558 308 686 366 Quidv
706 311 765 355 mi
788 306 942 371 pater?
980 304 1095 367 quali
1115 314 1162 349 tu
1174 303 1305 348 huius
1321 302 1514 365 indigeas
1524 305 1675 368 patris.

343 405 406 438 20
440 391 628 439 Domus,
652 402 771 436 vxor,
795 383 918 429 liberi
940 381 1123 431 inuenti,·
1145 380 1286 425 inuito
1307 388 1443 442 patre.

385 480 388 482 ’
441 459 648 514 Adduffi,
673 461 748 522 qui
770 458 886 503 illam
910 457 1051 501 ciuem
1076 455 1179 500 hinc
1204 453 1375 499 dicant:
1401 455 1566 500 viceriS.

440 533 477 584 P
492 550 588 583 AM.
624 540 762 586 Pater,
780 533 936 578 licetne
955 529 1122 594 pauca?
1160 526 1235 575 Sl.
1274 527 1379 590 quid
1400 528 1513 574 dices
1537 529 1680 574 mihi?

439 609 553 661 CH.
589 615 779 660 Tamen,
799 609 934 659 Simo,
956 604 1070 651 audi.
1107 600 1184 650 Sl.
1218 602 1534 662 egoaudiam?
1573 603 1682 667 quid

540 703 624 747 ego
655 685 839 736 audiam,

1638 708 1645 716 ι

445 760 666 810 Chreme?
698 755 809 806 CH.
843 767 884 803 at
904 755 1080 804 tandem
1104 752 1216 800 dicat
1237 749 1339 801 fine.
1378 756 1454 801 81.
1491 769 1583 814 age,
1620 752 1682 800 di-

542 847 628 883 cat:
666 833 774 882 lino.

348 929 409 978 25
443 909 477 960 P
493 924 525 956 A
540 925 594 957 Μ.
630 913 726 969 Ego
748 925 819 955 me
844 922 986 955 amare
1007 906 1120 953 hanc
1145 904 1306 965 fateor3
1341 898 1681 970 fiidpeccare'st,

538 986 677 1034 fateor
701 983 746 1031 id
769 999 963 1047 quoque.

368 1178 419 1222 19
457 1162 581 1221 Quasi*
599 1175 642 1204 tu
673 1162 781 1204 huius
805 1162 970 1216 indigeas

300 1223 446 1280 patris]
476 1223 610 1266 Huius,
638 1219 842 1259 ostendens
860 1217 898 1258 se
915 1218 970 1257 di·

307 1284 380 1322 xit.
412 1290 453 1319 vt
473 1278 586 1330 Virg.
611 1279 736 1328 (Aen.
756 1289 821 1324 xx,
853 1276 969 1328 205.)

307 1337 373 1389 Est
405 1336 482 1384 hic,
523 1334 570 1384 est
595 1336 740 1372 animus
766 1331 854 1370 lucis
889 1343 970 1369 con·

307 1404 458 1436 temtor.
515 1391 564 1429 D.

360 1460 417 1489 20
448 1449 614 1492 Domus,
640 1456 758 1490 vxor,
786 1440 967 1492 Iiberilin·

306 1505 440 1548 uenti]
488 1501 589 1541 Mira
625 1500 812 1553 grauitate
841 1495 967 1537 sensus

306 1561 430 1601 elatus
457 1557 519 1599 est.
548 1568 622 1596 nec
648 1555 698 1594 de
726 1554 963 1602 Menandro,

305 1615 372 1657 sed
394 1615 592 1668 proprium
611 1612 801 1652 Terentii.
856 1613 904 1651 Et
923 1610 968 1650 li-

306 1672 386 1712 beri
411 1673 553 1711 inuenti
581 1668 693 1715 dicit,
727 1680 846 1719 quum
872 1677 969 1705 vnus

307 1726 426 1768 effet:
454 1724 520 1767 sed
538 1722 893 1764 inuidiofiusliberi.
924 1725 970 1762 Et

306 1786 474 1825 inuenti:
506 1781 734 1835 non'·geniti,
759 1777 969 1818 secundum

307 1840 426 1886 illud,
456 1839 538 1878 Hoc
566 1850 633 1891 ego
655 1836 759 1884 fiio,
795 1838 969 1875 neminem

301 1893 476 1950 peperiffe
512 1893 580 1932 hic.
637 1891 781 1931 Domus
808 1891 968 1938 addidit,

309 1964 394 1992 non
422 1951 596 2001 lupanar.
650 1951 699 1988 Et
726 1948 891 1986 oratorie
921 1946 971 1985 de

309 2021 386 2048 vno
405 2006 600 2057 pluraliter
616 2003 818 2054 loquimur.
875 2004 925 2041 D.

361 2064 530 2109 Domus,
561 2073 670 2108 vxor,
697 2058 820 2102 liberi]
858 2059 967 2097 Haec

309 2132 406 2173 ergo
425 2114 618 2157 causarum
636 2128 710 2154 vna
730 2113 793 2161 est,
813 2127 879 2152 cur
897 2112 967 2152 filii

308 2175 470 2216 familias
495 2172 579 2213 fine
603 2168 785 2211 consensu
804 2180 968 2222 paterno

308 2230 597 2272 matrimonium
631 2225 858 2265 contrahere
897 2238 967 2264 ne-

310 2297 474 2340 queant:
507 2298 561 2324 ne
580 2283 759 2323 videlicet
768 2282 891 2320 inuito
902 2295 969 2333 pa-

308 2346 359 2383 tri
383 2341 467 2382 suus
494 2340 608 2379 heres
635 2336 873 2392 agnoscatur.
904 2343 966 2377 ln-

308 2400 382 2440 stit.
401 2399 479 2440 Tit.
510 2396 560 2436 de
578 2405 687 2446 nupt.
710 2395 734 2434 l.
760 2406 826 2446 35.
851 2392 892 2433 ff.
916 2393 975 2433 de>

308 2458 367 2496 rit.
414 2464 522 2504 nupt.
561 2452 584 2490 l.
623 2463 684 2493 12.
728 2449 829 2492 Cod.
878 2449 965 2489 eod.

310 2513 559 2563 Quapropter
610 2507 654 2546 in
717 2506 967 2557 emancipatis

307 2567 408 2608 haec
429 2564 662 2605 sollemnitas
682 2576 765 2602 non
787 2560 967 2601 obserua-

310 2634 382 2665 tur.
402 2624 427 2661 l.
447 2634 511 2672 25.
531 2619 571 2658 ff.
593 2618 679 2659 eod.
738 2621 776 2657 L.

362 2691 411 2722 21
432 2676 593 2724 Viceris]
619 2673 794 2715 Verbum
807 2673 860 2713 est
871 2667 963 2722 eius,

322 2766 336 2792 <l

310 2738 379 2775 cri
401 2736 463 2775 vix
481 2733 548 2772 libi
568 2740 787 2782 emm-quet,
815 2740 854 2771 vt
873 2730 972 2775 abiti-⁴

1554 1054 1681 1108 Tibi.

1020 1161 1096 1201 ciat
1120 1152 1259 1201 curam.
1316 1161 1365 1204 Et
1389 1159 1599 1212 proprium‘
1616 1166 1682 1211 'pa-

1019 1217 1152 1265 tribus,
1174 1230 1218 1256 ac
1235 1215 1424 1256 familiare
1441 1217 1553 1255 iratis.
1582 1217 1633 1255 D.

1074 1285 1126 1314 22
1159 1274 1289 1319 Pater,
1339 1273 1467 1311 licetne
1502 1269 1678 1324 pauca?]

1018 1327 1208 1369 Titubans
1237 1336 1277 1365 et
1305 1324 1526 1366 balbutiens
1556 1327 1679 1365 oratio

1019 1383 1171 1437 pudore
1189 1391 1230 1420 et
1245 1379 1494 1421 conscientia.
1552 1383 1603 1421 D.
1664 1378 1667 1381 ’

1040 1485 1042 1487 ,
1072 1451 1125 1491 23
1166 1438 1320 1487 Tamen,
1366 1437 1486 1492 Simo]
1532 1435 1607 1481 Ms,
1636 1440 1691 1479 R

1016 1495 1185 1543 Tandem,
1207 1495 1316 1535 Simo.
1372 1497 1410 1535 L.

1068 1551 1207 1590 Faerni
1235 1549 1334 1590 liber
1361 1548 1595 1597 Bemffinus,
1637 1559 1679 1590 et

1017 1607 1256 1654 Basilicaan
1277 1606 1420 1656 Tamen,
1442 1605 1551 1652 Simo,
1571 1606 1688 1648 audi.

1017 1666 1145 1707 Recte.
1196 1661 1273 1704 Sed
1299 1663 1392 1716 lege
1418 1662 1589 1703 EGON'
1617 1675 1678 1702 aa·

1019 1721 1143 1761 diam?
1196 1721 1238 1759 B.
1591 1717 1593 1719 ’

1074 1785 1151 1830 24
1174 1776 1254 1830 Age
1287 1773 1413 1815 dicat:
1441 1772 1549 1825 fine]
1588 1776 1678 1814 Hoc

1018 1844 1139 1873 totum
1167 1843 1252 1869 non
1281 1843 1330 1869 ex
1356 1830 1489 1870 animo
1522 1832 1678 1882 permit·

1018 1889 1153 1936 tentis,
1186 1885 1250 1926 sed
1277 1897 1363 1924 cum
1384 1884 1579 1927 stomacho
1607 1899 1689 1938 pa·-

1020 1945 1150 1984 tientis
1171 1942 1237 1981 est.
1297 1942 1347 1980 D.
1460 1984 1463 1985 ⁷

1073 2003 1145 2039 Pro
1181 2007 1221 2037 at
1253 1996 1421 2045 tandem,
1464 1997 1570 2048 quod
1599 2006 1676 2038 tren

1018 2054 1131 2095 codd.
1169 2052 1391 2093 vetustiores
1416 2051 1580 2103 hahent,
1619 2065 1675 2093 ne

1017 2110 1163 2163 duplici
1173 2109 1250 2149 iem
1261 2107 1304 2147 fit
1313 2108 1569 2159 inuenustum,
1582 2109 1675 2163 lege

1016 2181 1057 2208 at
1067 2179 1197 2206 tamen.
1213 2175 1248 2203 vt
1258 2162 1363 2216 supra
1372 2178 1431 2212 lv,
1445 2177 1493 2213 2,‘
1504 2172 1567 2213 28.
1602 2169 1643 2206 Β.

1069 2234 1123 2276 25
1151 2221 1231 2276 Ego
1249 2234 1303 2259 me
1321 2234 1442 2260 amare
1469 2221 1585 2270 hanc,
1604 2222 1674 2274 fa-

1016 2285 1120 2328 teor]
1167 2282 1352 2324 ἂμΦιβολΐα
1393 2279 1453 2320 ταῖς
1502 2283 1668 2324 ἐρωμένης.

1016 2337 1128 2376 Hanc
1141 2336 1293 2386 fateor]
1321 2334 1369 2373 Et
1385 2331 1490 2372 bene
1503 2333 1593 2372 hanc
1615 2332 1673 2372 di·

1017 2390 1079 2441 cit,
1111 2404 1193 2429 non
1217 2388 1438 2438 Glycerium,
1469 2392 1574 2429 cuius
1596 2402 1668 2428 no·

1015 2449 1124 2487 mine
1159 2443 1374 2485 offenditur
1408 2442 1547 2485 senex:
1593 2457 1668 2484 nec

1007 2506 1262 2558 peregrinam,
1292 2500 1550 2553 ignominiam
1575 2499 1670 2540 scili-

1014 2570 1076 2599 cet
1105 2570 1237 2598 vitans.
1297 2557 1340 2595 Si
1365 2557 1406 2595 id
1425 2568 1577 2609 peccare
1602 2556 1654 2609 est

1002 2616 1136 2668 fiitcor
1152 2615 1192 2653 id
1208 2614 1366 2667 quoque]
1393 2613 1500 2662 Noli,
1526 2613 1668 2664 inquit,

1013 2685 1078 2713 me
1087 2668 1258 2713 accusare
1269 2670 1359 2723 quia
1370 2670 1487 2724 (quod
1493 2673 1552 2723 Z.)
1564 2680 1664 2708 amo.
1678 2693 1683 2698 -

1534 2737 1665 2773 aman·
