1815 3168
296 201 335 247 4
711 150 1271 228 ARGVMENT'VM.

301 300 503 345 aduersum
527 298 672 340 senem.
727 297 864 338 Tertio
890 295 988 334 aSlui
1018 294 1114 333 haec
1139 291 1410 330 attribuuntur:
1442 281 1602 342 Myfidis
1621 298 1708 328 cum

301 359 501 400 obstetrice
539 355 791 406 colloquium,
830 354 942 393 Dauo
981 362 1023 387 ae
1057 349 1216 389 Simone
1253 344 1526 385 audientibus:
1581 355 1709 395 partus

301 415 471 469 Glycerii
497 411 684 465 suspeffits
713 407 815 456 seni,
847 417 886 444 et
912 406 1014 446 Daui
1045 403 1147 455 apud
1168 416 1255 442 eum
1278 401 1517 441 fraudulenta
1538 398 1712 438 sennoci-

300 473 429 513 natio:
486 469 649 511 Simonis
671 464 787 505 verba
815 475 902 501 cum
920 460 1129 503 Chremete
1156 457 1205 497 de
1226 459 1391 509 nuptiis:
1446 457 1544 497 Daui
1566 465 1711 506 pertur-

302 528 406 568 batio
432 540 474 565 ac
498 522 697 574 Pamphili.
753 520 950 570 Quartum*
969 517 1092 555 ailum
1119 526 1188 564 per
1207 512 1301 551 haec
1326 513 1598 566 intelligimus:
1637 510 1711 562 pri-

302 595 366 625 ma
383 581 541 624 Charini
561 578 676 618 verba
693 573 776 614 sunt
796 572 1046 626 indignantis,
1080 571 1184 609 velut
1203 568 1318 607 fidem
1339 568 1406 606 fibi
1425 582 1506 606 non
1528 565 1712 606 seruatam

304 656 327 680 a
356 637 575 689 Pamphilo:
608 646 688 673 tum
715 629 873 683 Myfidis
901 627 1016 667 verba
1042 624 1143 676 apud
1173 623 1432 676 Pamphilum,
1462 621 1713 673 eiusdemque

303 695 474 749 questus:
505 691 605 734 Daui
633 685 899 728 administratio
929 683 1008 722 doli
1028 678 1203 721 aduersus
1221 679 1481 721 Chremetem.
1533 682 1581 718 In
1601 679 1713 730 quin·

305 765 345 792 to
373 752 475 790 afilu:
519 745 681 789 Simonis
711 754 749 782 et
778 739 998 783 Chremetis
1027 749 1151 790 prope
1176 736 1344 789 iurgium
1376 733 1595 786 disputatio:
1633 746 1715 773 tum

304 807 471 848 deteffio
494 802 725 843 fallaciarum
751 797 874 838 Daui:
903 806 985 834 tum
1002 793 1218 846 indignatio
1238 791 1351 842 patris
1370 788 1545 830 aduersus
1569 789 1716 829 filium:

305 877 388 904 tum
404 860 572 903 Critonis
592 859 850 896 interuentus:
883 862 921 890 et
940 863 1010 903 per
1031 862 1121 888 eum
1139 848 1303 901 cognitis
1327 845 1439 886 rebus
1465 847 1506 885 in
1533 845 1716 897 tranquil·

307 922 391 961 lum
409 930 470 957 res
488 916 586 963 afta,
617 908 846 950 ducentibus
865 918 1022 955 vxores,
1052 917 1141 957 quas
1171 904 1484 955 concupiuerant‚
1516 900 1718 953 Pamphilo

307 988 348 1016 et
374 974 556 1015 Charino,
611 967 708 1007 Illud
737 978 818 1004 non
849 975 1094 1003 commouere
1118 973 1189 999 nos
1220 958 1355 1008 debet,
1386 957 1490 1009 quod
1515 959 1555 996 in
1581 956 1719 997 horum

309 1034 459 1073 atinum
485 1025 727 1066 distinetione
755 1021 932 1061 videntur
960 1018 1009 1057 dc
1035 1015 1232 1068 proscenio
1260 1028 1340 1054 non
1371 1010 1567 1052 disceffifi'e
1595 1009 1718 1064 perso-

312 1100 389 1128 nae
419 1082 627 1136 quaedam3
658 1077 722 1118 sed
749 1088 885 1117 tenere
912 1074 1117 1121 debemus,
1148 1072 1237 1111 ideo
1256 1071 1487 1112 Terentium
1513 1068 1718 1108 vicinitatis

310 1142 555 1184 mentionem
575 1132 703 1175 fecisse
721 1135 762 1172 in
783 1133 991 1184 principio,
1023 1141 1061 1169 vt
1091 1128 1246 1167 modico
1273 1137 1429 1178 receptu
1461 1135 1499 1164 et
1525 1123 1651 1164 adesse
1679 1134 1719 1163 et

313 1196 440 1239 abeffe
476 1191 677 1249 personam
702 1190 974 1241 intelligamus.
1035 1184 1141 1225 Nihil
1168 1197 1260 1236 ergo
1295 1181 1397 1222 secus
1426 1180 1562 1220 factum
1590 1179 1643 1218 est
1669 1179 1718 1218 ab

313 1253 500 1308 antiquis,
529 1250 596 1303 qui
612 1247 660 1289 ad
678 1245 782 1288 hunc
799 1243 960 1285 modum
977 1241 1232 1282 Terentianus
1256 1237 1400 1281 fabulas
1420 1233 1637 1278 diuiserunt.

1519 2684 1736 2740 FABV-
