1815 3168
518 128 1047 198 HEAVTONTIM.

1353 157 1446 212 603

225 275 327 326 CL.
373 277 523 330 Salue,
565 280 707 324 anime
742 279 817 323 mi.
857 275 1008 324 ANT.
1049 295 1076 324 o
1109 279 1170 324 mi
1201 275 1450 343 exspessate‚

324 354 447 400 salue.
486 350 530 399 C
544 365 589 398 L.
625 363 671 399 vt
693 352 839 398 vales?

226 426 314 474 AN
329 441 378 475 T.
414 427 590 474 Saluum
612 424 827 473 aduenisse
851 426 1034 487 gaudeo.
1072 423 1165 474 CL.
1189 439 1374 474 teneone
1396 438 1452 481 te,

227 503 470 568 Antiphila,
504 520 704 549 maxume
727 504 874 548 animo
896 512 1092 566 exoptata
1116 502 1245 550 mco?

131 595 155 627 2
166 591 194 640 9
231 574 262 623 S
277 593 318 626 Υ,
350 582 416 624 lte
427 579 566 625 intro:
603 595 704 624 nam
718 595 794 625 vos
807 579 892 623 iam
907 577 1071 624 dudum
1085 573 1296 643 exspeffltt
1316 577 1456 628 senem

205 724 516 777 ACTVS
584 721 906 775 TERTII
959 722 1250 773 SCENA
1312 722 1347 775 1.

389 813 695 855 CHREMES.
754 811 1166 854 MENEDEMVS.

225 945 316 1057 L

480 1025 639 1074 ostium

148 1248 202 1289 26
240 1246 374 1286 Anime
398 1247 465 1291 mi]
504 1244 639 1286 Mollis
673 1258 752 1285 ora-

97 1303 172 1351 tio,
201 1312 239 1341 et
270 1302 454 1349 feminea,
477 1303 604 1341 multis
631 1303 754 1353 impli-

97 1369 180 1396 cata
210 1358 501 1398 blandimentis,
552 1358 640 1404 Mi,
679 1359 756 1396 vim

97 1413 355 1452 blandimenti
375 1413 505 1460 habet,
527 1428 617 1452 nam
644 1413 759 1466 figni-

95 1469 184 1508 ficat
203 1481 322 1508 meus.
380 1470 522 1514 Clinia,
538 1469 660 1521 fillue]
691 1470 759 1508 Illa

99 1524 148 1564 ad
168 1526 355 1564 maiorem
375 1527 546 1577 gratiam,
567 1537 759 1564 amantem

97 1581 257 1631 proprio
309 1582 473 1619 nomine
531 1581 754 1632 appellauit.

97 1636 225 1685 Salue,
252 1637 372 1675 modo
400 1636 621 1675 admirantis
639 1637 755 1676 inter-

98 1692 212 1731 ieffio
232 1691 295 1731 est.
354 1694 398 1734 C.

155 1747 288 1787 Verba
299 1747 409 1787 Salue
429 1751 545 1787 anime
564 1749 621 1787 mi
635 1747 754 1799 priori

99 1801 222 1842 versui
245 1801 330 1843 sunt
346 1803 594 1855 apponenda.
652 1808 755 1843 Tum

98 1872 188 1898 cum
209 1859 390 1898 omnibus
409 1860 543 1898 nostris
556 1859 754 1910 coddleg.

101 1915 136 1953 O
150 1917 199 1954 mi
211 1914 414 1967 exspeitaze
428 1916 560 1961 Clinia,
562 1914 681 1965 salue.
713 1917 753 1954 B.

153 1983 207 2024 27
243 1972 407 2010 Teneone
436 1972 523 2026 te?]
565 1975 660 2010 Prae
690 1970 753 2008 ni-

95 2027 177 2066 mio
208 2028 353 2066 amicae
388 2026 610 2075 defiderio,
667 2038 752 2064 cum

99 2082 342 2122 dubitatione
397 2083 580 2134 loquitur.
659 2083 755 2122 Sunt

98 2139 166 2190 qui
185 2139 328 2191 legant,
346 2138 505 2178 Teneone
517 2152 551 2178 te
562 2152 578 2180 ‚·
603 2148 641 2177 vt
659 2133 755 2176 refe-

101 2206 202 2233 ratur
221 2194 268 2233 ad
291 2193 427 2242 fidem,
452 2196 504 2234 ita
533 2204 573 2232 vt
594 2193 754 2240 dubitet,

100 2265 150 2288 an
170 2264 190 2287 a
217 2247 255 2289 se
273 2251 439 2289 alienata
458 2250 518 2300 fit,
547 2263 596 2288 an
615 2250 658 2288 in
677 2247 756 2288 fide

102 2305 278 2358 persistat.
333 2308 378 2347 C.

156 2360 307 2400 Saluum
325 2360 523 2416 aduerzff]
554 2359 624 2402 Ms.
635 2363 677 2401 R.
693 2361 755 2399 Ve-

103 2416 201 2467 nisse.
254 2420 295 2457 L.

157 2479 208 2521 28
239 2474 373 2513 Animo
395 2472 587 2527 exoptato]
620 2469 691 2512 Ms.
712 2475 754 2514 R.

104 2527 321 2578 enffier‘fata.
379 2532 422 2569 L.

157 2587 227 2622 Pro
249 2595 443 2636 exoptata,
477 2585 578 2625 reae
605 2596 756 2637 exopta-

105 2653 177 2679 tam
206 2640 421 2693 legendum
447 2652 555 2694 putat
576 2644 753 2692 Faernus,

353 968 382 999 v
425 968 451 997 c
496 970 515 997 1
556 968 575 996 s
620 968 646 997 c
692 969 710 997 1
755 968 787 998 τ
849 948 934 997 h'oc
973 952 1089 1002 iam,
1137 946 1248 996 ceffo
1285 949 1459 1015 pultare

1344 1103 1458 1148 Vici-

804 1245 871 1297 qui
899 1244 969 1291 ait,
998 1240 1112 1295 saepe
1138 1257 1159 1282 a
1179 1241 1340 1282 librariis
1361 1244 1461 1282 litte-

802 1316 894 1348 ram,
916 1299 1109 1353 syllabam,
1130 1310 1168 1339 et
1179 1298 1335 1339 verbum
1354 1301 1460 1351 prius

805 1355 883 1396 effe
908 1353 1105 1403 omissum,
1140 1354 1166 1393 fi
1194 1355 1300 1394 idern
1335 1355 1460 1394 statim

807 1411 901 1452 esset
918 1410 1100 1451 secutum.
1156 1414 1196 1450 Β.

867 1481 884 1509 1
920 1467 1107 1520 anqs'cit]
1145 1468 1237 1505 Veri
1265 1467 1375 1505 amici.
1405 1465 1462 1505 of-

806 1523 932 1562 ficium
956 1522 1210 1572 pulcherrime
1234 1536 1253 1560 a
1271 1523 1460 1562 Terentio

808 1581 847 1618 in
859 1579 1061 1618 hacScena
1071 1579 1317 1628 exprimitur:
1335 1579 1374 1616 in
1388 1591 1461 1629 qua

807 1637 947 1673 amicus
967 1635 1088 1672 amico
1106 1634 1213 1672 iimul
1226 1662 1235 1678 ,
1266 1644 1306 1672 et
1326 1633 1462 1687 gaudii

807 1689 998 1742 insperati,
1019 1690 1188 1728 maximo
1212 1702 1298 1730 cum
1309 1689 1461 1738 affefiiu,

806 1747 1015 1788 nuncium,
1045 1755 1083 1784 et
1114 1744 1311 1783 confilium
1341 1743 1462 1784 affert.

808 1801 923 1855 Cessb]
965 1801 1114 1851 Aliquis
1154 1800 1278 1851 ccffc'tre
1314 1800 1461 1848 dicittu·j

806 1859 845 1897 id
879 1857 952 1906 est,
996 1856 1143 1895 tardare
1170 1855 1218 1895 ad
1239 1856 1382 1908 aliquid
1402 1869 1464 1896 ce-

807 1914 940 1952 leriter
978 1911 1262 1965 peragendum.
1320 1913 1459 1966 Virgil.

803 1973 923 2022 (Aen.
954 1982 1021 2016 v1,
1050 1968 1140 2019 51.)
1172 1967 1288 2019 Ceffiis
1308 1970 1346 2006 in
1371 1980 1462 2010 vota

797 2024 1001 2078 precefilzte.
1070 2023 1186 2074 Cejlsc'zt
1232 2022 1461 2065 defidiosus:

804 2079 1020 2132 Requiescit
1040 2076 1217 2120 defessus.
1273 2081 1321 2120 C.

857 2135 1016 2185 Iuciscit
1036 2134 1103 2172 hoc
1116 2135 1204 2188 iam]
1236 2136 1463 2175 Notandum

805 2205 853 2231 ex
875 2191 944 2230 hac
965 2190 1199 2238 Comoedia,
1211 2190 1313 2241 quod
1325 2192 1365 2229 in
1379 2193 1463 2230 nul·

806 2249 842 2287 la
860 2248 933 2287 alia
952 2248 1043 2286 licet
1062 2246 1233 2297 reperiri,
1254 2257 1291 2284 vt
1301 2246 1463 2287 biduum

807 2315 958 2354 tempus
988 2304 1030 2340 in
1059 2302 1273 2345 Comoedia
1300 2303 1350 2354 iit.
1410 2306 1463 2344 O·

806 2373 919 2397 mnes
941 2358 1049 2397 enim
1068 2369 1144 2395 vno
1167 2356 1232 2396 die
1252 2358 1355 2396 ai'tus
1377 2356 1461 2398 suos

808 2415 1015 2466 explicant,
1036 2426 1084 2451 ex
1104 2426 1152 2450 eo
1172 2411 1253 2463 ipso
1277 2427 1353 2465 quo
1367 2428 1461 2453 cun-

807 2473 862 2512 &a
874 2470 975 2510 effici
986 2465 1148 2521 poffunt,
1171 2479 1211 2506 vt
1223 2479 1284 2508 aut
1302 2473 1462 2521 nuptiae

808 2525 1069 2572 celebrentur,
1105 2533 1167 2562 aut
1195 2526 1367 2577 cognitio
1397 2527 1462 2566 fiat

807 2596 909 2634 expo
947 2611 956 2621 .
988 2611 997 2620 .
1029 2611 1036 2620 .
1069 2610 1077 2620 .
1118 2578 1284 2632 (supple,
1300 2580 1374 2631 liti,
1394 2597 1460 2622 aut

806 2639 938 2680 horum
966 2638 1025 2692 Z.)
1063 2636 1217 2689 aliquid.
1250 2648 1288 2677 at
1316 2638 1377 2679 hic
1393 2639 1459 2733 ‘3³1'-

1423 2709 1459 2733 ui
