1815 3168
314 154 413 204 ¹34

707 141 867 186 ACT.
900 141 971 186 111.
1025 138 1220 185 SCEN.
1257 136 1308 183 11.

356 285 418 317 20
453 261 532 313 Sl.
569 265 758 314 Hiccine
787 285 859 315 me
885 265 914 314 fi
937 270 1202 330 imparatum
1224 265 1269 310 in
1296 263 1411 311 veris
1433 264 1602 329 nuptiis

448 341 646 389 Adortus
671 339 785 396 esset,
812 359 924 405 quos
944 342 1054 388 mihi
1075 340 1202 387 ludos
1223 335 1459 389 redderet?

448 421 589 465 Nunc
612 417 744 464 huius
766 416 933 482 periclo
953 414 1027 462 fit:

1064 432 1149 478 ego
1180 417 1226 461 in
1260 424 1396 479 portu
1417 416 1596 476 nauigo.

407 570 726 626 ACTVS
788 569 1116 623 TERTII
1172 567 1472 620 SCENA
1523 566 1605 620 11.

649 661 879 702 LESBIA.
929 660 1095 701 SlMO.
1142 658 1368 709 DAVVS.

321 785 469 901 An
488 810 517 839 u
540 809 569 840 v
588 809 614 836 c
631 826 645 844 ,
681 788 913 845 Archillis,
945 805 1056 856 quae
1087 787 1299 842 adsolent,
1336 802 1535 852 quaeque
1565 802 1695 853 opor-

565 874 630 914 tet

383 1079 439 1110 20
469 1068 629 1109 Hiccine
640 1066 746 1118 mest
754 1066 992 1122 imparatum]

327 1123 442 1167 Redit
461 1124 509 1163 ad
528 1125 632 1163 illam
653 1122 885 1164 sententiam
898 1155 907 1173 ,
937 1125 989 1164 Si-

328 1179 409 1218 mul
423 1180 628 1231 fieleratus
655 1180 808 1226 Dauus,
839 1177 877 1227 ῥ’
906 1179 996 1232 quid

328 1234 472 1286 corfilii
488 1235 605 1282 habet,
624 1250 665 1275 vt
683 1236 993 1287 confimunmmc,

330 1306 415 1332 cum
434 1292 532 1332 nihil
551 1290 665 1342 obstm
682 1293 767 1331 doli.
824 1294 872 1332 D.

388 1360 440 1390 21
486 1348 650 1387 Adortus
677 1345 774 1400 effit]
824 1345 994 1385 Adortus

330 1403 484 1451 dicitur,
504 1404 570 1455 qui
590 1415 638 1441 ex
653 1402 798 1442 insidiis
827 1411 996 1455 repente

329 1459 498 1500 inuadit.
530 1458 674 1498 dmum
709 1459 757 1497 ab
787 1471 853 1505 eo,
889 1456 995 1509 quod

329 1528 495 1567 corpora
523 1514 837 1568 aggredientium
868 1511 993 1554 exsur-

330 1582 427 1625 gant
466 1569 587 1610 subito
616 1581 732 1622 atque
766 1566 990 1609 increscant.

328 1627 532 1682 Adortus]
582 1624 794 1680 aggressus.
849 1625 994 1665 Omnia

326 1682 430 1722 haec
450 1695 499 1722 ex
517 1683 770 1721 translatione
790 1681 994 1733 (tranquil-

326 1738 447 1786 litate,
468 1736 540 1778 Ms.
562 1736 707 1778 Boend.
729 1749 768 1777 et
778 1735 839 1776 ed.
851 1739 915 1777 Du
927 1738 993 1790 Β.)

325 1796 442 1835 maris
484 1793 582 1833 (ἶίἃᾶ
625 1791 713 1833 sunt
748 1794 992 1839 μεταφορικῶς.

324 1852 542 1902 (corrupta
558 1850 674 1888 leffio
693 1860 734 1889 et
751 1849 896 1898 mutila.
921 1851 994 1888 Ex·

324 1906 423 1946 cidit
449 1904 553 1945 haud
586 1905 704 1944 dubie
733 1915 825 1945 nota
847 1904 993 1945 Donati

324 1962 377 2001 ad
409 1961 499 2001 illa:
549 1975 615 2016 ego
653 1964 694 2000 in
727 1973 845 2015 portu
884 1962 988 1998 naui·

321 2031 388 2074 go.
450 2016 572 2058 Cuius
601 2027 719 2056 notae
746 2017 842 2057 haec
869 2015 923 2055 est
941 2016 992 2054 la·

322 2073 457 2117 cinia).
521 2076 572 2115 D.

377 2129 544 2168 Adortus
581 2126 690 2182 esset]
736 2127 916 2175 Adorior,
949 2125 991 2165 id

321 2183 380 2223 est
407 2185 578 2235 aliquam
599 2197 683 2224 rem
702 2184 870 2236 incipio,
900 2181 992 2222 facit

319 2241 579 2293 praeteritum
611 2240 767 2279 adortus
785 2239 880 2290 fitm.
934 2237 990 2277 fin

318 2308 415 2335 vero
448 2294 653 2350 fignificat,
692 2296 802 2347 loqui
832 2294 989 2346 incipio,

316 2351 475 2401 adorsus
500 2351 601 2404 fiant.
640 2354 840 2391 Ponuntur
859 2362 991 2390 tamen

314 2421 389 2460 pro
421 2405 460 2446 se
478 2407 663 2448 inuicem.
723 2411 767 2448 E.

374 2466 493 2516 Lege,
517 2476 610 2518 quos
635 2476 710 2502 ME
743 2463 850 2503 ludos
871 2461 990 2502 redde-

313 2519 402 2562 ret?
432 2530 472 2558 vt
491 2520 644 2559 Plautus
664 2515 779 2571 saepe
800 2517 906 2558 ludos
938 2531 992 2556 me

302 2574 465 2627 facitis.
508 2575 585 2618 Sed
602 2574 695 2616 mihi
714 2575 817 2619 ludos
832 2573 994 2625 reddere,

1562 937 1697 999 Signa

1043 1080 1097 1108 ne
1125 1067 1246 1107 latine
1281 1064 1440 1118 quidem
1468 1061 1544 1103 dici
1573 1061 1699 1138 existi-

1043 1137 1119 1164 mo.
1176 1125 1216 1162 B.
1622 1139 1624 1148 ›

1098 1192 1152 1221 22
1183 1179 1230 1218 In
1253 1189 1366 1230 portu
1393 1175 1549 1230 nauigo]
1587 1154 1696 1229 Nica,

1042 1236 1183 1286 inquit,
1207 1233 1361 1272 confilia
1379 1233 1430 1271 ita
1448 1229 1544 1278 sunt,
1565 1230 1698 1280 quem-

1043 1289 1252 1330 admodum
1270 1289 1381 1327 nauis
1402 1288 1444 1325 in
1467 1295 1589 1338 portu.
1619 1289 1664 1325 E.

1103 1412 1122 1443 1
1157 1397 1291 1440 Adhuc
1320 1395 1513 1450 Archillis]
1552 1399 1598 1437 In
1627 1394 1702 1435 hae

1043 1453 1158 1496 scena
1189 1454 1333 1508 speiia,
1371 1467 1483 1505 quam
1510 1449 1602 1492 scite
1637 1465 1702 1491 ex-

1044 1510 1167 1567 prefl'a
1203 1511 1246 1550 {it
1275 1508 1514 1550 consuetudo
1546 1507 1700 1556 medici,

1043 1570 1107 1608 vel
1123 1567 1299 1608 medicae
1319 1566 1557 1619 egredientis
1578 1578 1626 1604 ex
1639 1577 1704 1603 ae-

1045 1626 1103 1679 gri
1122 1623 1251 1663 domo.
1309 1626 1409 1662 Nam
1438 1622 1619 1669 veniens,
1650 1620 1702 1659 de

1043 1680 1214 1734 negotiis
1232 1678 1314 1717 eius
1337 1678 1524 1728 loquitur:
1554 1676 1701 1724 abiens,

1043 1736 1094 1776 de
1120 1734 1269 1775 morbo.
1301 1744 1342 1773 et
1366 1733 1465 1773 haec
1490 1730 1576 1772 sunt
1594 1745 1705 1785 prae-

1042 1801 1101 1832 ter
1136 1794 1336 1837 ὅικονομίαιν,
1381 1801 1482 1841 quae
1521 1790 1702 1829 dicuntur

1042 1847 1231 1895 ἑυριῖμαιτα.
1268 1844 1397 1885 Adhuc
1415 1844 1609 1898 Archillis]
1636 1844 1701 1884 Sic

1043 1913 1194 1944 veteres
1214 1900 1430 1941 scribebant
1439 1900 1566 1948 adbuc,
1578 1912 1700 1951 quan-

1042 1958 1093 1998 do
1131 1958 1268 1998 incerti
1304 1955 1518 1995 futurarum
1558 1968 1699 2002 rerum,

1043 2029 1092 2054 ex
1119 2011 1383 2065 praesentibus
1407 2011 1516 2051 firme
1541 2011 1701 2051 nuncia·

1042 2070 1136 2110 bant
1159 2067 1245 2121 (Ms.
1271 2067 1389 2108 Hulst.
1410 2066 1524 2119 firma
1551 2069 1701 2107 intima·

1040 2125 1142 2166 bant.
1204 2121 1377 2172 Fortasse,
1393 2124 1532 2178 futura
1549 2124 1701 2163 nuncia-

1040 2182 1173 2232 bant):
1199 2179 1307 2233 quod
1335 2179 1387 2219 est
1417 2193 1544 2233 genus
1571 2175 1701 2220 certis-

1040 2237 1156 2278 simae
1195 2236 1452 2289 promiffionis
1485 2246 1525 2275 et
1551 2245 1698 2275 cautae.

1039 2293 1171 2335 Adhuc
1192 2291 1378 2340 Archillis,
1412 2305 1502 2346 quae
1520 2290 1695 2344 adsolent.

1041 2362 1203 2405 quaeque
1222 2347 1388 2402 oportet]
1418 2348 1619 2390 Medicina
1633 2356 1701 2386 aut

1006 2451 1013 2457 ¹
1040 2409 1082 2447 in
1102 2406 1274 2454 ratione,
1307 2415 1372 2443 aut
1400 2406 1439 2444 in
1463 2401 1702 2443 consuetudi·

1041 2475 1106 2511 ne,
1128 2471 1192 2500 aut
1211 2461 1252 2499 in
1272 2460 1475 2510 exemplis.
1526 2458 1701 2511 Adlblent

1044 2531 1152 2571 ergo,
1181 2513 1469 2556 consuetudinis
1488 2515 1562 2556 est:
1591 2526 1702 2568 opor·

1043 2587 1110 2627 tet,
1138 2573 1310 2614 rationis.
1363 2574 1412 2614 D.
1627 2625 1690 2666 Ad
