1815 3168
510 140 1054 188 .HEAVTONT1M.·

1355 147 1452 205 675

226 271 348 318 Inter
369 284 450 316 nos
471 266 577 331 quid
597 265 647 313 fit
668 264 834 313 difflum
859 267 911 313 de
933 267 1108 321 fallacia,

225 350 288 392 Vt
308 362 356 392 ea
376 346 445 392 via
465 344 538 390 abs
551 353 593 389 te
606 353 836 402 argentum
846 342 1119 391 auferretur?
1156 340 1211 390 M
1226 357 1249 390 Ε
1267 359 1316 391 N.
1351 346 1448 394 scio.

97 453 100 456 ⁴
128 435 191 470 10
221 416 331 467 CH.
364 423 427 465 Ea
453 434 523 464 res
546 434 664 464 nunc
689 419 831 477 agitur
860 417 960 482 ipsa.
995 414 1154 463 MEN.
1191 420 1306 482 quid'
1330 421 1446 476 dixti,

321 494 510 542 Chreme
523 495 545 538 P
569 489 574 494 ’

165 616 174 623 ,
217 571 389 620 Erraui.
429 585 499 615 res
521 565 628 614 asta.
668 573 827 631 quanta
850 566 903 614 de
925 560 997 632 spe
1021 567 1190 620 decidi!

222 641 331 692 CH.
368 648 512 691 Immo
533 644 639 690 haec
661 642 862 706 quidem,
895 659 1006 706 quae
1026 643 1144 708 apud
1164 661 1235 691 me
1256 644 1328 700 est,
1364 649 1448 696 Cli-

258 737 261 741 ’
317 719 514 784 tiphonis
540 717 603 765 est

221 797 387 843 Amica.
422 791 514 840 ΜΕ
529 805 580 840 N.
617 795 676 840 ita
696 795 831 842 aiunt.
852 788 948 840 CH.
973 804 1016 841 et
1035 804 1084 841 tu
1107 795 1244 842 credis
1257 798 1279 842 ’Β
1301 796 1446 847 ΜΕΝ.

319 872 480 917 omnia.

218 941 329 994 CH.
370 948 428 992 Et
455 943 580 992 illum
603 945 726 992 aiunt
743 943 855 995 velle
885 962 1089 1000 onrem,
1125 957 1185 1001 vt,
1212 964 1350 1013 quum
1377 949 1448 997 de-

315 1019 580 1085 sponderim,

84 1164 151 1206 stri
170 1177 308 1205 omnes
329 1162 550 1205 rotundius:
578 1164 741 1221 ,Quaefih

85 1225 175 1277 quid
197 1223 351 1262 hominis
369 1226 429 1262 es?
458 1225 516 1263 M.
545 1223 662 1276 quid?
690 1224 738 1266 C.

83 1283 202 1320 iamne
222 1280 296 1320 &a
352 1282 394 1320 B.

145 1348 195 1378 10
224 1334 282 1375 Ea
299 1348 357 1374 res
374 1346 470 1374 nunc
495 1337 622 1390 agitur
640 1334 735 1389 ipfiz]

83 1394 136 1434 Et
160 1404 208 1431 ex
235 1391 310 1432 hoc
337 1390 459 1431 credit
481 1404 548 1431 eos
580 1393 682 1431 inter
703 1390 741 1431 se

84 1446 247 1495 finxifi'e,
279 1448 448 1490 Cliniam
471 1460 600 1486 amare
626 1449 740 1489 Anti·

83 1503 256 1554 philam„
303 1506 349 1546 C.

135 1562 208 1600 Pro
228 1558 328 1599 dixti
347 1559 449 1599 ϊθὲἶθ
468 1557 586 1598 habet
605 1557 738 1600 Bemb.

82 1627 230 1668 narras.
285 1619 328 1656 Β.

143 1684 189 1714 ΙΙ
222 1672 280 1711 Sic
307 1685 364 1711 res
391 1668 564 1725 ac'ia’st?]
599 1673 651 1710 Vt
675 1670 739 1710 de-

83 1728 248 1780 cipiaris.
302 1731 350 1768 Et
362 1726 457 1766 haec
470 1727 640 1778 quidem,
652 1740 739 1765 cum

81 1794 282 1824 contemtu
302 1784 525 1835 interrogat.
581 1786 682 1824 Nam
699 1793 738 1822 et

80 1837 156 1880 hoc
174 1839 299 1879 fifium
318 1835 394 1877 effe
412 1838 542 1878 eredit.
599 1841 644 1880 C.

133 1898 206 1936 Hic
241 1893 363 1934 versus
392 1895 509 1946 plane
531 1894 585 1932 est
605 1894 738 1934 delen·

77 1952 164 1999 dus,
184 1953 236 1991 vti
253 1953 401 1991 Faerno
420 1950 587 1998 videtur,
618 1951 685 2001 qui
701 1949 742 1988 fi-

79 2011 160 2049 &us
179 2007 233 2048 est
251 2020 302 2047 ex
325 2021 376 2055 11,
408 2017 441 2059 3,
469 2020 506 2059 9.
568 2010 666 2047 Nrn
695 2007 738 2045 in

79 2075 264 2105 contextu
295 2063 469 2104 Vaticani
503 2073 578 2101 tav'
642 2096 651 2101 .
684 2061 738 2101 est

78 2123 202 2174 prima
239 2119 353 2159 difflo
390 2119 533 2158 Errauz·
609 2129 649 2158 et
693 2119 735 2157 in

78 2176 221 2218 Bemb.-
251 2177 368 2228 plane
406 2173 504 2214 abe‘*
576 2173 735 2215 Deinde

77 2230 206 2274 sensus
235 2243 273 2270 et
290 2231 451 2270 orationi
499 2231 609 2271 eries
626 2244 736 2283 repu-

79 2300 184 2344 gnat.
231 2291 329 2329 Nam
341 2287 606 2330 Menedemus
623 2283 732 2326 suum

77 2358 248 2387 errorem
275 2344 433 2383 demum
462 2339 567 2382 versu
605 2345 665 2384 16.
697 2358 734 2383 a-

77 2398 240 2456 gnoscit.
295 2402 417 2453 Igitur
434 2398 615 2451 quicquid
625 2412 734 2450 prae-

75 2457 191 2504 cedit,
215 2457 382 2508 pertinet
400 2455 446 2494 ad
459 2453 733 2495 dissensionem

76 2510 231 2560 senum,
269 2513 382 2551 vtrius
410 2508 661 2552 adolescentis
690 2510 733 2551 fit

75 2572 199 2613 amica
219 2567 387 2612 Bacchis,
440 2572 481 2608 Β.

135 2638 186 2669 12
214 2627 352 2677 Nempe
377 2623 483 2672 haec,
511 2637 604 2679 quae
629 2621 730 2676 apud

72 2683 133 2738 te]
160 2686 214 2727 Vt
238 2680 351 2724 facile
373 2680 515 2725 docere
543 2679 655 2735 poffit
673 2677 727 2733 ses

1071 1055 1152 1070 ,ο
1385 1043 1444 1089 15

790 1178 893 1214 nem,
915 1179 996 1206 non
1015 1179 1108 1207 vere
1126 1166 1174 1208 ad
1195 1169 1345 1222 nuptias
1365 1172 1450 1222 peti

788 1222 905 1262 filiam
925 1220 1041 1269 suam,
1072 1221 1136 1262 sed
1156 1226 1206 1263 vti
1226 1227 1450 1276 nuptiarum

788 1280 911 1331 gratia
951 1277 1184 1319 adolescenti
1220 1282 1300 1321 dari
1335 1284 1450 1335 poffit

787 1345 994 1388 argentum
1007 1365 1016 1383 ‚
1047 1347 1319 1378 commemorat
1338 1352 1450 1379 nem-

791 1405 861 1442 pe,
890 1391 990 1429 Haec
1009 1404 1099 1443 quae
1118 1394 1218 1445 apud
1232 1407 1267 1433 te
1286 1393 1343 1445 est,
1373 1396 1449 1435 Cli·

789 1446 952 1499 tiphonis
980 1449 1026 1496 est
1056 1450 1192 1488 amica:
1225 1450 1274 1488 vti
1303 1464 1354 1490 ex
1372 1451 1448 1499 his,

790 1515 888 1554 quae
907 1503 1007 1554 apud
1027 1515 1113 1542 eam
1125 1503 1230 1556 gesta
1240 1503 1338 1552 sunt,
1357 1504 1449 1548 sciat

789 1559 1052 1597 Menedemus
1073 1558 1148 1599 este
1165 1560 1369 1601 fallaciam.
1401 1565 1446 1604 E.

844 1615 956 1653 Immo
984 1614 1103 1668 haecJ·
1121 1614 1193 1657 ΜΓ.
1221 1619 1260 1657 R.
1293 1619 1345 1657 Et
1368 1622 1450 1672 qui—

788 1669 878 1710 dem.
913 1670 1058 1709 deinde
1085 1671 1127 1709 in
1157 1682 1244 1712 vett.
1276 1673 1343 1714 lib.
1372 1680 1449 1713 ἀντὶ

788 1731 833 1766 τίς·
852 1726 952 1772 haec,
972 1727 1115 1779 legitur
1134 1727 1273 1778 isthaec.
1332 1735 1372 1772 L.

840 1781 978 1822 Sensus
1003 1782 1120 1821 facile
1143 1784 1300 1834 probat,
1340 1787 1446 1837 quod

786 1838 1005 1885 Bentleius‚
1043 1851 1258 1889 praeeunte
1284 1843 1446 1892 Faerno,

786 1889 1038 1946 personarum
1065 1896 1258 1934 rationem
1276 1895 1322 1936 {ic
1345 1898 1448 1937 ordi·

789 1961 873 1989 nat:
909 1973 964 1981 ——-
988 1970 1045 1981 --
1094 1951 1147 1990 Μ.
1179 1952 1270 2003 quid
1292 1966 1442 2001 narras,

790 2005 966 2046 Chreme?
1005 2007 1118 2045 Immo
1165 2008 1249 2046 haec
1294 2011 1445 2060 quidem

786 2076 879 2115 quae
908 2061 1008 2114 apud
1035 2076 1092 2100 me
1111 2061 1174 2113 est,
1214 2061 1443 2117 Clitiphonis*

785 2118 833 2170 est
851 2120 992 2158 Amica.
1030 2118 1073 2158 C.
1113 2122 1167 2157 ita
1189 2121 1311 2159 aium:
1342 2135 1378 2161 et
1398 2136 1441 2161 tu

784 2176 901 2214 credis
928 2175 1073 2214 omnia:
1109 2178 1160 2215 Et
1197 2173 1294 2214 illam
1329 2179 1442 2218 aiunt

784 2230 873 2270 velle
893 2244 1059 2278 vxorem,
1089 2243 1132 2269 vt
1149 2242 1229 2270 cum
1252 2231 1442 2285 desponde.

783 2289 867 2337 rim,
887 2287 976 2336 Des,
999 2287 1062 2339 qui
1082 2291 1154 2330 etc.
1212 2291 1250 2328 Z.
1427 2289 1431 2292 ’

838 2356 884 2396 13
919 2345 978 2382 Ita
999 2344 1127 2396 aiunt]
1158 2340 1216 2382 Ita
1235 2345 1356 2387 aiunt,
1386 2344 1441 2385 de

779 2412 821 2439 re
839 2399 1013 2446 dicimus,
1034 2412 1151 2450 quam
1170 2399 1342 2439 volumus
1359 2399 1441 2440 effe

780 2453 921 2495 falsam.
977 2454 1020 2495 C.
1258 2478 1270 2490 s

841 2525 891 2566 14
920 2514 991 2552 Pro
1011 2506 1119 2551 Illum
1148 2521 1298 2562 repone
1322 2511 1436 2553 Illam.

782 2578 822 2609 vt
846 2566 955 2620 supra
982 2579 1050 2613 xv,
1081 2578 1115 2619 3,
1142 2579 1206 2620 25.
1263 2565 1371 2608 [llam
1398 2581 1435 2610 te

780 2639 902 2668 amare
922 2637 958 2664 et
976 2623 1062 2677 veHe
1081 2637 1244 2679 morem·
1297 2623 1338 2669 Β,

941 2680 1066 2727 vva
