1815 3168
603 98 1017 147 EVNVCHVS.

1398 105 1512 169 287„

262 231 299 280 P
315 243 347 277 A
364 244 410 276 R.
448 226 590 275 Potest
613 228 744 274 taceri
766 226 866 274 hoc.
900 221 1014 274 ΤΗ.
1049 222 1112 270 ibi
1131 233 1228 271 tum
1244 228 1376 275 matri,
1391 244 1495 293 par-

362 304 510 351 uolam

263 380 457 429 Puellam
479 378 598 425 douo
620 377 798 441 quidam
819 385 1033 424 mercator
1057 373 1189 427 dedit,

157 475 226 523 ⁴30
261 461 326 504 Ex
347 457 490 502 Attica
522 454 626 503 hinc
659 452 899 518 abreptam.
934 450 1078 500 PAR.
1112 448 1348 502 ciuem-ne?
1381 447 1494 501 ΤΗ.

362 530 562 583 arbitror,

265 612 448 656 Certum
471 622 563 652 non
584 605 760 651 scimus:
799 604 947 650 matris
971 618 1136 650 nomen
1162 612 1205 649 et
1219 604 1359 669 patris

261 681 449 731 Dicebat
469 679 581 744 ipsa:
601 676 604 681 ’
623 681 808 745 patriam
829 689 873 726 et
892 676 1012 739 signa
1039 688 1203 725 caetera

262 762 427 820 Neque
448 755 613 808 sciebat,
647 771 792 818 neque
818 771 900 819 per
921 763 1100 800 aetatem
1125 755 1256 801 etiam
1277 764 1496 820 potuerat.

261 835 485 879 Mercator
507 831 592 876 hoc
612 829 807 882 addebat,
831 846 854 876 e
876 828 1187 894 praedonibuS,

165 925 226 974 ὃς
265 906 396 955 Vnde
419 916 594 959 emerat,
621 904 661 951 se
686 902 859 959 audiffe,
883 904 1108 969 abreptam
1127 920 1151 950 e
1179 905 1335 953 Sunio.

263 985 409 1030 Mater
431 980 507 1030 vbi
527 982 705 1047 accepit,
731 982 876 1047 coepit
897 978 1079 1027 studiose
1101 982 1251 1028 omnia

185 1149 238 1193 28
269 1141 391 1195 Potest
409 1144 523 1184 taceri
546 1141 629 1198 hoc]
660 1141 704 1184 Id
723 1141 789 1192 est,

1403 1054 1498 1106 Do-

893 1153 949 1197 32
981 1140 1035 1183 Et
1058 1139 1172 1198 stgna
1207 1155 1352 1184 caetera
1385 1156 1500 1197 neque

130 1199 333 1241 verisimile
352 1200 415 1240 est.
452 1203 534 1240 Nee
552 1198 625 1238 hoc
645 1200 692 1239 ad
711 1201 788 1239 lau-
830 1197 994 1253 fiiebat]
1023 1199 1066 1239 ld
1087 1198 1153 1249 est,
1172 1198 1334 1239 domurn
1362 1202 1496 1251 patris,

132 1257 226 1296 dem
252 1254 422 1306 proficit,
457 1253 521 1294 sed
551 1255 599 1294 ad
619 1256 789 1295 dedecus
838 1257 1126 1308 regionemque
1151 1256 1234 1295 eius
1257 1257 1316 1306 (in
1334 1253 1407 1298 Ms.
1426 1260 1502 1297 Bo-

131 1312 356 1353 meretricis.
411 1309 535 1363 Potest
560 1314 676 1351 taceri
704 1311 790 1365 hoc]

131 1368 240 1414 Hoc,
268 1367 514 1419 peregrinam
538 1365 640 1405 nasci
669 1379 794 1406 mere-

131 1423 267 1463 tricem
276 1437 288 1471 3
327 1433 366 1462 et
391 1421 481 1461 ideo
510 1421 632 1472 potest
660 1435 792 1462 verum

131 1478 267 1520 videri.
322 1479 371 1518 D.

191 1546 246 1587 29
286 1532 447 1573 Puellam
484 1534 583 1574 dono
612 1533 790 1588 quidam]

131 1593 253 1632 Aetas
292 1601 333 1629 et
368 1587 476 1628 sexus
512 1592 650 1629 amoris
684 1587 792 1629 causa

131 1644 241 1694 sunt,
274 1659 341 1684 cur
367 1657 453 1684 eam
470 1644 590 1684 Thais
614 1645 790 1697 puellam

131 1702 283 1755 diligat.
338 1700 502 1741 Puellam
520 1701 614 1740 dono
644 1702 791 1753 quidam

131 1769 320 1799 mercator
351 1756 473 1811 dedit]
525 1760 684 1808 Propter
715 1755 792 1795 hoc

131 1812 302 1854 ostendit
318 1814 558 1852 meretricem
583 1810 693 1851 suifl'e
713 1826 791 1852 ma-

132 1880 256 1911 trem:
291 1878 330 1907 et
357 1867 462 1907 dono
488 1868 583 1909 ideo
615 1869 793 1921 accipere

129 1925 303 1981 puellam
321 1921 497 1976 potuisse.
551 1927 600 1965 D.

191 1983 454 2034 30ExAttica
470 1980 556 2020 binc
576 1979 791 2036 abreptam]

134 2037 245 2088 Quia
261 2035 424 2077 Athenis
438 2035 492 2077 est
502 2036 705 2077 constituta
717 2035 795 2077 sce—

135 2106 201 2134 na.
254 2091 455 2148 Arbitror]
487 2095 598 2133 Bene
613 2094 793 2141 arbitror,

135 2158 181 2188 et
199 2146 296 2187 nihil
314 2149 419 2189 certi.
476 2148 648 2201 Quando
673 2151 730 2204 (le
759 2158 793 2197 e,

135 2202 354 2259 Qomodo)
382 2205 489 2245 enim
518 2202 670 2245 ausurus
701 2219 724 2245 e
756 2217 796 2246 et

138 2262 331 2302 Parmeno
365 2261 555 2301 adornare
581 2260 797 2304 Chaeream

140 2313 191 2354 ad
218 2315 430 2357 vitiandum
457 2316 558 2356 hanc
588 2318 796 2372 virginem,

139 2369 170 2412 fi
190 2369 400 2420 praescifl‘et
416 2373 543 2412 ciuem
560 2371 666 2416 effe?
694 2379 746 2417 D.

198 2437 249 2478 31
288 2426 435 2467 Matris
458 2442 590 2469 nomen
615 2443 651 2469 et
676 2433 798 2482 patris

139 2481 288 2522 dicebat
301 2482 395 2537 ipfii]
420 2485 533 2535 Quae
551 2483 708 2527 infantis
718 2499 798 2526 me-

140 2537 289 2578 moriae
327 2540 498 2590 proxima
538 2538 638 2582 sunt.
693 2545 796 2584 Nam

139 2592 237 2645 quid
256 2593 360 2645 prius
375 2604 477 2635 aetas
495 2597 709 2650 illa‚'quam
729 2612 797 2650 pa-

138 2658 240 2694 trem
248 2660 491 2707 matremque
501 2650 722 2713 cognoscit?
744 2657 793 2710 Ω,
850 2681 852 2683 v

842 1311 934 1351 end.
956 1323 996 1350 et
1014 1311 1075 1350 ed.
1092 1313 1158 1351 Du
1177 1314 1218 1352 B.
1237 1311 1303 1361 est,
1334 1312 1497 1362 domum,

834 1369 1011 1420 patriam,
1029 1368 1242 1420 regionem).
1298 1368 1349 1408 D.

898 1435 950 1475 33
990 1422 1123 1475 Neque
1139 1433 1205 1475 per
1225 1435 1379 1463 aetatem
1389 1425 1502 1463 etiam

836 1477 1038 1532 potuerat]
1086 1480 1173 1518 Hoc
1208 1477 1299 1518 ideo
1336 1479 1501 1529 addidit,

841 1546 895 1572 ne
918 1532 1012 1573 esset
1029 1534 1160 1573 minus
1186 1534 1367 1587 elegans,
1398 1548 1504 1587 quae

841 1587 1013 1628 nesciret.
1069 1592 1119 1629 D.

892 1642 1031 1685 Versus
1050 1641 1156 1684 causa
1175 1647 1345 1700 corrige,
1359 1643 1502 1698 fiibat,

840 1711 889 1749 et,
909 1712 1143 1753 neporuerat
1160 1713 1299 1754 peccet
1309 1714 1503 1756 tempore,

840 1757 932 1810 lege
941 1759 1047 1810 potis
1071 1771 1162 1797 erat.
1216 1761 1260 1801 B.

895 1826 950 1866 34
976 1813 1060 1851 Hoc
1087 1812 1262 1868 addebat]
1291 1812 1354 1856 Ad
1370 1815 1502 1857 matris

840 1866 984 1908 scilicet
1001 1882 1149 1910 nomen
1171 1880 1209 1911 et
1232 1872 1365 1923 patris,
1395 1870 1505 1924 quod

841 1925 972 1979 puella
995 1924 1158 1966 dicebat.
1215 1929 1266 1967 D.

898 1993 950 2034 35
983 1981 1106 2036 Vnde]
1137 1981 1180 2022 ld
1199 1981 1273 2032 est,
1300 1997 1323 2023 a
1341 1982 1503 2035 quibus:

840 2047 881 2077 vt
897 2038 1007 2091 Virg.
1026 2037 1146 2090 (Aen.
1167 2051 1193 2086 ι,
1210 2040 1269 2090 6.)
1304 2039 1427 2078 Genus
1436 2053 1504 2080 vn-

841 2094 886 2133 de
904 2095 1085 2137 Latinum.
1144 2096 1193 2135 Et
1211 2096 1432 2146 (praecedit
1455 2097 1504 2137 in

843 2149 933 2189 edd.
949 2160 1044 2190 antt.
1062 2149 1347 2204 Qomodo:4E
1376 2164 1504 2194 DAVO

843 2208 1015 2258 Avmvl)
1028 2234 1038 2254 ‚
1072 2205 1228 2257 Causam
1246 2206 1364 2247 dicere
1381 2210 1502 2260 prius,

843 2261 938 2302 vnde
951 2264 1096 2315 petitur
1113 2275 1257 2302 aarum.
1314 2265 1352 2304 E
1367 2264 1502 2319 Sunio]

844 2317 1019 2366 Sunium,
1044 2319 1356 2370 promontorium
1376 2318 1432 2359 est
1449 2324 1502 2362 A·

795 2406 798 2409 ,
844 2373 1119 2422 rhemensium,
1143 2375 1234 2415 etin
1243 2387 1291 2413 eo
1310 2373 1505 2416 foi-umre-

846 2443 934 2470 rum
954 2431 1167 2479 venalium,
1187 2430 1355 2478 ἐμπόριον.
1394 2435 1446 2473 D.

901 2489 954 2539 36
983 2485 1116 2527 Mater
1130 2486 1193 2526 vbi
1208 2486 1366 2542 accepit]
1393 2489 1503 2528 Haec

846 2540 966 2595 figura
1004 2543 1046 2582 in
1087 2542 1369 2583 narrationibus
1404 2548 1503 2593 βάσις

845 2599 1006 2655 dicitur,
1039 2612 1130 2641 cum
1157 2599 1286 2640 omnia
1314 2598 1506 2652 pedeten-

1432 2667 1505 2695 nm
