1815 3168
497 139 1048 186 HEAVTONTIM.

1359 144 1454 201 669

230 265 494 315 Huiusmodi
515 266 623 312 mihi
644 282 712 311 res
734 264 903 329 semper
926 264 1264 318 comminiscere,

231 344 318 390 Vbi
341 359 410 388 me
435 339 720 389 excarnifices.
761 338 791 387 S
806 354 850 386 v.
886 341 900 386 ἰ
922 351 967 386 tu
993 340 1095 386 hinc
1117 358 1204 402 quo
1219 341 1375 402 dignus
1390 358 1456 388 es:

138 437 196 468 10
233 423 380 473 Quam
393 433 511 480 pene
533 426 604 462 tua
626 430 697 462 me
718 415 910 480 perdidit
928 416 1212 480 proteruitas!

195 516 209 526 ·
231 492 331 541 CL.
367 492 537 537 Vellem
567 490 713 537 hercle
736 488 936 547 faaunus
964 492 1021 537 ita
1043 488 1252 537 meritiss.
1267 488 1345 538 SY.
1369 508 1456 540 me-

329 569 436 614 ritus
453 569 462 613 !
503 565 728 629 quomodo
746 567 765 610 ?

232 647 308 690 Ne
330 660 399 688 me
413 640 524 693 istuc
545 658 595 687 ex
617 653 660 687 te
683 641 805 705 prius
825 636 1032 686 audiuiss‘e
1054 641 1250 701 gaudeo,
1449 703 1452 707 ι

236 722 383 773 Quam
407 729 638 778 argentum
659 715 854 770 haberes,
876 715 997 780 quod
1020 716 1195 763 daturus
1217 718 1302 762 iam
1327 717 1406 763 fui.

160 941 266 991 Lege
309 949 359 975 ex
393 934 636 974 vetustiffimo
671 934 754 974 cod.

105 994 198 1033 Cum
229 1006 292 1032 tuo
313 991 379 1043 zsto
414 994 575 1030 inuento.
633 993 757 1032 Certe

103 1062 169 1090 tuo
213 1061 395 1101 maguam
445 1046 507 1085 hic
539 1047 756 1099 elegantiae

105 1117 254 1157 partem
285 1105 387 1143 lacit.
417 1114 453 1142 vt
470 1102 582 1145 Adel.
613 1116 688 1151 1v,
717 1106 755 1153 6,

108 1174 141 1205 1.
174 1176 213 1209 v,
239 1175 278 1214 4,
299 1167 361 1213 38.
418 1163 460 1199 B.

163 1279 185 1321 8
221 1268 514 1322 Comminifiere]
557 1273 628 1310 Pro
668 1283 761 1308 com-

107 1329 314 1380 mingsceris,
336 1328 374 1366 id
393 1326 457 1375 est,
472 1325 598 1381 fingis.
656 1327 760 1366 Hinc

109 1398 355 1425 commentum.
415 1382 544 1431 Alibi,
574 1384 697 1435 Atque
725 1384 759 1419 i-

102 1442 178 1495 pfi's
199 1442 261 1480 hoc
274 1452 508 1479 commentum
520 1439 651 1491 placet.
683 1439 729 1479 C.

164 1565 190 1605 9
221 1549 491 1602 Excarnifices]
520 1553 555 1589 Ἶ
559 1550 764 1589 erribiliter

110 1607 341 1659 excarnifices
360 1607 475 1656 dixit,
505 1604 577 1645 hoc
600 1606 672 1653 est,
702 1620 763 1644 ex-

112 1667 257 1705 crucies.

111 1723 211 1761 &um
250 1720 304 1759 est
345 1734 366 1759 a
406 1717 587 1769 carnifice.
671 1718 762 1757 Car-

110 1780 219 1829 nifex
236 1776 308 1824 est,
337 1776 403 1827 qui
424 1787 555 1813 carues
575 1787 623 1812 ex
642 1773 760 1813 homi-

111 1848 164 1873 ne
190 1831 288 1871 facit.
343 1833 446 1870 Nam
474 1843 559 1869 caro
580 1830 676 1869 dista
697 1830 761 1875 est,

112 1903 161 1930 eo
179 1888 281 1940 quod
301 1898 424 1925 careat
443 1888 583 1925 anima.
638 1888 685 1925 Et
703 1899 760 1924 ca-

112 1960 155 1985 ro
182 1944 336 1995 proprie
355 1943 491 1981 dicitur
511 1952 760 1980 mortuorum.

110 2003 218 2054 Vix-‚g
241 2002 469 2052 (Geoig.1v‚
484 1998 597 2052 055)
624 1997 762 2037 Etcor-

109 2070 207 2112 pora
233 2058 307 2095 luce
334 2066 528 2093 carentum.
584 2057 616 2093 V
605 2055 656 2093 el
674 2068 762 2093 caro

113 2115 154 2154 fit
171 2111 380 2163 dictaquafi
395 2111 494 2150 cado.
522 2111 626 2163 Viiusg
641 2112 760 2159 (Aen.

112 2183 168 2217 vx,
181 2176 270 2221 481.
274 2166 472 2220 jsselloque
485 2166 763 2205 εαᾶηεὶὓυκιίι-

115 2227 232 2264 uidae.
293 2224 441 2275 Quod
433 2237 506 2262 iam
528 2221 666 2261 lcilicer
685 2222 766 2262 fine

115 2283 245 2321 anima
263 2280 314 2328 fit,
341 2281 509 2319 etcadat.
568 2280 641 2318 Itu
663 2278 763 2332 hinc]

117 2341 163 2378 Et
184 2336 245 2374 hic
266 2334 393 2375 secute
422 2336 629 2374 exclamat:
663 2335 764 2386 quod

117 2395 191 2434 iam
215 2391 411 2430 extorserit
431 2404 644 2444 argentum.
678 2390 711 2430 C

174 2450 245 2488 Vsu*
272 2463 322 2486 me
354 2446 605 2502 excarntfices]
637 2444 767 2486 Prisci-

116 2520 177 2545 an.
195 2503 260 2542 lib..
286 2512 320 2551 8.
381 2508 418 2543 L.

169 2564 334 2600 Faernus
362 2559 482 2598 edidit
510 2559 554 2598 In
582 2559 669 2598 hinc
694 2572 764 2611 quo

117 2618 248 2672 dignm
278 2630 321 2656 es.
379 2615 452 2657 Sed
481 2628 533 2655 ue
562 2616 611 2654 ita
640 2613 765 2655 versus

325 1666 451 1704 Excar
453 1660 536 1712 nific
539 1675 619 1700 are
646 1662 767 1701 dedu-

1362 795 1458 838 CL.

802 933 849 989 *fit
870 948 945 974 vna
963 933 1104 988 syllaba
1120 934 1288 983 breuior,
1309 946 1461 988 repone

805 992 892 1030 Ibin
910 991 993 1030 hinc
1010 1005 1079 1044 quo
1102 1003 1175 1031 etc.
1235 994 1277 1031 Β.

865 1060 915 1089 10
945 1048 1203 1090 Protcruims!
1220 1049 1233 1098 J
1274 1050 1462 1097 Importu-

805 1104 904 1141 nitas
933 1103 993 1142 vel
1021 1104 1248 1154 petulantia.
1310 1106 1462 1141 Proter-

807 1162 916 1205 uitas,
945 1159 1068 1198 leuior
1095 1159 1147 1198 est
1166 1157 1353 1210 quaedam
1373 1172 1463 1197 con-

809 1214 978 1253 tumelia.
1051 1215 1287 1262 Procmims,
1329 1216 1462 1254 maior.

812 1271 1025 1311 Petulantia
1053 1271 1230 1310 maxima.
1289 1271 1334 1310 C.

866 1327 980 1365 Prote
983 1327 1118 1380 ruitas]
1168 1324 1362 1379 Asperitas
1401 1327 1465 1365 vel

811 1373 992 1432 superma
1049 1386 1091 1422 E.

868 1450 914 1480 11
964 1439 1003 1477 Ιῑ
1006 1452 1027 1476 a
1067 1438 1241 1491 meritus]
1291 1437 1464 1476 Meretur

812 1495 895 1544 quis
924 1505 961 1533 et
977 1494 1121 1532 bonum
1141 1505 1180 1531 et
1207 1495 1360 1532 malum.
1417 1497 1466 1534 Et

810 1553 941 1588 mereri
961 1561 1001 1589 et
1015 1552 1218 1602 promereri
1235 1549 1288 1588 est
1306 1549 1465 1602 praesta-

812 1618 853 1644 le
889 1605 1138 1645 beneficium.
1197 1607 1303 1659 Virg.
1344 1610 1464 1657 (Aen.

812 1675 875 1706 VI,
898 1664 1012 1715 664.)
1042 1663 1185 1716 Quique
1200 1661 1268 1711 fiai
1292 1676 1465 1702 memores

814 1719 905 1756 alios
917 1719 1042 1769 fecere
1053 1718 1233 1757 merendo.
1291 1721 1340 1759 Et
1360 1718 1465 1756 idem

811 1775 1142 1837 (Aeu.1v‚334.)
1172 1774 1392 1826 Nunquam,
1412 1787 1468 1811 re—

809 1833 911 1884 gina,
931 1828 1070 1883 negabo
1102 1830 1359 1869 Promerimm.
1393 1831 1436 1870 C

870 1897 920 1926 12
949 1884 1011 1923 Ex
1029 1899 1062 1924 te
1074 1889 1182 1937 prius
1193 1885 1396 1940 audiuisse
1380 1899 1468 1928 (rau-

810 1939 895 1995 deo]
925 1942 985 1981 Sic
1012 1940 1212 1994 fingimus,
1235 1942 1391 1993 quaudo
1416 1940 1469 1980 su-

812 2011 896 2038 mus
925 1998 1098 2037 collaturi
1117 1997 1379 2036 beneficium
1369 2012 1450 2036 ma

812 2056 973 2106 liquem,
999 2065 1038 2093 et
1057 2055 1259 2105 quicquam
1279 2053 1466 2102 audimus,

816 2111 920 2162 quod
948 2123 1030 2148 non
1061 2110 1206 2161 placet,
1243 2122 1316 2149 nec
1335 2120 1467 2149 tamen

814 2180 885 2206 nos
903 2162 1076 2205 infensos
1099 2164 1242 2205 r.eddat
1296 2166 1342 2206 C.

867 2223 928 2262 Ex
949 2237 982 2261 te
999 2225 1105 2274 prius
1124 2220 1273 2274 audiffie]
1305 2221 1469 2261 Gaudeo

815 2280 920 2330 quod
949 2277 1039 2317 istuc
1067 2291 1115 2316 ex
1139 2287 1178 2315 te
1197 2278 1301 2328 plius
1327 2278 1468 2325 audiui,

817 2334 918 2373 vnde
938 2334 1052 2387 (quod
1079 2347 1117 2371 m
1145 2337 1202 2380 Z.)
1231 2346 1298 2372 me
1317 2333 1465 2381 laelisti,

815 2403 1020 2441 autequam
1040 2388 1107 2427 ribi
1135 2399 1346 2441 argentum
1365 2389 1470 2436 dedi,

817 2447 921 2499 quod
940 2446 1093 2485 daturus
1113 2445 1179 2483 fui.
1232 2448 1276 2486 E.

871 2506 923 2542 Vt
943 2503 1081 2541 melior
1100 2500 1140 2539 {it
1153 2501 1394 2548 consti-uffio,
1417 2502 1471 2540 le-

818 2571 869 2611 ge
894 2572 982 2597 cum
1010 2557 1094 2596 cod.
1123 2557 1291 2596 Petrenfi
1335 2559 1391 2597 Ne
1417 2572 1471 2596 me

815 2615 902 2668 istuc
913 2618 1022 2668 prius
1044 2629 1088 2652 ex
1106 2627 1140 2652 te
1158 2612 1340 2667 audiuiffie.
1371 2616 1398 2653 B
