1815 3168
621 87 1029 134 EVNVCHVS.

1407 103 1499 151 375

268 209 404 261 ΤΗΑ.
446 216 509 260 Ita
540 229 611 259 me
634 217 694 260 Di
715 225 874 268 ament,
899 210 1106 261 honestus
1127 211 1200 261 est.
1243 214 1367 264 PAR.
1393 216 1499 280 quid

363 300 412 336 tu
434 291 506 342 ais,
529 289 742 336 Gnatho?

264 365 499 427 Numquid
531 363 689 418 habes,
725 365 847 429 quod
880 365 1167 421 contemnas?
1208 364 1313 429 quid
1342 376 1391 412 tu
1425 383 1496 413 au·

358 451 465 499 tem,
486 439 688 486 Thraso?

260 517 455 564 Tacent:
492 515 586 562 satis
609 514 799 565 laudant.
837 516 903 564 fac
925 516 1174 581 periculum
1195 498 1253 563 in¹
1270 515 1421 563 literis,

178 729 227 758 21
261 717 324 757 Ita
351 729 406 756 me
427 715 485 755 Di
513 716 653 771 ament]
682 719 780 756 Iura-

122 773 179 812 uit
197 772 311 822 ideo,
344 783 385 812 vt
409 786 493 812 non
512 786 642 812 amore
660 771 779 812 Phae-

115 829 240 877 ‘di-iae,
265 828 330 871 sed
349 830 509 868 veritate
526 829 614 882 cogi
636 828 681 867 ad
704 829 779 867 lau-

120 884 291 925 dandum
314 885 489 924 videatur
498 887 709 937 (videretur
719 886 779 937 Z.)

119 953 247 980 coram
265 942 403 981 milite.
461 941 662 996 Honestus]
694 941 780 980 Pul-

116 998 219 1038 cher.
250 997 437 1051 Virgilius
456 999 580 1048 (Aen.
600 1011 627 1046 1,
650 998 774 1050 591.)‚

115 1053 169 1092 Et
186 1055 301 1093 laetos
322 1053 435 1092 oculis
447 1053 594 1104 afflarat
603 1053 772 1092 honores.

114 1109 313 1163 Honestus]
343 1110 417 1149 Hic
444 1107 633 1157 subdidit,
665 1108 773 1161 quod

114 1166 156 1204 in
195 1167 333 1204 ancilla
365 1165 636 1217 praetermisit,
682 1166 772 1217 quia

113 1218 355 1273 Aethiopifi'a
390 1220 552 1260 honesta
581 1221 658 1260 dici
688 1235 774 1261 non

114 1278 248 1328 potuit.
304 1278 354 1315 D.

169 1332 276 1388 Qid
291 1345 333 1370 zu
353 1334 428 1378 ais,
462 1331 666 1385 Gnatho?]
698 1332 773 1371 Hie

113 1387 272 1428 exsultat
291 1387 475 1440 (infidum,
503 1397 667 1439 vterque
678 1385 771 1439 Ms.)

110 1448 321 1493 Parmeno,
352 1443 537 1494 quoniam
564 1441 773 1495 pulcherri-

108 1514 218 1540 mum
246 1499 394 1539 donum
412 1513 434 1538 a
455 1499 661 1537 meretrice
693 1499 770 1537 iam

109 1557 314 1608 probatum
350 1554 415 1594 est.
489 1557 537 1594 Et
573 1554 769 1592 concludit

109 1626 159 1651 ex
188 1626 254 1659 eo,
287 1610 394 1662 quod
422 1623 503 1648 non
524 1609 665 1651 audeat
685 1612 767 1660 (au-

107 1669 220 1707 deant
246 1669 306 1718 Z.)
335 1667 574 1717 vituperare:
606 1675 645 1703 et
673 1678 765 1717 con-

102 1722 281 1764 ticescant
291 1723 430 1774 potius,
443 1735 558 1772 quam
568 1722 686 1775 (quod
696 1719 761 1774 Z.)

100 1777 185 1820 satis
202 1779 375 1819 laudent.
433 1780 475 1817 E.

156 1919 209 1948 22
242 1906 441 1960 Numquid
464 1903 592 1958 hahes]
632 1903 757 1945 Habes

99 1975 169 2013 pro
206 1963 404 2003 inuenisti.
473 1961 592 2016 Qod
634 1974 754 2000 conte-

100 2019 258 2073 mnas?]
307 2020 395 2058 Plus
441 2017 496 2056 est
534 2028 754 2066 contemnas,

99 2088 212 2126 quam
242 2075 451 2126 vituperes,
483 2085 523 2112 et
554 2072 679 2120 deest,
714 2075 756 2111 in

99 2130 185 2170 hoc:
214 2141 252 2169 vt
265 2130 317 2179 fit,
338 2131 516 2183 numquid
525 2127 642 2178 habes,
656 2129 757 2182 quod

100 2188 140 2225 in
160 2186 226 2225 hoc
246 2193 473 2227 contemnas?
531 2188 582 2226 D.

156 2309 206 2350 23
251 2298 406 2338 Tacent:
437 2298 538 2349 statis
571 2295 754 2349 laudant]

101 2354 353 2394 'facitur-nitas
374 2353 618 2393 confessionis
629 2365 755 2406 genus

101 2408 168 2454 est,
188 2408 405 2460 praesertim
426 2420 555 2449 contra
583 2406 755 2448 aduersa·

102 2466 149 2503 rii
171 2467 527 2518 interrogationem.
585 2465 681 2505 Ideo
704 2475 752 2503 ta-

103 2533 191 2560 cere
222 2519 316 2568 hoc,
351 2522 411 2561 vel
440 2520 540 2572 quasi
559 2521 681 2560 laudis
699 2535 756 2559 ar-

103 2587 334 2632 gumentum
352 2576 426 2622 est:
456 2578 546 2630 quia
570 2574 683 2631 supra
704 2588 757 2618 ta-

1406 595 1492 639 Fac

830 729 921 757 cere
946 716 1198 769 vituperauit:
1227 714 1317 755 ideo
1345 726 1383 756 et
1409 713 1491 767 ipse

829 773 878 813 fic
900 774 971 822 ait,
1002 772 1113 830 Qaid
1133 786 1174 811 tu
1197 774 1273 818 ais,
1307 771 1489 817 Gnatho?

829 831 1009 883 numquid
1044 827 1175 877 habes,
1226 828 1331 881 quod
1369 841 1488 867 conte-

829 888 961 926 mnas?
993 886 1129 925 Tacent
1141 899 1156 921 :
1182 883 1283 935 stztis
1312 884 1485 937 laudam]

828 946 896 992 Et,
932 941 1040 996 ,Quid
1058 955 1100 982 tu
1118 940 1287 991 Thraso?
1314 941 1403 991 quia
1431 938 1483 978 su*=

824 1013 894 1050 pra
916 996 1172 1038 contemserat
1192 997 1373 1048 puellam.
1411 995 1486 1035 Fac

817 1054 1022 1107 periculum
1043 1056 1084 1094 in
1102 1055 1252 1100 litteris,
1274 1054 1347 1105 fac
1365 1054 1405 1090 in
1418 1063 1487 1104 pa-

823 1111 973 1163 laestra,
1009 1113 1050 1150 in
1082 1109 1251 1164 muscis]
1292 1109 1332 1148 Si
1361 1118 1484 1148 totum

821 1167 1064 1221 singulariter
1081 1166 1242 1215 diceret,
1269 1162 1365 1203 effet
1380 1170 1485 1210 ὁμοιο-

821 1231 990 1270 τέλευταν,
1015 1224 1158 1271 Linra,
1182 1219 1380 1276 palaestra,
1408 1235 1485 1260 mu-

810 1278 905 1331 fi'ca.
963 1282 1013 1319 D.

878 1333 1034 1374 Adiecit
1058 1333 1106 1373 ab
1134 1333 1255 1372 animi
1271 1332 1386 1371 bonis
1405 1332 1483 1370 lau·

822 1389 924 1437 dem,
946 1390 1020 1428 Fac
1033 1390 1250 1442 periculum,
1281 1388 1422 1438 inquit,
1441 1389 1483 1427 in

820 1444 971 1493 litteris,
981 1446 1055 1498 fac
1072 1447 1114 1485 in
1126 1442 1321 1497 palaestra,
1342 1445 1383 1482 in
1402 1455 1481 1482 mu-

806 1500 929 1551 stcis;
983 1514 1077 1553 quae
1112 1500 1266 1540 liberum
1290 1499 1392 1549 scire
1422 1513 1480 1537 ae-

818 1570 931 1608 quum
952 1559 1002 1610 est
1021 1556 1274 1612 adolejsbentem
1285 1554 1479 1607 sollertem

816 1612 927 1666 dabo]
959 1617 1074 1654 Artes
1091 1623 1130 1651 et
1150 1610 1369 1663 disciplinas
1398 1611 1480 1650 ani·

814 1669 868 1707 mi
895 1668 1001 1707 bona
1031 1681 1104 1707 nos
1130 1666 1334 1713 tradimus,
1368 1676 1407 1704 et
1435 1665 1477 1704 li·

812 1723 927 1763 beros
950 1721 1219 1763 adolescentes
1239 1734 1409 1773 aequum
1421 1720 1477 1761 est

809 1778 877 1818 ista
914 1777 1163 1832 cognoscere.
1218 1780 1320 1817 Sunt
1346 1788 1475 1816 autem

808 1836 977 1885 litterae,
1008 1834 1212 1887 palaestra,
1249 1831 1400 1884 mustea,
1435 1843 1474 1871 et

806 1891 1019 1943 praecipua
1037 1890 1117 1930 duo
1133 1889 1312 1942 palaestra
1339 1900 1378 1927 et
1398 1902 1475 1927 nm-

798 1947 898 1998 fi'ca,
929 1947 1002 1986 alia
1033 1947 1222 1996 corporis,
1255 1945 1328 1984 alia
1351 1945 1473 1984 animi

805 2000 976 2042 scientia.
1032 2005 1096 2044 De
1122 2001 1261 2053 quibus
1295 2011 1334 2039 et
1359 2001 1470 2040 Plato

805 2059 857 2098 de
889 2057 1100 2109 Republica
1135 2058 1325 2108 loquitur,
1365 2056 1472 2095 dicit-

805 2128 885 2166 que
902 2127 1040 2154 omues
1060 2115 1166 2152 ciues
1187 2115 1229 2151 in
1250 2109 1471 2151 adolescen-

806 2171 858 2209 tia
878 2170 938 2209 his
967 2169 1109 2209 artibus
1137 2181 1298 2220 operam
1316 2167 1470 2207 'debere

805 2226 968 2273 tradere,
991 2235 1031 2265 vt
1050 2225 1183 2265 omnia
1214 2256 1222 2264 .
1266 2255 1274 2264 .
1316 2255 1326 2264 .
1355 2236 1470 2263 more

805 2279 1043 2320 adolescenti
1070 2282 1093 2306 ’⁶
1121 2280 1240 2319 robur
1268 2279 1317 2319 ad
1347 2281 1469 2319 virtu-

805 2339 851 2376 tis
872 2337 1046 2383 indolem
1063 2334 1257 2376 suscitetur
1284 2332 1381 2386 (Mf.
1413 2337 1468 2375 al-

805 2404 882 2432 ter:
913 2407 956 2433 vt
970 2395 1091 2439 'omnia
1120 2406 1229 2432 onere
1247 2391 1470 2443 adulescenti

803 2449 934 2490 Robur
955 2450 1005 2489 ad
1022 2451 1181 2488 virtutis
1202 2447 1358 2487 indolem
1377 2446 1468 2500 fies:

806 2525 903 2576 ciret.
951 2523 1083 2562 Alter:
1113 2533 1157 2560 vt
1173 2535 1255 2560 oma
1274 2518 1411 2561 honore
1429 2535 1468 2560 a·

805 2578 1001 2632 duqucemi
1019 2576 1154 2618 Robur
1169 2578 1220 2619 ad
1234 2578 1389 2619 virtutis
1409 2578 1468 2615 in-

916 2637 986 2677 Aa
1015 2647 1044 2688 4
1349 2633 1466 2674 dalem
