1815 3168
228 1248 270 1273 a&

314 149 416 202 484

711 132 869 179 ACT.
904 132 957 177 V.
990 128 1184 174 SCEN.
1212 127 1288 173 IV.

457 270 499 313 O
537 260 755 311 scelestum
787 251 1130 306 Parmenonem!
1164 255 1239 316 qui
1270 250 1398 299 istum
1426 251 1513 297 huc
1536 244 1682 295 ⁸addu-

554 343 626 387 xit‚
663 335 801 384 PAR.
839 333 945 397 quid
967 329 1058 379 est?

456 415 553 465 ΡΥ.
592 412 768 459 Miseret
800 427 893 455 me:
938 410 1082 469 itaque
1114 415 1161 452 vt
1192 420 1249 450 ne
1280 402 1498 453 viderem,
1534 398 1684 445 misera

558 490 644 535 huc
665 485 801 546 effugi
823 485 954 531 foras.

460 571 585 622 Quae
608 565 754 611 futura
776 559 971 623 exempla
987 556 1137 602 dicunt
1148 556 1193 601 in
1208 570 1310 600 eum
1327 551 1540 612 indigna?
1561 547 1686 597 PAR.

557 659 584 687 ο
610 641 824 703 Iuppiter,

364 738 423 784 25
460 720 586 772 Quae
622 715 741 760 illaec
767 705 976 758 turba'st?
1015 721 1227 752 numnam
1251 720 1333 764 ego
1364 703 1507 767 perii?
1535 697 1688 752 ¹adibo.

557 790 665 853 quid
685 787 803 838 istuc,
825 785 998 848 Pythias
1011 784 1033 828 ἶ)

464 867 586 922 Quid
620 864 710 910 ais?
754 865 800 907 in
833 875 966 924 quem
998 856 1194 923 exempla
1218 853 1353 901 fient?
1391 850 1475 899 ΡΥ.
1512 851 1690 910 rogitaS,

560 935 859 986 audaciffime?

464 1012 690 1065 Perdidisti
714 1010 856 1062 istum,
890 1024 1024 1072 quem
1040 998 1220 1054 'adduxti
1240 1022 1325 1072 pro
1349 1001 1566 1051 Eunucho
1588 999 1695 1046 ado-

563 1086 860 1137 lescentulum,

335 1297 427 1339 dem.
458 1292 572 1332 reike.
629 1288 786 1329 Seruius
812 1284 859 1324 ad
890 1287 991 1324 Aen.

325 1367 380 1403 ³1,
402 1364 492 1405 502.
512 1347 561 1386 fic
580 1343 731 1388 laudan
761 1341 863 1384 Proh
891 1342 994 1379 deum

335 1421 445 1462 atque
463 1405 649 1443 hommum
660 1398 782 1451 fidem.
837 1399 876 1436 Β.

391 1461 453 1504 Ab
473 1460 548 1499 hoc
568 1455 674 1497 versu
696 1468 838 1494 nouam
867 1448 999 1492 exorsa

336 1521 391 1563 est
411 1517 564 1559 scenam
584 1513 760 1553 maceria.
816 1514 858 1551 Z.

394 1588 449 1619 22
472 1575 505 1612 O
515 1569 703 1623 fielestum
714 1563 995 1617 Parmenonem]

338 1639 390 1675 Vt
407 1629 522 1671 verba
548 1626 654 1673 sunt,
691 1624 805 1676 periit
824 1621 998 1674 profeCm

339 1688 454 1731 miser
476 1681 715 1729 adolescens,
740 1692 857 1731 quum
878 1678 919 1716 in
933 1689 1012 1715 eo·-

339 1747 430 1786 dem
459 1751 619 1795 peccato
651 1733 823 1777 irascitur
849 1738 1000 1774 Parme-

342 1802 437 1842 noni
450 1797 612 1851 Pythias,
625 1807 706 1833 non
718 1791 927 1833 Chaereae.
948 1791 999 1829 D.

396 1868 448 1908 23
482 1853 730 1902 Mzfiretme]
751 1852 857 1887 Haec
871 1846 1000 1884 omnia

342 1910 444 1965 quafi
465 1908 589 1948 secum
608 1905 801 1956 loquitur:
832 1913 870 1940 et
890 1900 1002 1952 fingit

343 1968 383 2010 se
404 1963 564 2012 nescire,
584 1960 691 2014 quod
712 1958 843 1999 affistat
852 1961 1002 1997 Parme·
1049 1957 1297 1995 exanimatum
1309 1952 1437 1990 video?

1041 2011 1134 2064 stet:
1178 2011 1347 2063 operiar,
1388 2016 1432 2045 vt
1447 2005 1567 2056 fiiam
1591 2015 1700 2050 nune,

345 2038 410 2066 no.
466 2024 515 2061 D.

1572 1154 1699 1199 Dum

1044 1294 1202 1336 grauem
1220 1291 1409 1333 poenam,
1446 1274 1583 1315 seilicet
1601 1287 1701 1326 quae

1046 1339 1208 1378 caeteris
1246 1335 1324 1376 effe
1352 1332 1461 1386 poffit
1494 1331 1542 1372 ad
1569 1344 1700 1370 exem·

1046 1397 1173 1448 plum:
1204 1405 1293 1432 nam
1314 1391 1403 1429 alias
1421 1388 1526 1437 dicit,
1552 1391 1703 1439 vterque

1048 1455 1088 1492 in
1110 1464 1145 1491 te
1162 1449 1323 1500 exempla
1346 1446 1460 1486 edent.
1518 1447 1561 1484 E.

1100 1520 1152 1560 25
1199 1505 1305 1559 Qdae
1344 1501 1418 1541 illic
1455 1499 1564 1541 turba
1600 1495 1705 1548 efl?]

1048 1566 1163 1614 Quae
1190 1561 1383 1613 loquitur:
1427 1568 1491 1596 aut
1517 1568 1636 1607 quam
1664 1566 1705 1591 o-

1047 1620 1185 1659 stentat
1214 1630 1263 1656 ex
1282 1617 1386 1655 vultu
1413 1627 1456 1653 ac
1476 1612 1584 1652 diffis
1609 1610 1705 1660 (An,
1754 1631 1755 1634 =

1048 1674 1158 1729 qitam
1177 1675 1372 1727 loquitur?
1401 1684 1458 1718 an,
1472 1681 1582 1723 quam
1592 1665 1705 1718 osten-

1049 1745 1108 1772 tat
1129 1745 1174 1770 ex
1194 1730 1333 1773 vultu?
1359 1725 1427 1767 Ms.
1447 1728 1533 1777 H),
1564 1723 1630 1763 sed
1641 1734 1704 1772 ap-

1049 1799 1168 1839 paret,
1191 1787 1337 1826 vultum
1350 1787 1418 1836 (ex
1430 1781 1544 1829 vultu,
1560 1776 1630 1820 Ms.
1643 1779 1705 1830 B.)

1048 1843 1212 1897 Pythiae
1239 1840 1387 1880 turbam
1421 1838 1561 1877 dicere.
1592 1844 1632 1874 vt
1660 1833 1703 1872 iu

1051 1899 1218 1946 Andria,
1252 1896 1334 1937 Sed·
1353 1895 1446 1948 quid
1469 1890 1705 1944 Pamphilum

1469 1954 1604 1987 Vereor
1615 1945 1708 2000 quid

397 2092 452 2131 24
479 2077 586 2130 ι,Οέιαε
603 2072 745 2124 futura
764 2069 926 2121 exempla
949 2068 1001 2107 di·
1050 2066 1226 2120 quidnam
1246 2064 1330 2104 haec
1340 2061 1449 2114 turba
1459 2060 1632 2114 zrssigiae
1643 2060 1706 2098 ad-

346 2148 433 2177 cunt
461 2136 599 2172 in‘eum
618 2126 824 2182 indigna-²]
856 2127 1002 2164 Graues
1039 2125 1162 2177 ferat.
1218 2122 1270 2160 D.

345 2203 509 2247 poenae,
540 2180 813 2239 quae.'poffimt
842 2180 1003 2220 caeteris

346 2250 584 2289 documento
622 2238 719 2286 effe,
758 2239 920 2290 exempla
948 2236 1004 2274 di·

348 2314 499 2344 cuntur.
574 2298 618 2337 In
663 2308 741 2334 eum
789 2292 1002 2348 indignaR]

345 2360 472 2403 Modo
492 2367 562 2408 per
584 2355 748 2407 indigna,
775 2349 901 2398 foeda,
927 2361 1005 2386 cru-

349 2416 528 2465 dolssaque
564 2408 762 2464 fignificat.
816 2409 868 2445 Vt
895 2405 1004 2456 Virg.

349 2476 432 2526 (VI,
456 2469 570 2519 162.)
599 2489 656 2497 —-
684 2474 795 2515 atque
818 2464 872 2501 illi
893 2461 1004 2510 Mise-

348 2541 435 2569 num
463 2528 503 2563 in
527 2522 652 2562 littore
671 2518 790 2572 stem,
830 2519 881 2557 Vt
902 2529 1004 2556 vene·

347 2598 400 2631 re,
421 2582 550 2621 vident
570 2577 725 2633 indigna
744 2585 1004 2626 morteperem-

346 2653 436 2683 tum.
494 2639 544 2676 D.

400 2691 607 2747 Exempla]
649 2684 866 2741 Exemplum
911 2682 1005 2725 dicit

1107 2181 1160 2221 26
1206 2176 1382 2232 Rogitas,
1422 2170 1706 2227 audaciffime?]

1051 2237 1199 2275 Totum
1216 2234 1291 2272 hoc
1310 2229 1481 2270 terribile
1499 2228 1553 2268 est
1578 2230 1620 2268 in
1642 2242 1709 2282 ge·

1053 2290 1110 2330 stu
1130 2303 1172 2329 ac
1191 2290 1300 2329 vultu
1317 2286 1499 2339 Pythiae,
1536 2296 1575 2326 et
1593 2285 1710 2324 nimis

1053 2346 1226 2387 vfitatum
1247 2356 1288 2384 et
1306 2343 1533 2383 femineum.
1589 2342 1638 2381 D.
1711 2340 1713 2343 ”

1104 2413 1160 2455 27
1203 2399 1402 2450 Perdidisti
1432 2397 1558 2449 tstum,
1603 2409 1708 2450 quem

1053 2459 1233 2507 adduxti,
1263 2455 1356 2506 ὀΐω]
1388 2449 1602 2505 Artificiose
1626 2466 1708 2491 non

1054 2512 1213 2561 accusat,
1236 2512 1329 2564 quid
1346 2509 1565 2564 peccauerit
1576 2507 1711 2547 aduer-

1051 2569 1110 2610 sus
1136 2569 1349 2615 Thaidem,
1378 2565 1478 2619 quasi
1508 2578 1557 2604 ex
1575 2562 1720 2616 poena'

1053 2624 1304 2665 adolescentis
1323 2624 1408 2676 plus
1427 2622 1567 2667 doleat,
1590 2633 1706 2672 quam

1054 2679 1486 2723 irascaturParmenoni.
1545 2677 1596 2717 D.
