1815 3168
302 66 361 118 6ss
373 68 398 116 8
722 59 763 102 A
778 58 879 104 CT.
915 57 971 102 V.

1012 55 1204 102 SCEN.
1247 56 1276 102 ῐ.

339 191 405 240 60
441 183 678 235 Difficilem
707 183 910 233 ostendes.
928 194 971 230 te
993 179 1089 237 effe,
1115 194 1158 231 et
1179 182 1373 244 ignosces
1394 194 1563 232 tamen·

439 262 560 318 Post3
601 274 644 309 et
666 262 710 308 id
732 264 967 322 ingratum.
1005 257 1114 306 CH.
1155 261 1212 306 ah
1241 259 1402 313 nescis,
1433 277 1565 325 quam
1597 261 1672 311 do-

540 340 667 385 leam.
705 334 816 383 ME.
853 346 899 383 vt
921 334 1059 381 lubet.

442 415 565 471 Quid
597 415 705 472 hoc,
737 411 858 476 quod
883 410 1008 462 volo,
1042 419 1088 459 vt
1114 408 1187 457 illa
1217 408 1354 458 nubat
1375 408 1560 458 nostro?
1595 411 1676 460 nisi

540 489 646 554 quid
678 487 737 534 est

445 566 584 624 Quod
605 567 758 610 mauis.
781 558 880 610 CH.
903 564 1041 608 immo
1055 571 1097 607 et
1110 577 1257 621 gener,
1272 570 1315 607 et
1325 556 1473 608 affines
1486 562 1675 626 placent.

442 639 497 688 M
513 656 555 688 Ε.
596 640 718 699 Quid
741 639 853 686 dotis
880 639 1017 685 dicam
1037 648 1079 683 te
1106 634 1250 683 dixisse
1273 633 1397 687 filio?

270 737 272 739 ’
338 718 408 786 65
447 716 569 776 Quid
593 711 922 785 obticujisti?C
936 727 983 760 Η.

543 794 621 842 ah!
657 789 767 839 ME.
807 791 1011 842 Chreme,

307 940 426 997 Qcod
441 935 663 980 inc6mmodi
678 933 751 975 tihi
776 936 817 974 in
844 932 911 972 hac
928 946 968 972 re

308 1012 382 1040 etc.
437 999 554 1039 Certe
572 992 688 1048 Qod
703 990 758 1030 est
779 991 821 1029 in
831 987 967 1037 Bemb.

308 1067 349 1097 et
369 1052 594 1095 Meacliano.
655 1052 695 1089 B.

308 1141 311 1143 -
363 1113 418 1153 60
446 1112 520 1148 Pro
546 1104 696 1159 vulgari
728 1100 895 1154 Ostendis
913 1112 970 1139 re-

305 1168 366 1208 &e
383 1163 516 1207 Bemb.
536 1163 680 1204 Via-or.
701 1170 971 1199 etvnuseno·

306 1223 389 1265 stris
410 1220 558 1261 habent
577 1217 745 1271 ostendes.
804 1216 846 1254 B.

364 1282 416 1321 61
448 1276 501 1315 Et
530 1276 572 1315 id
595 1271 805 1330 ingratum]
843 1273 893 1312 V.
922 1270 969 1312 C.

307 1349 343 1377 et
361 1336 402 1375 id
418 1336 490 1373 erit
508 1335 717 1388 ingratums
766 1333 810 1370 L.
906 1375 909 1377 ,

309 1421 315 1426 -
361 1395 415 1435 62
445 1390 551 1445 Qid
593 1388 680 1435 hoc,
722 1384 822 1438 quod
857 1381 968 1437 volo]

308 1448 516 1492 Conuertit
540 1442 806 1487 Menedemus
832 1438 972 1479 sermo-

306 1519 400 1547 nem
427 1503 476 1543 ad
503 1501 730 1554 coniugium·
747 1496 973 1537 faciendum

309 1560 470 1605 Cliniae
506 1569 545 1598 et
580 1555 824 1608 Antiphiiae.
885 1549 978 1600 Nifi'

307 1618 399 1673 quid
426 1615 492 1670 est]
523 1612 699 1654 Honeste
729 1611 836 1662 petit,
864 1608 970 1660 quod

307 1673 483 1714 officium
513 1670 568 1710 est
598 1669 710 1723 probi
748 1678 789 1706 et
815 1664 969 1704 honesti

307 1731 394 1780 viri,
413 1727 501 1780 q.d.
529 1725 704 1768 Honeste
714 1734 819 1776 peto,
829 1722 971 1761 nolens

307 1785 516 1837 impedire,
538 1784 634 1835 quin
653 1781 764 1822 alteri
787 1778 921 1826 tradas,
944 1775 971 1815 fi

306 1843 459 1888 videas,
495 1850 536 1879 te
571 1838 711 1878 melius
751 1834 855 1875 filiae
883 1845 973 1873 tuae

305 1896 583 1940 consulturum.
639 1895 686 1934 C
865 1929 869 1931 t

361 1959 436 1996 Pro
467 1966 564 2007 rogo
606 1949 725 1989 nostri
761 1945 874 1987 codd.
901 1959 972 1985 vo-

308 2011 356 2051 lo.
412 2012 453 2049 B.

363 2070 415 2119 63
457 2064 510 2103 Et
534 2062 688 2116 Affines]
727 2059 890 2107 onris,
920 2070 974 2096 co-

306 2126 415 2179 gnati
461 2119 568 2163 sunt:
621 2119 754 2173 Affi'nes
774 2146 785 2164 ‚
829 2115 969 2154 mariti.

307 2179 426 2220 Vnde
446 2176 559 2217 multi
578 2176 718 2228 gradus
739 2171 833 2220 sunt,
855 2182 892 2211 et
910 2183 972 2209 ve-

308 2236 379 2276 luti
399 2234 494 2273 rami
513 2231 824 2284 propinquitatis,
849 2228 891 2266 in
915 2225 973 2277 af:

303 2291 455 2344 finitate
500 2300 540 2328 et
583 2290 803 2344 cognatione
851 2280 975 2335 dispo-

308 2348 378 2388 iiti.
436 2349 485 2389 C.

366 2402 480 2458 Quod
512 2392 649 2444 minuis]
694 2402 741 2441 V.
783 2398 832 2440 C.
871 2395 973 2451 quod

311 2461 432 2500 mults.
486 2462 527 2498 L.

368 2519 423 2568 64
451 2514 558 2565 Quid
583 2514 680 2552 dotis
708 2512 827 2551 dicam
855 2523 890 2549 te
915 2509 970 2549 di-

309 2574 416 2628 xiste]
442 2570 650 2624 Proprium
684 2569 777 2608 iuris
807 2565 861 2610 est
891 2579 972 2607 ver-

1024 712 1135 760 dotis
1148 713 1167 760 ἒ
1179 738 1180 741 =
1194 710 1251 760 M
1266 724 1308 759 Ε.
1343 713 1402 758 ita
1423 711 1543 763 dico.r
1554 723 1558 727 ’
1569 709 1676 761 CH.

1200 792 1203 794 ’
1600 793 1676 837 Ne

1016 930 1225 981 bumxcum
1248 931 1385 974 dicitur
1399 931 1490 980 dos,'
1500 932 1605 986 quod
1616 946 1680 973 ex·

1018 988 1207 1040 primitur,
1231 991 1321 1040 quid
1339 988 1546 1040 obticussi?
1576 989 1676 1030 Post-

1020 1056 1183 1093 eaquam
1210 1043 1278 1082 dos
1306 1046 1424 1095 petita
1451 1044 1522 1094 est,
1554 1045 1676 1086 Chre-

1018 1113 1102 1139 mes
1129 1098 1196 1137 diu
1227 1099 1452 1139 delibet-anit
1475 1101 1675 1143 confilium

1020 1168 1233 1207 quaerenS,
1268 1169 1351 1194 non
1387 1169 1464 1208 quo
1490 1154 1676 1199 summam

1020 1222 1227 1264 quaereret
1253 1210 1374 1261 dotis,
1405 1216 1422 1233 ¹*
1445 1212 1584 1261 (adde,
1606 1214 1678 1266 fid

1020 1283 1091 1322 quo
1110 1268 1233 1319 filium
1243 1268 1341 1308 dotis
1357 1271 1502 1308 nomine
1521 1283 1679 1311 terreret

1020 1340 1055 1365 et
1073 1329 1281 1379 corrigeret
1305 1327 1367 1377 Z.)
1397 1325 1506 1376 quod
1536 1326 1680 1366 intelli-

1020 1383 1061 1435 gi
1083 1383 1190 1420 datur
1209 1394 1257 1420 ex
1268 1379 1529 1434 sequentibus,
1559 1383 1680 1423 Com*-

1022 1435 1205 1491 promifl'a
1230 1437 1323 1477 dote
1344 1437 1540 1491 adiungit,
1564 1439 1607 1492 fi
1626 1453 1681 1479 me

1020 1497 1077 1534 vis
1097 1494 1274 1545 fizluum:
1297 1494 1405 1534 aliter
1422 1495 1531 1534 enim
1557 1495 1682 1537 filium

1022 1552 1164 1605 corrigi
1194 1564 1277 1589 non
1303 1548 1410 1602 pofl'e
1430 1551 1571 1600 credit,
1608 1552 1679 1593 uisi

1022 1608 1121 1647 dotis
1142 1608 1306 1647 nomine
1325 1607 1567 1647 omniabona
1577 1607 1680 1650 filiae

1022 1660 1232 1717 promififfe
1251 1662 1443 1712 videatur,
1471 1663 1576 1703 vnde
1601 1677 1682 1704 cre-

1022 1721 1132 1760 deret
1149 1719 1248 1759 filius
1267 1719 1503 1759 exheredem
1514 1717 1563 1760 se.
1604 1721 1683 1761 De-

1023 1779 1143 1828 nique
1163 1777 1203 1816 id
1214 1807 1222 1825 ‚
1251 1777 1400 1828 inquit,
1427 1778 1567 1815 mirari
1584 1789 1619 1816 te
1627 1775 1685 1827 st-

1021 1833 1171 1882 mulam,
1193 1843 1229 1871 vt
1253 1831 1302 1871 ad
1319 1835 1397 1873 eius
1418 1833 1596 1871 notitiam
1616 1846 1681 1873 ve-

1023 1892 1115 1928 niat.
1177 1890 1308 1937 Quam
1328 1887 1486 1940 quidem
1497 1901 1579 1928 rem
1591 1901 1680 1930 cum

1021 1942 1272 1984 intellexiffet
1318 1942 1562 1997 (quaefi'uiffet
1613 1947 1680 1997 Z.)

1021 2001 1303 2049 Menedemus,
1333 2002 1535 2053 explanat,
1562 1997 1601 2039 se
1625 2002 1682 2040 id-

1023 2060 1124 2097 circo
1144 2054 1371 2109 promififfe,
1399 2068 1436 2096 vt
1463 2058 1626 2096 animum
1643 2072 1681 2097 a·

1025 2111 1252 2154 dolescentis
1279 2114 1429 2154 luxuria
1457 2126 1494 2152 et
1529 2112 1680 2163 lafiiuia

1021 2171 1241 2222 diffluentem
1259 2173 1379 2222 inopia
1398 2170 1620 2217 retunderet,
1641 2181 1681 2209 et

1024 2231 1073 2268 ad
1093 2229 1285 2279 integram
1308 2225 1463 2279 frugem
1486 2226 1681 2266 neceffita-

1023 2296 1064 2336 te
1080 2293 1290 2322 reuocaret.
1348 2285 1392 2324 E.

1077 2343 1124 2381 In
1142 2339 1315 2379 editione
1332 2338 1497 2379 Bentleii
1517 2351 1587 2390 pro
1599 2336 1683 2389 filio

1020 2395 1073 2436 est
1086 2395 1198 2448 filiae,
1227 2393 1330 2447 quod
1358 2395 1483 2445 opens
1505 2394 1679 2434 tribuew

1019 2454 1112 2492 dum
1132 2448 1379 2503 efse‘genseo.
1434 2454 1474 2491 Z.

1074 2512 1125 2562 65
1158 2507 1266 2562 Qid
1275 2506 1462 2558 obticuisti
1471 2505 1513 2560 ?]
1544 2506 1607 2546 Sic
1618 2504 1676 2544 di·

1022 2566 1094 2619 xit,
1127 2564 1226 2615 quali
1243 2564 1406 2617 puderet
1424 2562 1678 2604 Chremetem

1535 2617 1678 2665 dicere3
