1815 3168
317 151 403 198 132
704 137 862 180 ACT.
897 137 968 182 111.

1017 136 1207 180 SCEN.
1240 134 1273 181 Ι.

447 259 526 310 Sl.
568 263 688 316 Hui,
721 274 809 310 tam
840 265 961 310 cito?
1007 261 1268 312 ridiculumt
1314 260 1545 328 postquam
1577 273 1676 310 ante

545 336 702 386 ostium

317 680 415 717 Iuno
446 690 466 714 a
486 672 655 713 iuuando
680 671 796 711 dina:
828 672 974 713 Lucina

317 732 365 772 ab
388 745 434 770 eo
455 730 558 782 quod
577 730 616 768 in
636 730 762 768 lucem
775 728 972 780 producat.

317 793 367 830 Et
391 789 547 840 gemina
569 795 655 824 vota
676 782 770 833 sunt,
791 796 829 824 vt
846 797 883 825 et
893 799 976 837 par-

319 856 376 884 tus
389 875 407 893 ‚¹
426 855 464 881 et
482 843 636 894 pariens
657 838 836 880 seruetur.
877 845 977 882 Nam

307 901 377 954 fer
397 912 509 952 opem,
530 909 687 949 propter
703 909 873 950 partum:
896 898 977 948 fir-

319 971 368 996 ua
385 969 449 1004 me,
469 964 630 1006 propter
650 955 864 1006 parientem
889 952 976 992 dici-

318 1023 390 1051 tur.
447 1011 537 1050 Iuno
574 1010 712 1049 Lucina
744 1011 815 1062 fir
851 1022 977 1063 opem.-

308 1069 427 1120 serua
451 1082 505 1107 me
526 1064 688 1120 olficro]
746 1068 866 1114 Nota,
901 1065 977 1104 hoc

320 1122 428 1165 versu
446 1122 610 1162 totidem
635 1121 758 1161 verbis
778 1123 829 1160 vti
843 1135 978 1161 omnes

320 1192 528 1233 puerperas
551 1179 593 1216 in
623 1177 868 1227 Comoediis,
907 1190 981 1216 nec

321 1237 413 1277 alias
433 1235 564 1274 induci
581 1234 689 1285 loqui
700 1235 741 1272 in
753 1231 955 1285 proscenio
969 1248 978 1274 :

322 1307 412 1331 nam
430 1291 526 1330 haec
545 1303 617 1329 vox
636 1289 719 1341 post
738 1288 892 1328 scenam
912 1289 981 1327 tol-

322 1350 424 1388 litur.
465 1348 535 1386 Fer
556 1346 677 1399 opem]
706 1343 982 1396 Propterquod

320 1405 465 1445 Lucina
479 1402 542 1441 est.
556 1400 650 1440 inde
669 1399 856 1452 obstetrix,
875 1399 982 1451 quod

323 1472 441 1511 opem
482 1458 624 1498 tulerit.
679 1457 797 1497 Serua
829 1470 885 1496 me
919 1455 981 1495 ob·

309 1516 442 1569 jetro]
483 1517 570 1554 Hoc
600 1523 706 1552 extra
733 1515 850 1552 etiam
879 1512 981 1552 hanc

322 1571 552 1625 potestatem
573 1571 716 1609 Iunoni
742 1569 981 1608 attribuitur:

322 1640 544 1679 quanquam
563 1626 667 1664 illam
684 1625 982 1667 MenanderDi-

323 1698 436 1723 anam
465 1682 657 1733 appellet,
685 1692 723 1720 et
753 1681 827 1720 hoc
846 1679 983 1720 sentiat

323 1743 364 1779 in
394 1739 579 1778 Bucolicis
606 1737 748 1790 Virgil.
777 1738 882 1789 (Ecl.
915 1750 979 1785 xv,

325 1798 421 1845 10.).
477 1795 529 1834 D.

382 1854 473 1890 luno
523 1849 692 1904 Lucina]
757 1852 869 1899 Duas*
916 1863 983 1901 po-

323 1907 473 1947 testates
513 1905 632 1945 habet
674 1909 793 1948 Iuno:
845 1905 983 1945 eadem

323 1975 493 2013 namque
514 1960 694 2014 pronuba
709 1961 781 2010 est,
814 1961 886 2000 hoc
915 1960 980 2009 est,

323 2017 562 2058 nubentibus
610 2017 768 2069 praeest.
830 2020 886 2057 Vt
928 2015 981 2057 est

323 2078 445 2126 (Aen.
476 2087 545 2121 lv,
574 2075 678 2126 59.)‚
722 2074 861 2113 Iunoni
896 2087 982 2113 ante

326 2133 462 2179 omnis,
493 2133 553 2168 cui
571 2131 693 2168 vincla
712 2129 852 2183 iugalia
880 2142 981 2168 cura.

323 2187 471 2228 Eadem
502 2196 541 2225 et
557 2187 710 2233 Lucina,
750 2185 855 2238 quod
876 2198 982 2237 prae·

326 2243 380 2282 est
418 2242 740 2294 parturientibus,
781 2253 821 2281 et
853 2242 984 2280 lucem

325 2297 572 2338 nascentibus
611 2298 687 2337 dat.
748 2300 862 2337 Hanc
903 2299 984 2349 qui-¹

325 2356 412 2394 darn
431 2366 561 2393 tamen
581 2355 704 2404 potius
727 2355 895 2393 Dianam
909 2351 985 2394 esse

325 2412 525 2450 dixerunt:
558 2424 649 2449 nam
679 2411 731 2449 ita
763 2410 985 2450 Menander

324 2465 443 2518 ipsam
472 2477 598 2513 vocat,
631 2480 734 2514 cum*
756 2466 850 2514 dicit
877 2470 985 2506 Arte·

322 2524 416 2562 min.
458 2535 680 2573 quanquam
723 2534 762 2561 et
800 2524 983 2575 Virgilius

322 2577 491 2618 eandem
510 2578 705 2626 Lucinam,
732 2579 899 2629 Dianam
919 2592 984 2619 vo·

319 2635 404 2678 lenit.
435 2632 848 2688 vnde-est(Vi1-g.1v‘,
886 2636 982 2688 ια),

1600 473 1679 518 Me

1024 669 1130 723 Casta
1138 671 1244 725 fitne,
1266 670 1419 720 Lucina,
1438 684 1521 711 tuus
1536 672 1609 712 iani
1621 673 1680 712 re.

1023 743 1118 785 gnat
1134 729 1279 780 Apollo.
1333 730 1379 766 E:
1702 773 1707 776 .

1082 786 1175 824 Iuno
1200 783 1363 837 Lucina]
1393 786 1438 823 In
1469 785 1593 837 Regio
1620 798 1680 824 ex-

1025 842 1143 895 empl.
1162 850 1201 879 vt
1221 851 1259 879 et
1278 840 1319 878 in
1339 840 1421 879 aliis
1435 837 1504 880 Ms.
1525 840 1573 879 iic
1585 851 1684 880 erat:

1025 898 1160 946 Imus3
1195 896 1289 935 Iuno
1323 894 1477 935 Lucina.
1534 895 1614 936 Sed
1634 895 1682 934 ’τδ

1025 955 1130 994 intus
1168 953 1260 992 ideo
1272 951 1318 991 ab
1341 949 1685 1004 exscriptor-eaddi-

1027 1020 1112 1049 tum
1138 1008 1209 1057 est,
1238 1019 1276 1047 vt
1302 1009 1567 1061 intelligamus
1586 1007 1683 1048 haec

1026 1065 1111 1118 post
1143 1062 1295 1104 scenam
1333 1064 1428 1104 fieri.
1475 1074 1515 1103 vt
1550 1066 1593 1104 in
1632 1068 1682 1105 A·

1027 1120 1158 1173 delph.
1185 1122 1268 1161 Ae.
1298 1133 1333 1173 3.
1355 1122 1466 1161 Scen.
1485 1133 1523 1174 4.
1569 1120 1686 1171 Mise-

1028 1192 1108 1217 ram
1156 1192 1230 1224 me,
1281 1176 1439 1229 dtffkror
1476 1175 1685 1220 doloribus.

1028 1238 1129 1275 Nam
1157 1244 1195 1272 et
1217 1231 1280 1271 hic
1301 1244 1459 1284 quoque
1488 1241 1561 1271 vet.
1584 1233 1683 1273 Cod.

1030 1288 1138 1329 addit
1166 1291 1284 1327 intus.
1339 1291 1474 1338 ltaque
1498 1286 1576 1325 huc
1603 1301 1687 1339 per-

1031 1345 1134 1383 tinet
1178 1341 1303 1383 versus
1343 1343 1491 1382 Horatii
1521 1343 1563 1381 in
1593 1354 1686 1384 arte.

1032 1420 1086 1431 ·—-
1114 1413 1178 1439 nec
1195 1400 1424 1439 tamenintus
1444 1400 1576 1454 Digna
1592 1402 1688 1454 geri,

1027 1468 1172 1509 promes
1205 1458 1246 1494 in
1266 1454 1426 1509 scenam.
1477 1456 1595 1506 Quod
1613 1455 1688 1497 fre-

1032 1523 1198 1564 quenter
1215 1512 1257 1551 in
1278 1510 1490 1551 comoediis
1512 1514 1686 1552 occurrit.

1030 1569 1183 1608 Plautus
1203 1569 1244 1606 in
1265 1567 1454 1616 Asinaria,
1492 1591 1546 1598 —-
1574 1570 1687 1608 immo

1030 1627 1130 1664 intus
1141 1627 1278 1676 potius.
1307 1623 1452 1673 Cafina,
1474 1624 1570 1677 quod
1576 1622 1688 1674 fiztu-

1031 1693 1115 1721 rum
1141 1679 1188 1731 est
1219 1684 1342 1728 intus,
1384 1679 1443 1718 hic
1470 1681 1690 1720 memorabi-

1031 1748 1121 1776 mus.
1153 1735 1339 1778 Cistellar.
1375 1739 1473 1775 intus
1501 1735 1690 1788 conficient

1032 1794 1231 1848 negotium.
1261 1790 1383 1841 Persa,
1414 1792 1439 1830 I
1458 1794 1573 1842 intro,
1594 1808 1690 1834 ama-

1033 1848 1089 1898 bo,
1109 1851 1158 1888 ad
1173 1862 1331 1888 coenam.
1350 1851 1510 1888 Terent.
1525 1849 1689 1898 Andria,

1030 1909 1134 1944 intus
1152 1902 1449 1956 ahjsjwndebitus·²
1471 1905 1571 1943 intus
1585 1919 1689 1944 tran·

1022 1961 1180 2015 figetur.
1215 1970 1254 1998 et
1275 1958 1369 1998 alibi
1390 1972 1472 1998 non
1491 1973 1585 1998 raro.
1597 1960 1688 2002 Vid.

1031 2019 1140 2057 Seru.
1172 2015 1341 2055 Aeneid.
1379 2028 1432 2055 vt.
1461 2013 1567 2054 versu
1600 2020 1689 2057 exin

1031 2071 1119 2111 bella
1142 2074 1238 2111 viro.
1261 2082 1299 2110 et
1317 2074 1401 2111 Iun.
1422 2069 1587 2125 Philarg.
1613 2075 1690 2113 Ge-

1033 2141 1114 2181 org.
1135 2139 1172 2179 3.
1233 2127 1276 2167 L.

1090 2188 1139 2227 16
1168 2183 1269 2230 Hui,
1317 2195 1394 2222 tam
1430 2183 1559 2237 cito?]
1594 2184 1690 2226 Tam

1032 2241 1127 2287 cito,
1172 2250 1211 2279 vt
1241 2238 1464 2278 facilitatem
1490 2252 1615 2291 partus
1652 2255 1690 2281 o-

1032 2296 1183 2337 stendat
1237 2294 1517 2335 incredibilem.
1597 2298 1691 2337 Tam

1035 2356 1122 2399 cito,
1152 2350 1198 2391 ad
1217 2350 1572 2403 reprehenfionem.
1624 2354 1690 2393 Ri-

1033 2408 1208 2461 diculum]
1238 2407 1300 2448 Ad
1319 2406 1543 2446 irrifionem.
1571 2419 1611 2447 et
1631 2411 1690 2450 in-

1032 2464 1147 2518 spice,
1170 2463 1364 2503 ridiculum
1383 2463 1609 2504 aduerbium
1635 2465 1688 2516 fit,

1033 2533 1277 2567 annomen3
1306 2531 1346 2559 vt
1373 2518 1434 2568 fit,
1468 2521 1552 2559 vide
1574 2521 1690 2560 homi-

1031 2588 1111 2617 nem
1125 2576 1329 2617 'ridiculum
1341 2607 1350 2624 ‚
1378 2573 1445 2616 sed
1463 2577 1690 2620 aduerbium

1033 2633 1087 2674 est
1106 2633 1239 2687 magis.
1298 2633 1347 2673 D.
