1815 3168
233 137 295 188 88

632 129 792 178 ACT.
823 129 880 176 11.
927 128 1121 175 SCEN.
1156 130 1194 178 1.

369 261 432 310 vt
465 258 633 304 animus
666 260 713 304 in
743 257 817 323 spe
847 267 976 322 atque
1003 259 1051 304 in
1075 258 1234 306 timore
1267 253 1397 318 vsque
1417 253 1598 302 antehac

470 343 658 381 attentus
692 333 802 392 fuit;

240 564 420 596 mentum
440 567 462 592 a
478 551 573 604 pari.
602 550 696 591 {Post
713 550 900 604 Byrrhiae

241 611 401 650 adhibet
419 606 731 648 consolationem.
779 606 901 658 Quod

242 680 368 721 genus
391 665 572 706 orationis
591 664 632 701 in
651 664 811 702 materia
823 676 901 702 ora·

242 724 341 762 toria
360 734 444 760 raro
466 717 641 759 versatur.
672 719 746 757 Hic
768 729 900 758 autem

240 777 363 831 posita
392 775 465 825 est,
498 784 539 814 vt
572 774 748 814 voluntas
777 774 824 814 ab
852 787 901 814 eo

240 834 347 886 quod
365 831 449 872 fieri
467 844 550 872 non
573 830 705 882 potest,
734 828 903 870 consola-

240 891 354 929 tione
373 886 552 939 suscepta,
583 886 631 925 ad
650 885 690 925 id
710 886 816 938 quod
834 885 902 925 fie-

243 947 278 986 ri
309 944 452 997 potest,
488 953 754 986 conuertatur:
794 941 903 994 quod

244 1011 403 1041 vocatur
421 997 606 1039 dissuafio.
644 1003 695 1038 At
713 1011 804 1037 vero
814 998 904 1037 ado-

244 1055 392 1097 lescens
420 1054 581 1107 cupidus
607 1055 746 1094 amoris
765 1052 820 1094 sui
840 1067 906 1094 vo-

244 1115 435 1154 luntatem
458 1111 702 1164 perterritam
720 1112 905 1150 continet.

245 1169 382 1214 Nihil,
420 1168 566 1219 inquit,
600 1166 703 1205 aliud
729 1167 809 1206 volo
841 1166 913 1217 nisi

248 1226 513 1267 Philumenam.
566 1222 643 1263 Sed
667 1220 797 1262 seruus
817 1235 907 1262 con-

247 1279 475 1321 solationem
504 1277 653 1325 reddit,
691 1289 731 1317 vt
756 1278 783 1316 fi
822 1277 907 1317 fieri

247 1337 380 1390 possit,
414 1332 636 1380 adolescens
669 1332 790 1372 aestus
818 1346 909 1371 con-

248 1393 354 1433 trarii
365 1391 507 1430 amoris
522 1387 717 1428 excludat:
737 1398 775 1426 et
784 1385 910 1440 ipsum

249 1458 426 1492 amorem
457 1443 646 1497 loquendi
680 1443 814 1483 dolore
840 1440 911 1482 sus-

249 1503 404 1557 pendit.
460 1502 563 1541 Huic
597 1497 794 1550 respondit
832 1497 914 1538 sen-

248 1560 398 1600 tentiae
406 1557 647 1599 naturaliter:
661 1555 766 1608 quod
778 1566 913 1594 omnes

251 1630 341 1655 cum
354 1615 551 1663 -valemus,
583 1613 666 1652 aliis
688 1611 778 1652 dare
799 1610 914 1650 confi-

250 1673 348 1714 lium
375 1667 590 1723 poffurnus:
621 1679 659 1708 at
683 1667 710 1708 fi
729 1669 771 1707 in
788 1667 912 1721 aegri-

252 1727 393 1768 tudine
419 1725 489 1778 ipfi
522 1724 657 1769 fimus,
689 1723 739 1763 de
759 1737 827 1772 eo,
861 1723 913 1762 de

252 1797 334 1836 quo
351 1781 551 1822 confilium
571 1780 761 1828 dedimus,
781 1775 909 1820 neces-

252 1838 301 1880 se·
332 1839 386 1891 est
418 1838 527 1877 aliter
549 1834 789 1877 sentiamus.-
821 1831 912 1875 Viso

252 1893 455 1947 Pamphilo
496 1891 684 1932 deliberat
721 1891 912 1932 Charinus

244 1965 306 1996 ,an
333 1949 466 1998 adeat,
498 1959 538 1988 et
554 1959 687 2003 roget,
712 1958 752 1987 vt
769 1947 914 1999 nuptiis

238 2008 409 2058 ,aliquot
441 2004 611 2057 proferat
639 2004 742 2052 dies,
776 2003 820 2043 id
848 2001 912 2050 est,

257 2060 456 2117 protrahat
463 2073 475 2108 3
504 2070 544 2100 vt
553 2060 722 2111 periculo
742 2060 819 2098 iam
837 2071 914 2101 cer-

239 2130 299 2159 -to
327 2117 421 2171 spes*
442 2117 573 2168 aliqua
590 2115 777 2156 dilatione
797 2115 916 2166 paria-

257 2170 329 2216 tur.
377 2177 442 2217 *Ac
468 2172 794 2213 deliberationem
814 2170 916 2211 indi-

242 2241 320 2277 ‚reat
346 2227 458 2269 seruo
483 2228 686 2281 Byrrhiae,
723 2226 817 2279 quid
846 2225 916 2266 fibi

246 2285 446 2331 svideatur.
503 2288 557 2325 At
571 2285 639 2324 ille
657 2281 845 2324 diffuadet
868 2281 916 2322 ab

259 2341 470 2386 inhonesto
492 2351 531 2382 et
548 2341 685 2390 inutili,
702 2337 809 2390 spem
826 2339 846 2359 '⁶
865 2336 919 2378 est

260 2398 402 2438 cadere
422 2395 675 2449 Pamphilum,
695 2394 723 2434 fi
740 2394 841 2435 nihil
851 2395 920 2434 im·

260 2464 441 2507 μεῖναι-ετ,
461 2454 529 2491 ille
550 2453 737 2492 continuo
756 2450 824 2490 fibi
842 2464 919 2490 cre-

260 2511 325 2550 dat
347 2509 562 2553 Charinum
587 2521 747 2548 vxorem
768 2507 918 2547 tollere.

261 2570 348 2609 Hoc
381 2578 474 2612 nam
506 2564 745 2619 significauit.
808 2562 919 2616 Quid

1520 408 1600 460 Ita.

947 551 1015 592 ni?
1051 548 1080 590 fi
1116 548 1217 591 nihil
1250 549 1454 600 impetres:
1491 558 1531 588 vt
1558 547 1602 589 fit

949 604 1090 655 sensus,
1112 605 1220 658 quod
1238 603 1335 644 mihi
1355 605 1527 645 videtur:
1558 615 1603 644 vt

948 662 1006 702 ille
1024 661 1229 707 arbitretur
1243 673 1418 714 paratum
1430 659 1605 712 fibimoeo

951 719 1075 767 chum,
1099 716 1143 768 st
1156 730 1200 758 tu
1216 717 1312 757 nihil
1325 720 1500 769 impetres.
1524 716 1605 756 Alii

950 775 1195 828 distinguunt
1210 772 1272 822 fic,
1299 783 1338 813 vt
1346 771 1455 812 fimul
1465 771 1607 819 dicant,

951 845 1034 872 non
1054 828 1264 883 separatim,
1319 827 1425 882 Qid
1444 829 1496 877 ni,
1524 826 1606 880 mfi'.

953 888 1019 941 qui
1036 899 1127 927 vere
1146 886 1273 925 nullus
1292 884 1347 924 est
1359 882 1494 924 sensus.
1524 887 1610 924 Pot-

953 943 1006 985 est
1031 954 1162 983 tamen
1191 942 1269 981 dici
1318 941 1424 995 Qid
1465 943 1532 980 ni?
1566 939 1609 980 id

952 1000 1017 1048 est,
1038 1009 1154 1038 certe.
1213 1001 1262 1039 Et
1278 999 1370 1050 post,
1379 995 1528 1048 finibit
1545 998 1611 1035 im·

946 1068 1091 1110 petres,
1123 1052 1166 1093 sc.
1198 1052 1321 1100 restat,
1345 1064 1386 1092 vt
1410 1052 1609 1091 arbitretur

953 1123 1137 1163 tanquam
1168 1109 1215 1148 ab
1254 1122 1302 1149 eo
1329 1110 1609 1160 impetraturus.

956 1169 1016 1218 (in
1050 1164 1135 1208 Mfl'.
1163 1166 1325 1205 lacunae
1347 1164 1495 1217 lignum
1526 1164 1612 1202 nul-

955 1224 1057 1274 lum)
1087 1224 1107 1242 '⁵
1128 1224 1181 1260 Vt
1209 1219 1396 1261 defendat
1422 1219 1613 1258 delibera·

956 1281 1060 1319 tiuae
1089 1278 1204 1316 vritur
1221 1276 1412 1327 partibus,
1450 1274 1491 1312 id
1520 1273 1614 1314 sem·

956 1347 1027 1387 per
1048 1332 1360 1384 impetrationem
1388 1327 1465 1368 effe
1486 1329 1616 1368 docui·
1671 1357 1674 1359 Α

958 1402 1059 1439 mus,
1081 1399 1180 1439 quae
1196 1385 1312 1427 habet
1323 1386 1557 1437 principium
1568 1384 1618 1425 ad

960 1444 1283 1485 beneuolentiam
1331 1440 1617 1481 conciliandam

961 1499 1154 1555 precibus·
1206 1501 1251 1539 E.

1017 1560 1088 1597 Pro
1116 1555 1223 1594 modo
1251 1552 1293 1592 de
1316 1552 1433 1593 Dauo
1469 1551 1619 1604 recepi»

963 1626 1046 1653 mus
1073 1612 1285 1651 lefflonem
1300 1610 1447 1650 Donati
1472 1610 1580 1648 modo
1598 1622 1618 1647 e

961 1669 1091 1717 Dauo,
1112 1680 1227 1719 quarn
1245 1664 1313 1717 ipfi
1329 1667 1478 1705 Faerno
1495 1665 1617 1715 place-

962 1739 1004 1765 re
1027 1723 1210 1764 videmus.
1268 1725 1309 1762 B.

1013 1793 1037 1836 ‘a
1072 1780 1187 1831 Vsqwx
1203 1789 1287 1816 ante
1305 1775 1391 1831 hac]
1422 1775 1465 1816 Id
1477 1775 1539 1822 est,
1553 1789 1620 1815 an·

961 1848 1001 1877 te
1033 1848 1150 1887 quam
1184 1844 1247 1873 tua
1285 1831 1402 1871 verba
1430 1831 1618 1872 audirem.

960 1896 1010 1934 Et
1036 1891 1129 1930 duas
1154 1887 1457 1943 praepositiones
1475 1885 1613 1940 posuit,

961 1959 1005 1991 vt
1026 1947 1181 1987 dicitur:
1211 1942 1276 1984 sed
1299 1957 1376 1983 vna
1396 1942 1452 1984 est
1465 1953 1618 1983 tantum

963 2005 1069 2045 velut
1078 2000 1316 2050 aduerbium‚
1333 2013 1414 2039 non
1425 2000 1499 2038 iam
1510 2012 1620 2051 prae-

962 2059 1108 2114 pofitio.
1167 2057 1287 2110 Vsque
1323 2055 1476 2095 antehac
1501 2069 1620 2095 atten-

963 2115 1128 2169 tusfuit]
1151 2113 1265 2154 Nulla
1275 2111 1502 2164 praepositio
1513 2123 1620 2162 prae·

963 2171 1142 2226 pofitioni
1151 2168 1312 2222 adiungi
1323 2165 1521 2220 separatim
1531 2177 1622 2219 pot-

965 2228 1030 2268 est.
1091 2226 1226 2280 Vsque,
1260 2222 1444 2264 eiusmodi
1477 2222 1548 2271 est,
1579 2233 1620 2262 vt

964 2284 1047 2326 fine
1074 2283 1200 2334 aliqua
1228 2279 1509 2333 praepositione
1536 2292 1620 2319 raro

965 2341 1196 2382 inueniatur.
1244 2335 1536 2388 Attentusfuit]
1567 2337 1620 2374 Vt

967 2409 1129 2438 attentus
1147 2394 1276 2434 audire
1298 2391 1444 2431 dicitur.
1503 2392 1558 2430 D.

1022 2452 1089 2506 Spe
1107 2464 1218 2505 atque
1237 2448 1384 2502 timore]
1417 2448 1562 2487 Seneca
1571 2449 1621 2486 E·

966 2508 1088 2562 pistol.
1116 2522 1150 2546 ν.
1214 2505 1319 2558 Spem
1351 2517 1470 2543 metus
1496 2502 1621 2554 fiqui-

966 2578 1059 2606 tur:
1111 2576 1174 2606 nec
1209 2567 1329 2603 miror
1365 2559 1431 2613 tsta
1459 2558 1514 2612 fic
1551 2559 1618 2597 ire.

1473 2615 1620 2657 Vtrum-
