1815 3168
617 149 704 193 DE
739 147 1108 192 THEATRO.
1392 166 1531 197 xxxxv

178 282 270 322 quas
289 281 359 321 pro
371 268 522 306 ratione
537 268 684 306 affluum
699 266 912 304 alternatim
932 264 970 304 se
981 265 1234 304 conferebant
1244 265 1397 308 afim-es.
1430 274 1533 314 Duas

177 331 272 365 Aras
283 322 473 375 vtriusque
485 322 650 362 habebat
660 339 669 360 ε
681 322 853 360 dextram
867 321 992 361 Liberi
1006 321 1337 367 Pat1·is;linist1·am
1350 327 1430 364 eius
1443 332 1529 377 Dei,

177 383 220 420 in
232 381 338 419 cuius
350 380 538 418 honorem
550 379 631 418 ludi
641 378 799 418 fiebant·
832 378 950 418 Vnde
959 377 1074 416 illud:
1098 382 1158 418 Ex
1168 392 1235 416 ara
1244 378 1446 433 hincsume
1454 399 1533 425 ver.

179 435 300 476 benas.
331 440 463 486 Atque
483 436 513 473 is
526 435 682 473 demum
696 445 776 472 erat
796 431 931 472 scenae
948 443 1150 484 apparatus
1161 435 1201 472 in
1212 434 1399 475 Theatro-

495 491 552 529 De
571 489 822 541 Histrionibus
840 503 874 528 ct
893 490 1025 528 Mimzs
1044 490 1213 539 scenicis.

229 547 368 586 Omnis
378 547 683 599 Tragoedia-um
703 559 745 584 ac
764 545 1070 587 comoediarum
1092 547 1222 597 gratia,
1240 556 1282 584 et
1299 548 1450 588 Scenae
1469 550 1533 590 de-

176 616 252 651 cus,
266 603 306 640 in
323 602 570 652 Histrionibus
581 601 813 642 confistebat.
844 602 1050 652 Histriones
1061 603 1166 640 enim
1180 613 1217 640 et
1227 602 1344 641 Mimi
1355 605 1395 643 in
1406 608 1533 648 Scena

176 658 415 700 Comoedias
434 656 685 698 recensebant
703 655 911 696 secundum
932 655 1015 697 suos
1028 657 1166 696 modos
1179 670 1218 697 et
1235 659 1394 700 cantica.
1434 665 1533 703 Nam

177 715 335 761 cantica,
356 725 394 753 vt
405 715 535 765 paullo
555 724 646 753 ante
657 713 901 762 docebamus,
921 713 1237 765 temperabantur
1253 716 1390 765 modis,
1411 731 1492 757 non
1513 733 1534 758 a

175 773 303 818 Poeta,
326 768 389 809 sed
412 785 433 809 a
453 771 579 822 perito
592 770 693 809 Artis
705 768 876 809 Muficae
894 767 1009 816 factis,
1027 770 1347 822 mutabanturque
1364 775 1471 813 modi
1492 777 1532 815 in

175 837 254 864 vno
268 827 426 865 cantico.
456 822 842 866 Fiebantbuiusmodi
855 827 1024 864 carmina
1042 825 1088 864 ad
1107 825 1239 865 tibias:
1264 839 1301 865 vt
1319 826 1376 866 his
1395 830 1534 871 auditis

176 883 291 921 multi
303 895 350 920 ex
362 882 507 933 populo
523 893 614 920 ante
625 880 824 929 discerent,
838 894 951 932 quam
963 881 1143 920 Fabulam
1154 883 1269 921 acturi
1281 881 1403 923 effent
1413 884 1534 926 sceni-

177 939 225 977 ci.
256 937 477 979 Vndeillud
490 938 542 976 est
552 938 775 978 Ciceronis:
804 938 896 976 Non
915 937 1080 991 intelligo
1095 939 1259 990 (inquit)
1279 941 1372 992 quid
1380 955 1534 991 metuat,

177 1007 286 1047 quum
307 1006 382 1033 tam
401 993 514 1033 bonos
519 996 757 1048 septenarios
766 994 919 1045 fitndat
935 996 983 1032 ad
1000 994 1144 1033 tibiam.
1205 994 1386 1035 Tibicines
1405 1003 1535 1050 appel-

178 1050 358 1090 labantur
377 1052 442 1101 qui
461 1049 675 1089 huiusmodi
695 1051 841 1088 cantica
858 1049 905 1088 ad
925 1049 1057 1089 tibiam
1078 1048 1309 1100 fundebant,
1326 1064 1536 1107 antequam

177 1116 360 1159 ageretur
370 1106 596 1154 Comoedia,
608 1107 784 1145 velinter
800 1104 897 1156 ipsos
910 1106 1023 1144 actus.
1063 1106 1180 1145 Vnde
1197 1107 1289 1146 illud
1300 1111 1440 1151 Plauti:
1474 1114 1537 1152 Ti-

177 1160 279 1201 bicen
291 1176 355 1202 vos
365 1165 504 1201 interea
516 1161 574 1199 hic
584 1160 785 1202 deleflabit.
815 1162 966 1202 Ludion
973 1172 1150 1201 esffautern
1164 1174 1202 1201 et
1213 1162 1414 1206 histriones
1425 1168 1473 1206 acl
1492 1169 1536 1207 ti-

176 1216 316 1257 bicinis
338 1217 473 1257 modos
496 1216 687 1266 saltabant,
706 1228 744 1258 et
762 1217 947 1257 nonnihil
960 1219 1074 1257 etiam
1085 1219 1350 1261 diuerbiorum
1366 1237 1539 1274 pronun-

178 1274 342 1313 ciabant.
389 1273 506 1313 Vnde
518 1274 666 1317 Liuius:
688 1274 878 1314 Ludiones
896 1289 943 1313 ex
961 1275 1145 1314 Hetruria
1157 1277 1278 1324 acciti,
1304 1279 1353 1317 ad
1370 1280 1537 1319 tibicinis

177 1331 305 1368 modos
314 1329 510 1380 saltantes,
533 1344 597 1369 aut
607 1331 796 1370 indecoros
810 1343 928 1370 motus
942 1344 1044 1369 more
1053 1330 1191 1381 Thufio
1208 1332 1356 1374 dabant.
1390 1337 1540 1387 Propri-

179 1398 245 1424 um
266 1386 372 1424 enirn
390 1385 585 1424 ludiorum
604 1399 646 1423 ac
666 1388 886 1424 morionum
904 1397 983 1424 erat
1001 1398 1124 1424 motus
1143 1387 1320 1436 decoros,
1349 1404 1393 1429 ac
1410 1394 1538 1444 gestus

178 1441 342 1479 omnino
356 1440 536 1479 decentes
546 1440 759 1479 ostendere.
778 1441 1004 1479 Tibicinum
1015 1452 1145 1481 autem
1156 1455 1238 1481 erat
1248 1445 1448 1495 decorum,
1458 1462 1540 1487 mo-

179 1496 345 1541 dos,hoc
356 1496 421 1542 est,
440 1508 530 1534 men
538 1494 681 1535 sui-asin
694 1507 807 1535 cantu
820 1495 1035 1542 obseruare,
1055 1497 1300 1550 remiffosque
1308 1513 1373 1540 aut
1389 1515 1533 1552 acutos,

179 1554 371 1592 autetiam
385 1564 522 1605 graues
538 1551 664 1592 facere
673 1566 743 1603 pro
755 1551 921 1591 arbitrio.
976 1556 1021 1592 In
1031 1550 1234 1608 Tragoedia
1255 1567 1295 1595 et
1306 1556 1442 1608 Satyra
1450 1560 1539 1610 sex.

178 1610 292 1648 decim
310 1621 470 1647 numero
486 1608 803 1648 inter-ueniebant
813 1608 1011 1648 Meriones
1033 1621 1070 1648 et
1085 1610 1319 1660 Histrioneu
1337 1615 1378 1653 in
1393 1617 1539 1656 Comoe-

179 1666 243 1705 dia
258 1666 372 1703 etiam
382 1675 544 1716 quatuor
555 1673 594 1701 et
603 1665 750 1717 viginti.
801 1665 884 1713 Qui
904 1663 1010 1702 fimul
1022 1666 1139 1703 coaffi
1151 1667 1193 1704 in
1206 1668 1384 1718 quolibet
1400 1670 1539 1713 horum

179 1734 338 1774 genere,
351 1731 543 1768 vnamque
552 1732 633 1757 rem
643 1728 816 1771 agentes,
829 1729 867 1758 vt
878 1720 955 1758 iam
968 1719 1107 1759 di'c‘tum
1119 1721 1181 1770 est,
1196 1723 1337 1764 Chorus
1352 1728 1543 1768 vocaban-

181 1788 262 1816 tur:
284 1774 389 1814 diuifi
403 1775 443 1813 in
458 1774 549 1813 duas
560 1785 698 1827 partes,
711 1774 960 1815 Semichoria:
978 1775 1041 1814 vbi
1062 1787 1191 1817 autem
1210 1779 1337 1832 gestus
1348 1793 1389 1820 et
1407 1795 1540 1824 cantus

177 1827 528 1875 absoluerantsuos,
540 1832 670 1870 tumin
681 1842 804 1883 partes
822 1832 953 1882 plures
965 1831 1259 1874 diuidebantur:
1281 1848 1318 1875 vt
1333 1839 1398 1876 alii
1417 1837 1542 1880 ess'ent

177 1889 244 1940 qui
255 1885 375 1934 senes,
386 1887 449 1925 alii
461 1888 525 1938 qui
536 1898 734 1932 amatoreS,
744 1887 998 1937 mulierculas,
1009 1886 1136 1927 seruos
1148 1890 1339 1940 luderent,
1359 1893 1543 1946 personis-

180 1958 260 1995 que
278 1957 320 1982 ac
338 1943 496 1982 vestium
517 1945 699 1983 varietate
719 1943 987 1994 induerentur,
1007 1946 1336 1997 quemadmodum
1353 1965 1414 1991 res
1431 1952 1541 1993 exhi-

179 1999 305 2050 bebat,
325 2012 369 2040 ac
387 1996 502 2038 moris
523 2011 603 2038 erat
623 2000 724 2051 apud
748 2012 829 2039 eos.

396 2057 563 2096 Amic‘tus
582 2070 616 2095 et
636 2056 814 2107 Peifinae
833 2056 1066 2108 Histrionum
1074 2057 1320 2110 fienicorum.

233 2109 424 2153 Personati
435 2113 640 2165 Histriones
652 2113 824 2167 agebant
834 2114 1106 2164 comoediam,
1126 2129 1260 2168 neque
1277 2116 1542 2172 agnosceban-

179 2179 251 2208 tur.
280 2169 359 2209 Sed
370 2170 421 2208 ita
431 2168 597 2222 compofi
602 2179 663 2208 tae
672 2183 714 2208 ac
726 2170 913 2208 conflatae
923 2182 1036 2210 erant
1044 2169 1241 2222 personae,
1253 2185 1291 2212 vt
1300 2174 1489 2218 referrent
1498 2179 1539 2219 id

181 2223 305 2277 ipsum
317 2225 422 2277 quod
433 2241 453 2265 a
466 2227 585 2264 mimo
597 2225 782 2279 agebatur
793 2239 803 2272 ;
815 2226 1030 2278 liceretque
1046 2225 1112 2265 sub
1130 2228 1218 2279 ipfis
1230 2243 1364 2271 vocem
1377 2234 1459 2273 eius
1473 2249 1539 2276 au-

181 2282 266 2321 dire
278 2281 452 2322 liberam.
479 2284 577 2322 Nam
590 2281 692 2332 quod
704 2283 883 2320 nonnulli
895 2282 1257 2331 dicunt,Histri0nes
1268 2295 1419 2328 tantum
1431 2282 1540 2343 gesti-

183 2338 254 2376 bus
264 2338 518 2378 Comoediam
530 2336 660 2391 egiffe,
679 2352 762 2377 non
781 2340 897 2377 etiam
914 2340 1003 2378 viua
1014 2341 1244 2391 prolatione,
1254 2342 1293 2381 id
1306 2345 1432 2385 minus
1444 2347 1541 2388 mihi

184 2393 429 2445 probandum
446 2392 522 2434 effe
534 2395 694 2434 videtur.
726 2393 997 2434 Vestiebantur
1007 2409 1166 2447 quoque
1177 2397 1389 2441 Histriones
1398 2416 1468 2453 pro
1486 2418 1542 2443 ra-

184 2450 289 2488 tione
299 2462 446 2497 eorum,
460 2463 555 2502 quos
565 2449 799 2498 referebant,
820 2449 895 2489 hoc
907 2450 972 2500 est,
996 2452 1057 2490 vel
1075 2449 1283 2501 seruorum,
1308 2458 1369 2495 vel
1392 2456 1539 2507 senum,

184 2505 249 2543 vel
266 2506 418 2544 alterius
430 2504 618 2557 personae
630 2506 784 2546 diuersis
803 2507 940 2546 modis.
997 2507 1153 2548 Senibus
1164 2511 1332 2551 Comicis
1352 2515 1540 2554 candidus

184 2559 326 2611 vestitus
338 2561 504 2611 dabatur,
522 2564 587 2614 qui
598 2563 714 2603 etiam
723 2563 1003 2615 antiquissimus
1020 2562 1133 2604 fuifi'e
1142 2578 1389 2610 memoratur.
1438 2573 1539 2610 Ado-

183 2616 347 2665 Iefientes
360 2616 533 2657 discolori
544 2619 647 2658 veste
658 2619 978 2673 contegebantur.
1037 2620 1146 2659 Serui
1158 2621 1311 2661 Comici
1323 2627 1461 2665 amictu
1474 2641 1539 2667 ve-

180 2671 386 2713 stiebantur
397 2675 552 2729 exiguo,
567 2677 796 2727 paupertatis
806 2677 987 2729 antiquae
999 2678 1132 2730 gratia,
1153 2677 1215 2718 vel
1234 2690 1310 2730 quo
1321 2683 1537 2733 expeditius

1443 2753 1536 2794 age«
