<?xml version="1.0" encoding="UTF-8"?>
<!DOCTYPE html PUBLIC "-//W3C//DTD XHTML 1.0 Transitional//EN"
    "http://www.w3.org/TR/xhtml1/DTD/xhtml1-transitional.dtd">
<html xmlns="http://www.w3.org/1999/xhtml" xml:lang="en" lang="en">
 <head>
  <title>
</title>
<meta http-equiv="Content-Type" content="text/html;charset=utf-8" />
  <meta name='ocr-system' content='tesseract 3.04.00' />
  <meta name='ocr-capabilities' content='ocr_page ocr_carea ocr_par ocr_line ocrx_word'/>
</head>
<body>
  <div class='ocr_page' id='page_1' title='image "./comoediaesexexre01tereuoft_0158.png"; bbox 0 0 1815 3168; ppageno 0'>
   <div class='ocr_carea' id='block_1_1' title="bbox 303 123 362 171">
    <p class='ocr_par' dir='ltr' id='par_1_1' title="bbox 303 123 362 171">
     <span class='ocr_line' id='line_1_1' title="bbox 303 123 362 171; baseline 0.034 -2"><span class='ocrx_word' id='word_1_1' title='bbox 303 123 362 171; x_wconf 75' lang='lat'>62</span> 
     </span>
    </p>
   </div>
   <div class='ocr_carea' id='block_1_2' title="bbox 696 122 1264 169">
    <p class='ocr_par' dir='ltr' id='par_1_2' title="bbox 696 122 1264 169">
     <span class='ocr_line' id='line_1_2' title="bbox 696 122 1264 169; baseline 0.002 -2"><span class='ocrx_word' id='word_1_2' title='bbox 696 122 856 168; x_wconf 57' lang='lat' dir='ltr'>ACTJ</span> <span class='ocrx_word' id='word_1_3' title='bbox 888 123 920 169; x_wconf 91' lang='lat'>1.</span> <span class='ocrx_word' id='word_1_4' title='bbox 968 122 1158 168; x_wconf 87' lang='lat' dir='ltr'>SCEN.</span> <span class='ocrx_word' id='word_1_5' title='bbox 1191 123 1264 169; x_wconf 85' lang='lat'>111.</span> 
     </span>
    </p>
   </div>
   <div class='ocr_carea' id='block_1_3' title="bbox 439 242 1679 314">
    <p class='ocr_par' dir='ltr' id='par_1_3' title="bbox 439 242 1679 314">
     <span class='ocr_line' id='line_1_3' title="bbox 439 242 1679 314; baseline 0.002 -18"><span class='ocrx_word' id='word_1_6' title='bbox 439 251 524 297; x_wconf 83' lang='lat' dir='ltr'>Cui</span> <span class='ocrx_word' id='word_1_7' title='bbox 544 248 676 298; x_wconf 84' lang='lat' dir='ltr'>verba</span> <span class='ocrx_word' id='word_1_8' title='bbox 697 251 797 296; x_wconf 81' lang='lat' dir='ltr'>dare</span> <span class='ocrx_word' id='word_1_9' title='bbox 819 245 992 296; x_wconf 72' lang='lat' dir='ltr'>difficile</span> <span class='ocrx_word' id='word_1_10' title='bbox 1014 248 1088 296; x_wconf 85' lang='lat' dir='ltr'>est.</span> <span class='ocrx_word' id='word_1_11' title='bbox 1134 251 1333 314; x_wconf 85' lang='lat' dir='ltr'>primum</span> <span class='ocrx_word' id='word_1_12' title='bbox 1364 243 1460 297; x_wconf 54' lang='lat' dir='ltr'>iam‘</span> <span class='ocrx_word' id='word_1_13' title='bbox 1474 242 1538 298; x_wconf 57' lang='lat' dir='ltr'>&#39;de</span> <span class='ocrx_word' id='word_1_14' title='bbox 1555 267 1679 299; x_wconf 43' lang='lat' dir='ltr'>amo*</span> 
     </span>
    </p>
   </div>
   <div class='ocr_carea' id='block_1_4' title="bbox 537 326 953 389">
    <p class='ocr_par' dir='ltr' id='par_1_4' title="bbox 537 326 953 389">
     <span class='ocr_line' id='line_1_4' title="bbox 537 326 953 389; baseline -0.002 -17"><span class='ocrx_word' id='word_1_15' title='bbox 537 343 585 372; x_wconf 85' lang='lat' dir='ltr'>re</span> <span class='ocrx_word' id='word_1_16' title='bbox 608 326 692 372; x_wconf 85' lang='lat' dir='ltr'>hoc</span> <span class='ocrx_word' id='word_1_17' title='bbox 716 327 953 389; x_wconf 85' lang='lat' dir='ltr'>comperit:</span> 
     </span>
    </p>
   </div>
   <div class='ocr_carea' id='block_1_5' title="bbox 439 400 1674 466">
    <p class='ocr_par' dir='ltr' id='par_1_5' title="bbox 439 400 1674 466">
     <span class='ocr_line' id='line_1_5' title="bbox 439 400 1674 466; baseline 0.001 -19"><span class='ocrx_word' id='word_1_18' title='bbox 439 404 520 465; x_wconf 73' lang='lat' dir='ltr'>Me</span> <span class='ocrx_word' id='word_1_19' title='bbox 542 401 732 448; x_wconf 83' lang='lat' dir='ltr'>infensus</span> <span class='ocrx_word' id='word_1_20' title='bbox 766 401 927 454; x_wconf 83' lang='lat' dir='ltr'>seruat,</span> <span class='ocrx_word' id='word_1_21' title='bbox 960 416 1017 447; x_wconf 88' lang='lat' dir='ltr'>ne</span> <span class='ocrx_word' id='word_1_22' title='bbox 1041 415 1174 463; x_wconf 89' lang='lat' dir='ltr'>quam</span> <span class='ocrx_word' id='word_1_23' title='bbox 1194 400 1347 448; x_wconf 87' lang='lat' dir='ltr'>faciam</span> <span class='ocrx_word' id='word_1_24' title='bbox 1368 402 1536 466; x_wconf 80' lang='lat' dir='ltr'>nuptiis</span> <span class='ocrx_word' id='word_1_25' title='bbox 1560 400 1674 449; x_wconf 83' lang='lat' dir='ltr'>falla·</span> 
     </span>
    </p>
   </div>
   <div class='ocr_carea' id='block_1_6' title="bbox 539 479 664 524">
    <p class='ocr_par' dir='ltr' id='par_1_6' title="bbox 539 479 664 524">
     <span class='ocr_line' id='line_1_6' title="bbox 539 479 664 524; baseline -0.016 0"><span class='ocrx_word' id='word_1_26' title='bbox 539 479 664 524; x_wconf 84' lang='lat' dir='ltr'>ciam.</span> 
     </span>
    </p>
   </div>
   <div class='ocr_carea' id='block_1_7' title="bbox 309 693 986 2600">
    <p class='ocr_par' dir='ltr' id='par_1_7' title="bbox 309 693 974 1131">
     <span class='ocr_line' id='line_1_7' title="bbox 309 693 972 750; baseline -0.009 -12"><span class='ocrx_word' id='word_1_27' title='bbox 309 697 378 738; x_wconf 79' lang='lat' dir='ltr'>&#39;Sin</span> <span class='ocrx_word' id='word_1_28' title='bbox 401 695 592 750; x_wconf 84' lang='lat' dir='ltr'><em>opitulor]</em></span> <span class='ocrx_word' id='word_1_29' title='bbox 636 696 764 746; x_wconf 85' lang='lat' dir='ltr'><strong>Opem</strong></span> <span class='ocrx_word' id='word_1_30' title='bbox 792 693 897 734; x_wconf 80' lang='lat' dir='ltr'>ferre</span> <span class='ocrx_word' id='word_1_31' title='bbox 915 693 972 732; x_wconf 78' lang='lat' dir='ltr'>di-</span> 
     </span>
     <span class='ocr_line' id='line_1_8' title="bbox 312 750 971 800; baseline -0.008 -7"><span class='ocrx_word' id='word_1_32' title='bbox 312 756 408 794; x_wconf 82' lang='lat' dir='ltr'>citur</span> <span class='ocrx_word' id='word_1_33' title='bbox 428 754 468 791; x_wconf 86' lang='lat' dir='ltr'>in</span> <span class='ocrx_word' id='word_1_34' title='bbox 491 752 600 790; x_wconf 84' lang='lat' dir='ltr'>malis</span> <span class='ocrx_word' id='word_1_35' title='bbox 621 751 754 800; x_wconf 86' lang='lat' dir='ltr'>rebus,</span> <span class='ocrx_word' id='word_1_36' title='bbox 785 763 823 790; x_wconf 88' lang='lat' dir='ltr'>et</span> <span class='ocrx_word' id='word_1_37' title='bbox 840 752 885 789; x_wconf 85' lang='lat' dir='ltr'>iis</span> <span class='ocrx_word' id='word_1_38' title='bbox 905 750 971 800; x_wconf 87' lang='lat' dir='ltr'>qui</span> 
     </span>
     <span class='ocr_line' id='line_1_9' title="bbox 312 805 973 857; baseline -0.009 -7"><span class='ocrx_word' id='word_1_39' title='bbox 312 811 363 850; x_wconf 77' lang='lat' dir='ltr'>de</span> <span class='ocrx_word' id='word_1_40' title='bbox 395 808 510 849; x_wconf 84' lang='lat' dir='ltr'>salute</span> <span class='ocrx_word' id='word_1_41' title='bbox 538 807 645 850; x_wconf 87' lang='lat' dir='ltr'>dubii</span> <span class='ocrx_word' id='word_1_42' title='bbox 673 805 780 846; x_wconf 87' lang='lat' dir='ltr'>sunt:</span> <span class='ocrx_word' id='word_1_43' title='bbox 810 818 865 857; x_wconf 83' lang='lat' dir='ltr'>vt,</span> <span class='ocrx_word' id='word_1_44' title='bbox 897 806 973 845; x_wconf 80' lang='lat' dir='ltr'>Fer</span> 
     </span>
     <span class='ocr_line' id='line_1_10' title="bbox 311 863 970 919; baseline -0.008 -13"><span class='ocrx_word' id='word_1_45' title='bbox 311 878 431 919; x_wconf 87' lang='lat' dir='ltr'>opem,</span> <span class='ocrx_word' id='word_1_46' title='bbox 442 865 559 914; x_wconf 79' lang='lat' dir='ltr'>serua</span> <span class='ocrx_word' id='word_1_47' title='bbox 578 877 641 912; x_wconf 82' lang='lat' dir='ltr'>me,</span> <span class='ocrx_word' id='word_1_48' title='bbox 663 864 707 901; x_wconf 75' lang='lat' dir='ltr'>ob</span> <span class='ocrx_word' id='word_1_49' title='bbox 727 863 818 903; x_wconf 64' lang='lat' dir='ltr'>kero.</span> <span class='ocrx_word' id='word_1_50' title='bbox 881 863 970 914; x_wconf 88' lang='lat' dir='ltr'><em>Opi-</em></span> 
     </span>
     <span class='ocr_line' id='line_1_11' title="bbox 311 918 973 973; baseline -0.009 -10"><span class='ocrx_word' id='word_1_51' title='bbox 311 923 417 963; x_wconf 72' lang='lat' dir='ltr'>tulo»-</span> <span class='ocrx_word' id='word_1_52' title='bbox 427 932 465 961; x_wconf 90' lang='lat' dir='ltr'>et</span> <span class='ocrx_word' id='word_1_53' title='bbox 477 921 675 973; x_wconf 67' lang='lat' dir='ltr'><em>opitulatio</em></span> <span class='ocrx_word' id='word_1_54' title='bbox 686 919 784 958; x_wconf 61' lang='lat' dir='ltr'>dieta</span> <span class='ocrx_word' id='word_1_55' title='bbox 794 918 841 958; x_wconf 92' lang='lat' dir='ltr'>ab</span> <span class='ocrx_word' id='word_1_56' title='bbox 856 932 973 971; x_wconf 88' lang='lat' dir='ltr'>opem</span> 
     </span>
     <span class='ocr_line' id='line_1_12' title="bbox 311 974 972 1022; baseline -0.009 -3"><span class='ocrx_word' id='word_1_57' title='bbox 311 978 488 1019; x_wconf 89' lang='lat' dir='ltr'>tollendo</span> <span class='ocrx_word' id='word_1_58' title='bbox 509 1006 518 1022; x_wconf 93' lang='lat'><em>,</em></span> <span class='ocrx_word' id='word_1_59' title='bbox 566 976 637 1015; x_wconf 86' lang='lat' dir='ltr'>hoc</span> <span class='ocrx_word' id='word_1_60' title='bbox 675 975 746 1021; x_wconf 83' lang='lat' dir='ltr'>est,</span> <span class='ocrx_word' id='word_1_61' title='bbox 794 974 972 1015; x_wconf 84' lang='lat' dir='ltr'>serendo.</span> 
     </span>
     <span class='ocr_line' id='line_1_13' title="bbox 311 1031 974 1087; baseline -0.009 -11"><span class='ocrx_word' id='word_1_62' title='bbox 311 1036 436 1076; x_wconf 79' lang='lat' dir='ltr'><em>Huius</em></span> <span class='ocrx_word' id='word_1_63' title='bbox 464 1032 600 1087; x_wconf 83' lang='lat' dir='ltr'>minas]</span> <span class='ocrx_word' id='word_1_64' title='bbox 647 1031 895 1082; x_wconf 71' lang='lat' dir='ltr'>Subauditur‚</span> <span class='ocrx_word' id='word_1_65' title='bbox 921 1033 974 1072; x_wconf 73' lang='lat' dir='ltr'>,ti-</span> 
     </span>
     <span class='ocr_line' id='line_1_14' title="bbox 312 1091 511 1131; baseline -0.015 0"><span class='ocrx_word' id='word_1_66' title='bbox 312 1104 403 1131; x_wconf 84' lang='lat' dir='ltr'>me0.</span> <span class='ocrx_word' id='word_1_67' title='bbox 460 1091 511 1130; x_wconf 95' lang='lat' dir='ltr'>D.</span> 
     </span>
    </p>

    <p class='ocr_par' dir='ltr' id='par_1_8' title="bbox 313 1142 983 2193">
     <span class='ocr_line' id='line_1_15' title="bbox 367 1142 974 1198; baseline -0.007 -13"><span class='ocrx_word' id='word_1_68' title='bbox 367 1148 394 1188; x_wconf 93' lang='lat'><em>6</em></span> <span class='ocrx_word' id='word_1_69' title='bbox 432 1145 506 1185; x_wconf 90' lang='lat' dir='ltr'>Cui</span> <span class='ocrx_word' id='word_1_70' title='bbox 540 1142 657 1184; x_wconf 74' lang='lat' dir='ltr'>verba</span> <span class='ocrx_word' id='word_1_71' title='bbox 694 1143 800 1198; x_wconf 84' lang='lat' dir='ltr'>dare]</span> <span class='ocrx_word' id='word_1_72' title='bbox 853 1142 974 1183; x_wconf 69' lang='lat' dir='ltr'>Verba</span> 
     </span>
     <span class='ocr_line' id='line_1_16' title="bbox 315 1196 974 1250; baseline -0.006 -9"><span class='ocrx_word' id='word_1_73' title='bbox 315 1201 414 1248; x_wconf 78' lang='lat' dir='ltr'>dare,</span> <span class='ocrx_word' id='word_1_74' title='bbox 436 1200 582 1240; x_wconf 82' lang='lat' dir='ltr'>fallacia</span> <span class='ocrx_word' id='word_1_75' title='bbox 599 1200 670 1240; x_wconf 85' lang='lat' dir='ltr'>est:</span> <span class='ocrx_word' id='word_1_76' title='bbox 702 1211 739 1240; x_wconf 89' lang='lat' dir='ltr'>et</span> <span class='ocrx_word' id='word_1_77' title='bbox 764 1200 860 1239; x_wconf 84' lang='lat' dir='ltr'>illud</span> <span class='ocrx_word' id='word_1_78' title='bbox 883 1196 974 1250; x_wconf 63' lang='lat' dir='ltr'>&lt;Mc</span> 
     </span>
     <span class='ocr_line' id='line_1_17' title="bbox 313 1254 976 1308; baseline -0.005 -10"><span class='ocrx_word' id='word_1_79' title='bbox 313 1257 436 1299; x_wconf 86' lang='lat' dir='ltr'>Hulst.</span> <span class='ocrx_word' id='word_1_80' title='bbox 474 1257 524 1296; x_wconf 84' lang='lat' dir='ltr'>ad</span> <span class='ocrx_word' id='word_1_81' title='bbox 542 1255 646 1303; x_wconf 71' lang='lat' dir='ltr'><em>illud)</em></span> <span class='ocrx_word' id='word_1_82' title='bbox 681 1254 838 1308; x_wconf 68' lang='grc' dir='ltr'>Γρθξὶεῐ,</span> <span class='ocrx_word' id='word_1_83' title='bbox 863 1255 976 1296; x_wconf 70' lang='lat' dir='ltr'><em>Nihil</em></span> 
     </span>
     <span class='ocr_line' id='line_1_18' title="bbox 314 1310 978 1366; baseline -0.006 -13"><span class='ocrx_word' id='word_1_84' title='bbox 314 1327 368 1353; x_wconf 87' lang='lat' dir='ltr'>me</span> <span class='ocrx_word' id='word_1_85' title='bbox 393 1312 513 1366; x_wconf 81' lang='lat' dir='ltr'>fallis.</span> <span class='ocrx_word' id='word_1_86' title='bbox 569 1311 734 1364; x_wconf 80' lang='lat' dir='ltr'>Diffi&#39;cile</span> <span class='ocrx_word' id='word_1_87' title='bbox 767 1310 841 1365; x_wconf 83' lang='lat' dir='ltr'>est]</span> <span class='ocrx_word' id='word_1_88' title='bbox 888 1313 978 1350; x_wconf 91' lang='lat' dir='ltr'>Non</span> 
     </span>
     <span class='ocr_line' id='line_1_19' title="bbox 316 1366 979 1420; baseline -0.008 -11"><span class='ocrx_word' id='word_1_89' title='bbox 316 1370 422 1415; x_wconf 80' lang='lat' dir='ltr'>dicit,</span> <span class='ocrx_word' id='word_1_90' title='bbox 446 1367 680 1420; x_wconf 69' lang='lat' dir='ltr'>impossibile</span> <span class='ocrx_word' id='word_1_91' title='bbox 698 1366 762 1406; x_wconf 82' lang='lat' dir='ltr'>est.</span> <span class='ocrx_word' id='word_1_92' title='bbox 818 1370 922 1419; x_wconf 85' lang='lat' dir='ltr'>Ergo</span> <span class='ocrx_word' id='word_1_93' title='bbox 942 1379 979 1404; x_wconf 92' lang='lat'>0-</span> 
     </span>
     <span class='ocr_line' id='line_1_20' title="bbox 316 1421 980 1476; baseline -0.008 -11"><span class='ocrx_word' id='word_1_94' title='bbox 316 1424 458 1465; x_wconf 89' lang='lat' dir='ltr'>stendit</span> <span class='ocrx_word' id='word_1_95' title='bbox 477 1435 628 1476; x_wconf 85' lang='lat' dir='ltr'>partem</span> <span class='ocrx_word' id='word_1_96' title='bbox 655 1421 693 1462; x_wconf 81' lang='lat' dir='ltr'>se</span> <span class='ocrx_word' id='word_1_97' title='bbox 719 1421 848 1476; x_wconf 86' lang='lat' dir='ltr'>sequi,</span> <span class='ocrx_word' id='word_1_98' title='bbox 881 1434 980 1474; x_wconf 87' lang='lat' dir='ltr'>quae</span> 
     </span>
     <span class='ocr_line' id='line_1_21' title="bbox 316 1478 981 1534; baseline -0.005 -14"><span class='ocrx_word' id='word_1_99' title='bbox 316 1495 388 1534; x_wconf 87' lang='lat' dir='ltr'>pro</span> <span class='ocrx_word' id='word_1_100' title='bbox 429 1479 631 1532; x_wconf 86' lang='lat' dir='ltr'>Pamphilo</span> <span class='ocrx_word' id='word_1_101' title='bbox 672 1478 736 1519; x_wconf 87' lang='lat' dir='ltr'>est.</span> <span class='ocrx_word' id='word_1_102' title='bbox 811 1480 981 1519; x_wconf 78' lang='lat' dir='ltr'>Primum</span> 
     </span>
     <span class='ocr_line' id='line_1_22' title="bbox 317 1534 981 1591; baseline -0.005 -15"><span class='ocrx_word' id='word_1_103' title='bbox 317 1534 409 1591; x_wconf 75' lang='lat' dir='ltr'>iam]</span> <span class='ocrx_word' id='word_1_104' title='bbox 440 1537 578 1584; x_wconf 85' lang='lat' dir='ltr'>Primo,</span> <span class='ocrx_word' id='word_1_105' title='bbox 600 1536 737 1588; x_wconf 84' lang='lat' dir='ltr'>inquit,</span> <span class='ocrx_word' id='word_1_106' title='bbox 757 1535 833 1575; x_wconf 89' lang='lat' dir='ltr'>iam</span> <span class='ocrx_word' id='word_1_107' title='bbox 854 1534 981 1574; x_wconf 84' lang='lat' dir='ltr'>infeu-</span> 
     </span>
     <span class='ocr_line' id='line_1_23' title="bbox 316 1590 981 1634; baseline -0.005 -1"><span class='ocrx_word' id='word_1_108' title='bbox 316 1592 376 1634; x_wconf 84' lang='lat' dir='ltr'>sus</span> <span class='ocrx_word' id='word_1_109' title='bbox 408 1592 461 1632; x_wconf 90' lang='lat' dir='ltr'>est</span> <span class='ocrx_word' id='word_1_110' title='bbox 499 1590 628 1632; x_wconf 84' lang='lat' dir='ltr'>senex.</span> <span class='ocrx_word' id='word_1_111' title='bbox 659 1591 805 1631; x_wconf 81' lang='lat' dir='ltr'>deinde</span> <span class='ocrx_word' id='word_1_112' title='bbox 831 1606 853 1630; x_wconf 86' lang='lat' dir='ltr'>a</span> <span class='ocrx_word' id='word_1_113' title='bbox 878 1595 981 1631; x_wconf 86' lang='lat' dir='ltr'>Pam-</span> 
     </span>
     <span class='ocr_line' id='line_1_24' title="bbox 319 1647 979 1704; baseline -0.006 -15"><span class='ocrx_word' id='word_1_114' title='bbox 319 1650 428 1704; x_wconf 81' lang='lat' dir='ltr'>philo</span> <span class='ocrx_word' id='word_1_115' title='bbox 466 1648 626 1702; x_wconf 84' lang='lat' dir='ltr'>grauida</span> <span class='ocrx_word' id='word_1_116' title='bbox 662 1647 715 1687; x_wconf 90' lang='lat' dir='ltr'>est</span> <span class='ocrx_word' id='word_1_117' title='bbox 743 1647 979 1700; x_wconf 86' lang='lat' dir='ltr'>Glycerium.</span> 
     </span>
     <span class='ocr_line' id='line_1_25' title="bbox 319 1702 981 1758; baseline -0.008 -13"><span class='ocrx_word' id='word_1_118' title='bbox 319 1708 485 1748; x_wconf 82' lang='lat' dir='ltr'>Primum</span> <span class='ocrx_word' id='word_1_119' title='bbox 510 1704 603 1758; x_wconf 79' lang='lat' dir='ltr'>iam]</span> <span class='ocrx_word' id='word_1_120' title='bbox 660 1702 758 1749; x_wconf 73' lang='grc' dir='ltr'>ὖφέν.</span> <span class='ocrx_word' id='word_1_121' title='bbox 790 1703 844 1742; x_wconf 84' lang='lat' dir='ltr'>est</span> <span class='ocrx_word' id='word_1_122' title='bbox 872 1703 981 1741; x_wconf 89' lang='lat' dir='ltr'>enim</span> 
     </span>
     <span class='ocr_line' id='line_1_26' title="bbox 318 1758 982 1812; baseline -0.005 -12"><span class='ocrx_word' id='word_1_123' title='bbox 318 1760 493 1809; x_wconf 61' lang='grc' dir='ltr'>ἂναςςωφιῖ</span> <span class='ocrx_word' id='word_1_124' title='bbox 504 1791 513 1806; x_wconf 86' lang='grc'><em>,</em></span> <span class='ocrx_word' id='word_1_125' title='bbox 543 1773 611 1810; x_wconf 86' lang='lat' dir='ltr'>pro</span> <span class='ocrx_word' id='word_1_126' title='bbox 625 1760 699 1798; x_wconf 76' lang='lat' dir='ltr'>iam</span> <span class='ocrx_word' id='word_1_127' title='bbox 714 1759 891 1812; x_wconf 85' lang='lat' dir='ltr'>primum.</span> <span class='ocrx_word' id='word_1_128' title='bbox 921 1758 982 1798; x_wconf 90' lang='lat' dir='ltr'>De</span> 
     </span>
     <span class='ocr_line' id='line_1_27' title="bbox 320 1814 981 1871; baseline -0.009 -12"><span class='ocrx_word' id='word_1_129' title='bbox 320 1832 447 1861; x_wconf 86' lang='lat' dir='ltr'>amore</span> <span class='ocrx_word' id='word_1_130' title='bbox 481 1816 577 1871; x_wconf 82' lang='lat' dir='ltr'><em>hoc]</em></span> <span class='ocrx_word' id='word_1_131' title='bbox 620 1818 703 1855; x_wconf 83' lang='lat' dir='ltr'>Hoc</span> <span class='ocrx_word' id='word_1_132' title='bbox 739 1830 883 1863; x_wconf 77' lang='lat' dir='ltr'>amore,</span> <span class='ocrx_word' id='word_1_133' title='bbox 923 1814 981 1862; x_wconf 83' lang='lat' dir='ltr'>fic,</span> 
     </span>
     <span class='ocr_line' id='line_1_28' title="bbox 320 1871 982 1926; baseline -0.005 -14"><span class='ocrx_word' id='word_1_134' title='bbox 320 1872 422 1926; x_wconf 85' lang='lat' dir='ltr'>quafi</span> <span class='ocrx_word' id='word_1_135' title='bbox 448 1885 538 1912; x_wconf 87' lang='lat' dir='ltr'>curn</span> <span class='ocrx_word' id='word_1_136' title='bbox 566 1872 693 1913; x_wconf 82' lang='lat' dir='ltr'>taedio</span> <span class='ocrx_word' id='word_1_137' title='bbox 715 1882 754 1910; x_wconf 88' lang='lat' dir='ltr'>et</span> <span class='ocrx_word' id='word_1_138' title='bbox 773 1871 982 1924; x_wconf 83' lang='lat' dir='ltr'>reprehen-</span> 
     </span>
     <span class='ocr_line' id='line_1_29' title="bbox 320 1928 981 1978; baseline -0.008 -8"><span class='ocrx_word' id='word_1_139' title='bbox 320 1929 429 1970; x_wconf 79' lang='lat' dir='ltr'>fione</span> <span class='ocrx_word' id='word_1_140' title='bbox 471 1929 554 1970; x_wconf 83' lang='lat' dir='ltr'>eius</span> <span class='ocrx_word' id='word_1_141' title='bbox 605 1928 746 1967; x_wconf 76' lang='lat' dir='ltr'>amoris</span> <span class='ocrx_word' id='word_1_142' title='bbox 792 1928 981 1978; x_wconf 82' lang='lat' dir='ltr'>loquatur.</span> 
     </span>
     <span class='ocr_line' id='line_1_30' title="bbox 320 1983 982 2039; baseline -0.009 -12"><span class='ocrx_word' id='word_1_143' title='bbox 320 1988 387 2027; x_wconf 82' lang='lat' dir='ltr'>Me</span> <span class='ocrx_word' id='word_1_144' title='bbox 407 1984 589 2039; x_wconf 76' lang='lat' dir='ltr'>infenfics]</span> <span class='ocrx_word' id='word_1_145' title='bbox 620 1985 774 2025; x_wconf 82' lang='lat' dir='ltr'>Scilicet</span> <span class='ocrx_word' id='word_1_146' title='bbox 792 1983 841 2022; x_wconf 88' lang='lat' dir='ltr'>de</span> <span class='ocrx_word' id='word_1_147' title='bbox 852 1995 982 2023; x_wconf 85' lang='lat' dir='ltr'>amore</span> 
     </span>
     <span class='ocr_line' id='line_1_31' title="bbox 321 2038 983 2089; baseline -0.006 -7"><span class='ocrx_word' id='word_1_148' title='bbox 321 2041 403 2089; x_wconf 78' lang='lat' dir='ltr'>filii,</span> <span class='ocrx_word' id='word_1_149' title='bbox 426 2038 545 2081; x_wconf 86' lang='lat' dir='ltr'>senex</span> <span class='ocrx_word' id='word_1_150' title='bbox 562 2054 627 2080; x_wconf 91' lang='lat' dir='ltr'>me</span> <span class='ocrx_word' id='word_1_151' title='bbox 644 2038 779 2087; x_wconf 78' lang='lat' dir='ltr'>seruat,</span> <span class='ocrx_word' id='word_1_152' title='bbox 802 2050 843 2079; x_wconf 90' lang='lat' dir='ltr'>et</span> <span class='ocrx_word' id='word_1_153' title='bbox 861 2052 903 2079; x_wconf 89' lang='lat' dir='ltr'>re</span> <span class='ocrx_word' id='word_1_154' title='bbox 921 2052 983 2078; x_wconf 91' lang='lat' dir='ltr'>ve-</span> 
     </span>
     <span class='ocr_line' id='line_1_32' title="bbox 321 2096 982 2151; baseline -0.008 -14"><span class='ocrx_word' id='word_1_155' title='bbox 321 2112 363 2137; x_wconf 84' lang='lat' dir='ltr'>ra</span> <span class='ocrx_word' id='word_1_156' title='bbox 382 2097 576 2139; x_wconf 81' lang='lat' dir='ltr'>timendus</span> <span class='ocrx_word' id='word_1_157' title='bbox 595 2096 660 2136; x_wconf 88' lang='lat' dir='ltr'>est.</span> <span class='ocrx_word' id='word_1_158' title='bbox 716 2096 865 2151; x_wconf 72' lang='lat' dir='ltr'>Serum]</span> <span class='ocrx_word' id='word_1_159' title='bbox 921 2106 982 2142; x_wconf 81' lang='grc' dir='ltr'>φυ-</span> 
     </span>
     <span class='ocr_line' id='line_1_33' title="bbox 321 2155 555 2193; baseline 0.004 -1"><span class='ocrx_word' id='word_1_160' title='bbox 321 2159 449 2193; x_wconf 66' lang='grc' dir='ltr'><strong><em>λάττει.</em></strong></span> <span class='ocrx_word' id='word_1_161' title='bbox 506 2155 555 2193; x_wconf 86' lang='lat' dir='ltr'>D.</span> 
     </span>
    </p>

    <p class='ocr_par' dir='ltr' id='par_1_9' title="bbox 321 2208 986 2600">
     <span class='ocr_line' id='line_1_34' title="bbox 380 2208 980 2263; baseline -0.005 -13"><span class='ocrx_word' id='word_1_162' title='bbox 380 2211 449 2250; x_wconf 89' lang='lat' dir='ltr'>Cui</span> <span class='ocrx_word' id='word_1_163' title='bbox 476 2209 593 2250; x_wconf 70' lang='lat' dir='ltr'>verba</span> <span class='ocrx_word' id='word_1_164' title='bbox 621 2208 712 2248; x_wconf 79' lang='lat' dir='ltr'>dare</span> <span class='ocrx_word' id='word_1_165' title='bbox 737 2208 884 2263; x_wconf 85' lang='lat' dir='ltr'>diffi&#39;cile</span> <span class='ocrx_word' id='word_1_166' title='bbox 915 2208 980 2262; x_wconf 87' lang='lat' dir='ltr'>est]</span> 
     </span>
     <span class='ocr_line' id='line_1_35' title="bbox 321 2263 984 2316; baseline -0.002 -11"><span class='ocrx_word' id='word_1_167' title='bbox 321 2263 397 2310; x_wconf 75' lang='lat' dir='ltr'>Hic</span> <span class='ocrx_word' id='word_1_168' title='bbox 419 2265 574 2305; x_wconf 58' lang='lat' dir='ltr'>naehta</span> <span class='ocrx_word' id='word_1_169' title='bbox 596 2264 650 2304; x_wconf 89' lang='lat' dir='ltr'>est</span> <span class='ocrx_word' id='word_1_170' title='bbox 677 2267 837 2316; x_wconf 78' lang='lat' dir='ltr'>qualitas</span> <span class='ocrx_word' id='word_1_171' title='bbox 858 2264 984 2304; x_wconf 73' lang='lat' dir='ltr'>Vtrius-</span> 
     </span>
     <span class='ocr_line' id='line_1_36' title="bbox 325 2321 984 2375; baseline -0.003 -13"><span class='ocrx_word' id='word_1_172' title='bbox 325 2336 402 2375; x_wconf 87' lang='lat' dir='ltr'>que</span> <span class='ocrx_word' id='word_1_173' title='bbox 433 2322 562 2374; x_wconf 88' lang='lat' dir='ltr'>partis.</span> <span class='ocrx_word' id='word_1_174' title='bbox 621 2321 696 2360; x_wconf 89' lang='lat' dir='ltr'>Sed</span> <span class='ocrx_word' id='word_1_175' title='bbox 728 2321 865 2361; x_wconf 84' lang='lat' dir='ltr'>incidit</span> <span class='ocrx_word' id='word_1_176' title='bbox 889 2335 984 2371; x_wconf 75' lang='lat' dir='ltr'>¹con-</span> 
     </span>
     <span class='ocr_line' id='line_1_37' title="bbox 323 2373 982 2429; baseline -0.005 -10"><span class='ocrx_word' id='word_1_177' title='bbox 323 2376 486 2426; x_wconf 52' lang='lat' dir='ltr'>iectura.</span> <span class='ocrx_word' id='word_1_178' title='bbox 522 2392 573 2418; x_wconf 89' lang='lat' dir='ltr'>an</span> <span class='ocrx_word' id='word_1_179' title='bbox 605 2375 689 2419; x_wconf 77' lang='lat' dir='ltr'>falli</span> <span class='ocrx_word' id='word_1_180' title='bbox 715 2373 832 2418; x_wconf 82' lang='lat' dir='ltr'>senex</span> <span class='ocrx_word' id='word_1_181' title='bbox 861 2378 982 2429; x_wconf 83' lang='lat' dir='ltr'>poffit.</span> 
     </span>
     <span class='ocr_line' id='line_1_38' title="bbox 322 2434 984 2487; baseline 0 -14"><span class='ocrx_word' id='word_1_182' title='bbox 322 2434 429 2478; x_wconf 81' lang='lat' dir='ltr'>Hinc</span> <span class='ocrx_word' id='word_1_183' title='bbox 469 2444 698 2487; x_wconf 82' lang='lat' dir='ltr'>argumenta</span> <span class='ocrx_word' id='word_1_184' title='bbox 739 2435 984 2487; x_wconf 84' lang='lat' dir='ltr'>colliguntur,</span> 
     </span>
     <span class='ocr_line' id='line_1_39' title="bbox 328 2489 986 2543; baseline -0.002 -14"><span class='ocrx_word' id='word_1_185' title='bbox 328 2489 434 2543; x_wconf 91' lang='lat' dir='ltr'>quod</span> <span class='ocrx_word' id='word_1_186' title='bbox 462 2503 544 2528; x_wconf 87' lang='lat' dir='ltr'>non</span> <span class='ocrx_word' id='word_1_187' title='bbox 573 2490 718 2541; x_wconf 85' lang='lat' dir='ltr'>potest:</span> <span class='ocrx_word' id='word_1_188' title='bbox 748 2489 862 2537; x_wconf 85' lang='lat' dir='ltr'>ideo,</span> <span class='ocrx_word' id='word_1_189' title='bbox 893 2490 986 2541; x_wconf 88' lang='lat' dir='ltr'>quia</span> 
     </span>
     <span class='ocr_line' id='line_1_40' title="bbox 325 2545 985 2600; baseline -0.003 -13"><span class='ocrx_word' id='word_1_190' title='bbox 325 2547 514 2600; x_wconf 52' lang='lat' dir='ltr'>comperit</span> <span class='ocrx_word' id='word_1_191' title='bbox 530 2546 606 2591; x_wconf 84' lang='lat' dir='ltr'>iam</span> <span class='ocrx_word' id='word_1_192' title='bbox 625 2547 674 2587; x_wconf 84' lang='lat' dir='ltr'>de</span> <span class='ocrx_word' id='word_1_193' title='bbox 694 2558 850 2596; x_wconf 82' lang='lat' dir='ltr'>amore,</span> <span class='ocrx_word' id='word_1_194' title='bbox 878 2545 985 2598; x_wconf 85' lang='lat' dir='ltr'>quod</span> 
     </span>
    </p>
   </div>
   <div class='ocr_carea' id='block_1_8' title="bbox 1631 554 1678 600">
    <p class='ocr_par' dir='ltr' id='par_1_10' title="bbox 1631 554 1678 600">
     <span class='ocr_line' id='line_1_41' title="bbox 1631 554 1678 600; baseline 0 0"><span class='ocrx_word' id='word_1_195' title='bbox 1631 554 1678 600; x_wconf 86' lang='lat' dir='ltr'>si</span> 
     </span>
    </p>
   </div>
   <div class='ocr_carea' id='block_1_9' title="bbox 1020 692 1698 2208">
    <p class='ocr_par' dir='ltr' id='par_1_11' title="bbox 1020 692 1698 2208">
     <span class='ocr_line' id='line_1_42' title="bbox 1020 692 1680 745; baseline 0.005 -12"><span class='ocrx_word' id='word_1_196' title='bbox 1020 692 1197 734; x_wconf 82' lang='lat' dir='ltr'>infensus</span> <span class='ocrx_word' id='word_1_197' title='bbox 1230 708 1295 735; x_wconf 88' lang='lat' dir='ltr'>me</span> <span class='ocrx_word' id='word_1_198' title='bbox 1324 693 1468 744; x_wconf 82' lang='lat' dir='ltr'>seruat,</span> <span class='ocrx_word' id='word_1_199' title='bbox 1499 708 1552 745; x_wconf 76' lang='lat' dir='ltr'>ne</span> <span class='ocrx_word' id='word_1_200' title='bbox 1577 695 1680 736; x_wconf 79' lang='lat' dir='ltr'>falla-</span> 
     </span>
     <span class='ocr_line' id='line_1_43' title="bbox 1022 751 1683 801; baseline 0.005 -12"><span class='ocrx_word' id='word_1_201' title='bbox 1022 752 1120 790; x_wconf 85' lang='lat' dir='ltr'>ciam</span> <span class='ocrx_word' id='word_1_202' title='bbox 1147 751 1195 790; x_wconf 90' lang='lat' dir='ltr'>ad</span> <span class='ocrx_word' id='word_1_203' title='bbox 1223 752 1374 801; x_wconf 86' lang='lat' dir='ltr'>nuptias</span> <span class='ocrx_word' id='word_1_204' title='bbox 1401 751 1552 791; x_wconf 85' lang='lat' dir='ltr'>faciam.</span> <span class='ocrx_word' id='word_1_205' title='bbox 1597 751 1683 792; x_wconf 63' lang='lat' dir='ltr'>‘De-</span> 
     </span>
     <span class='ocr_line' id='line_1_44' title="bbox 1021 806 1683 859; baseline 0.003 -14"><span class='ocrx_word' id='word_1_206' title='bbox 1021 808 1116 846; x_wconf 86' lang='lat' dir='ltr'>inde</span> <span class='ocrx_word' id='word_1_207' title='bbox 1144 806 1191 846; x_wconf 84' lang='lat' dir='ltr'>ad</span> <span class='ocrx_word' id='word_1_208' title='bbox 1223 807 1457 858; x_wconf 83' lang='lat' dir='ltr'>qualitatem.</span> <span class='ocrx_word' id='word_1_209' title='bbox 1497 809 1683 859; x_wconf 85' lang='lat' dir='ltr'>quoniam</span> 
     </span>
     <span class='ocr_line' id='line_1_45' title="bbox 1022 861 1683 914; baseline 0 -11"><span class='ocrx_word' id='word_1_210' title='bbox 1022 863 1087 903; x_wconf 82' lang='lat' dir='ltr'>etfi</span> <span class='ocrx_word' id='word_1_211' title='bbox 1106 862 1204 903; x_wconf 80' lang='lat' dir='ltr'>nihil</span> <span class='ocrx_word' id='word_1_212' title='bbox 1224 861 1304 914; x_wconf 86' lang='lat' dir='ltr'>ipse</span> <span class='ocrx_word' id='word_1_213' title='bbox 1321 863 1458 903; x_wconf 79' lang='lat' dir='ltr'>feeerit</span> <span class='ocrx_word' id='word_1_214' title='bbox 1476 863 1617 903; x_wconf 73' lang='lat' dir='ltr'>fraudis</span> <span class='ocrx_word' id='word_1_215' title='bbox 1639 877 1683 903; x_wconf 86' lang='lat' dir='ltr'>ac</span> 
     </span>
     <span class='ocr_line' id='line_1_46' title="bbox 1024 918 1686 967; baseline 0.002 -9"><span class='ocrx_word' id='word_1_216' title='bbox 1024 918 1113 967; x_wconf 76' lang='lat' dir='ltr'>doli,</span> <span class='ocrx_word' id='word_1_217' title='bbox 1137 920 1319 959; x_wconf 85' lang='lat' dir='ltr'>dominus</span> <span class='ocrx_word' id='word_1_218' title='bbox 1339 920 1436 959; x_wconf 74' lang='lat' dir='ltr'>circa</span> <span class='ocrx_word' id='word_1_219' title='bbox 1448 918 1594 958; x_wconf 85' lang='lat' dir='ltr'>seruum</span> <span class='ocrx_word' id='word_1_220' title='bbox 1608 934 1686 959; x_wconf 79' lang='lat' dir='ltr'>ma·</span> 
     </span>
     <span class='ocr_line' id='line_1_47' title="bbox 1023 974 1685 1030; baseline 0.002 -16"><span class='ocrx_word' id='word_1_221' title='bbox 1023 988 1143 1030; x_wconf 85' lang='lat' dir='ltr'>gnam</span> <span class='ocrx_word' id='word_1_222' title='bbox 1154 975 1294 1014; x_wconf 84' lang='lat' dir='ltr'>habeat</span> <span class='ocrx_word' id='word_1_223' title='bbox 1303 974 1548 1027; x_wconf 77' lang='lat' dir='ltr'>potestatem,</span> <span class='ocrx_word' id='word_1_224' title='bbox 1579 987 1617 1015; x_wconf 76' lang='lat' dir='ltr'>vt</span> <span class='ocrx_word' id='word_1_225' title='bbox 1636 988 1685 1025; x_wconf 75' lang='lat' dir='ltr'>ex</span> 
     </span>
     <span class='ocr_line' id='line_1_48' title="bbox 1024 1030 1686 1085; baseline 0.003 -15"><span class='ocrx_word' id='word_1_226' title='bbox 1024 1032 1130 1071; x_wconf 82' lang='lat' dir='ltr'>nulla</span> <span class='ocrx_word' id='word_1_227' title='bbox 1148 1030 1255 1071; x_wconf 80' lang='lat' dir='ltr'>causa</span> <span class='ocrx_word' id='word_1_228' title='bbox 1267 1031 1407 1071; x_wconf 76' lang='lat' dir='ltr'>inserat</span> <span class='ocrx_word' id='word_1_229' title='bbox 1417 1044 1573 1083; x_wconf 62' lang='lat' dir='ltr'>poenas</span> <span class='ocrx_word' id='word_1_230' title='bbox 1604 1030 1686 1085; x_wconf 77' lang='lat' dir='ltr'>A13-</span> 
     </span>
     <span class='ocr_line' id='line_1_49' title="bbox 1025 1084 1689 1141; baseline 0.002 -15"><span class='ocrx_word' id='word_1_231' title='bbox 1025 1084 1150 1141; x_wconf 86' lang='lat' dir='ltr'>posuit</span> <span class='ocrx_word' id='word_1_232' title='bbox 1175 1089 1293 1127; x_wconf 79' lang='lat' dir='ltr'>etiam</span> <span class='ocrx_word' id='word_1_233' title='bbox 1318 1088 1508 1127; x_wconf 84' lang='lat' dir='ltr'>maiorem</span> <span class='ocrx_word' id='word_1_234' title='bbox 1526 1087 1689 1127; x_wconf 77' lang='lat' dir='ltr'>difficul-</span> 
     </span>
     <span class='ocr_line' id='line_1_50' title="bbox 1025 1141 1686 1196; baseline 0.002 -13"><span class='ocrx_word' id='word_1_235' title='bbox 1025 1155 1153 1192; x_wconf 88' lang='lat' dir='ltr'>tatem,</span> <span class='ocrx_word' id='word_1_236' title='bbox 1176 1144 1280 1196; x_wconf 91' lang='lat' dir='ltr'>quod</span> <span class='ocrx_word' id='word_1_237' title='bbox 1297 1144 1443 1191; x_wconf 82' lang='lat' dir='ltr'>doceat,</span> <span class='ocrx_word' id='word_1_238' title='bbox 1464 1141 1686 1184; x_wconf 80' lang='lat' dir='ltr'>senemfaffi</span> 
     </span>
     <span class='ocr_line' id='line_1_51' title="bbox 1026 1196 1687 1255; baseline 0 -16"><span class='ocrx_word' id='word_1_239' title='bbox 1026 1201 1103 1255; x_wconf 54' lang='lat' dir='ltr'>ram</span> <span class='ocrx_word' id='word_1_240' title='bbox 1131 1213 1211 1239; x_wconf 90' lang='lat' dir='ltr'>non</span> <span class='ocrx_word' id='word_1_241' title='bbox 1238 1196 1365 1251; x_wconf 82' lang='lat' dir='ltr'>posse,</span> <span class='ocrx_word' id='word_1_242' title='bbox 1394 1199 1498 1251; x_wconf 88' lang='lat' dir='ltr'>quod</span> <span class='ocrx_word' id='word_1_243' title='bbox 1525 1199 1687 1252; x_wconf 82' lang='lat' dir='ltr'>grauida</span> 
     </span>
     <span class='ocr_line' id='line_1_52' title="bbox 1029 1254 1689 1308; baseline 0.002 -13"><span class='ocrx_word' id='word_1_244' title='bbox 1029 1255 1084 1295; x_wconf 86' lang='lat' dir='ltr'>est</span> <span class='ocrx_word' id='word_1_245' title='bbox 1121 1255 1171 1296; x_wconf 88' lang='lat' dir='ltr'>de</span> <span class='ocrx_word' id='word_1_246' title='bbox 1197 1254 1401 1308; x_wconf 79' lang='lat' dir='ltr'>Pamphilo</span> <span class='ocrx_word' id='word_1_247' title='bbox 1430 1255 1498 1295; x_wconf 88' lang='lat' dir='ltr'>ista</span> <span class='ocrx_word' id='word_1_248' title='bbox 1527 1257 1689 1296; x_wconf 85' lang='lat' dir='ltr'>mulier:</span> 
     </span>
     <span class='ocr_line' id='line_1_53' title="bbox 1030 1308 1689 1365; baseline 0.002 -16"><span class='ocrx_word' id='word_1_249' title='bbox 1030 1311 1134 1363; x_wconf 86' lang='lat' dir='ltr'>quod</span> <span class='ocrx_word' id='word_1_250' title='bbox 1163 1312 1215 1350; x_wconf 84' lang='lat' dir='ltr'>ita</span> <span class='ocrx_word' id='word_1_251' title='bbox 1241 1308 1279 1350; x_wconf 89' lang='lat' dir='ltr'>se</span> <span class='ocrx_word' id='word_1_252' title='bbox 1306 1312 1477 1350; x_wconf 85' lang='lat' dir='ltr'>inuicem</span> <span class='ocrx_word' id='word_1_253' title='bbox 1506 1311 1689 1365; x_wconf 74' lang='lat' dir='ltr'>diligunt,</span> 
     </span>
     <span class='ocr_line' id='line_1_54' title="bbox 1030 1366 1691 1419; baseline 0 -13"><span class='ocrx_word' id='word_1_254' title='bbox 1030 1378 1069 1406; x_wconf 93' lang='lat' dir='ltr'>vt</span> <span class='ocrx_word' id='word_1_255' title='bbox 1095 1377 1224 1419; x_wconf 87' lang='lat' dir='ltr'>partus</span> <span class='ocrx_word' id='word_1_256' title='bbox 1243 1367 1412 1406; x_wconf 85' lang='lat' dir='ltr'>tollatur:</span> <span class='ocrx_word' id='word_1_257' title='bbox 1444 1366 1551 1419; x_wconf 77' lang='lat' dir='ltr'>quod</span> <span class='ocrx_word' id='word_1_258' title='bbox 1577 1368 1691 1408; x_wconf 83' lang='lat' dir='ltr'>etiam</span> 
     </span>
     <span class='ocr_line' id='line_1_55' title="bbox 1028 1420 1695 1476; baseline 0.001 -14"><span class='ocrx_word' id='word_1_259' title='bbox 1028 1424 1103 1462; x_wconf 86' lang='lat' dir='ltr'>iam</span> <span class='ocrx_word' id='word_1_260' title='bbox 1126 1423 1193 1462; x_wconf 86' lang='lat' dir='ltr'>ista</span> <span class='ocrx_word' id='word_1_261' title='bbox 1217 1421 1346 1463; x_wconf 88' lang='lat' dir='ltr'>fabula</span> <span class='ocrx_word' id='word_1_262' title='bbox 1367 1420 1555 1476; x_wconf 82' lang='lat' dir='ltr'>fingatur,</span> <span class='ocrx_word' id='word_1_263' title='bbox 1584 1435 1624 1463; x_wconf 91' lang='lat' dir='ltr'>vt</span> <span class='ocrx_word' id='word_1_264' title='bbox 1643 1424 1695 1468; x_wconf 80' lang='lat' dir='ltr'>ci-</span> 
     </span>
     <span class='ocr_line' id='line_1_56' title="bbox 1029 1476 1692 1530; baseline 0.003 -12"><span class='ocrx_word' id='word_1_265' title='bbox 1029 1480 1087 1518; x_wconf 86' lang='lat' dir='ltr'>uis</span> <span class='ocrx_word' id='word_1_266' title='bbox 1107 1476 1184 1520; x_wconf 80' lang='lat' dir='ltr'>effe</span> <span class='ocrx_word' id='word_1_267' title='bbox 1203 1478 1398 1519; x_wconf 86' lang='lat' dir='ltr'>doceatur.</span> <span class='ocrx_word' id='word_1_268' title='bbox 1421 1478 1559 1530; x_wconf 87' lang='lat' dir='ltr'>quibus</span> <span class='ocrx_word' id='word_1_269' title='bbox 1571 1480 1692 1521; x_wconf 84' lang='lat' dir='ltr'>-rebus</span> 
     </span>
     <span class='ocr_line' id='line_1_57' title="bbox 1030 1534 1692 1576; baseline 0.002 -2"><span class='ocrx_word' id='word_1_270' title='bbox 1030 1537 1106 1575; x_wconf 83' lang='lat' dir='ltr'>iam</span> <span class='ocrx_word' id='word_1_271' title='bbox 1133 1536 1255 1575; x_wconf 88' lang='lat' dir='ltr'>amica</span> <span class='ocrx_word' id='word_1_272' title='bbox 1285 1534 1353 1575; x_wconf 88' lang='lat' dir='ltr'>ista</span> <span class='ocrx_word' id='word_1_273' title='bbox 1384 1535 1434 1574; x_wconf 91' lang='lat' dir='ltr'>ad</span> <span class='ocrx_word' id='word_1_274' title='bbox 1464 1548 1613 1575; x_wconf 83' lang='lat' dir='ltr'>nomen</span> <span class='ocrx_word' id='word_1_275' title='bbox 1632 1549 1692 1576; x_wconf 85' lang='lat' dir='ltr'>ac·</span> 
     </span>
     <span class='ocr_line' id='line_1_58' title="bbox 1026 1590 1689 1641; baseline -0.005 -7"><span class='ocrx_word' id='word_1_276' title='bbox 1026 1591 1133 1634; x_wconf 72' lang='lat' dir='ltr'>cedit</span> <span class='ocrx_word' id='word_1_277' title='bbox 1160 1592 1297 1631; x_wconf 82' lang='lat' dir='ltr'>vxoris.</span> <span class='ocrx_word' id='word_1_278' title='bbox 1355 1591 1476 1641; x_wconf 89' lang='lat' dir='ltr'>Quod</span> <span class='ocrx_word' id='word_1_279' title='bbox 1504 1590 1530 1630; x_wconf 83' lang='lat' dir='ltr'><strong>fi</strong></span> <span class='ocrx_word' id='word_1_280' title='bbox 1551 1592 1603 1631; x_wconf 87' lang='lat' dir='ltr'>ita</span> <span class='ocrx_word' id='word_1_281' title='bbox 1623 1590 1689 1641; x_wconf 89' lang='lat' dir='ltr'>est,</span> 
     </span>
     <span class='ocr_line' id='line_1_59' title="bbox 1030 1645 1692 1700; baseline 0.003 -14"><span class='ocrx_word' id='word_1_282' title='bbox 1030 1647 1112 1687; x_wconf 84' lang='lat' dir='ltr'>falli</span> <span class='ocrx_word' id='word_1_283' title='bbox 1125 1653 1220 1686; x_wconf 61' lang='lat' dir='ltr'>‘non</span> <span class='ocrx_word' id='word_1_284' title='bbox 1241 1646 1364 1699; x_wconf 86' lang='lat' dir='ltr'>potest</span> <span class='ocrx_word' id='word_1_285' title='bbox 1382 1645 1512 1686; x_wconf 81' lang='lat' dir='ltr'>senex.</span> <span class='ocrx_word' id='word_1_286' title='bbox 1568 1649 1692 1700; x_wconf 86' lang='lat' dir='ltr'>Atqui</span> 
     </span>
     <span class='ocr_line' id='line_1_60' title="bbox 1029 1700 1695 1755; baseline 0.002 -13"><span class='ocrx_word' id='word_1_287' title='bbox 1029 1703 1101 1742; x_wconf 87' lang='lat' dir='ltr'>hac</span> <span class='ocrx_word' id='word_1_288' title='bbox 1119 1702 1370 1742; x_wconf 82' lang='lat' dir='ltr'>deliberatiua</span> <span class='ocrx_word' id='word_1_289' title='bbox 1391 1700 1585 1754; x_wconf 78' lang='lat' dir='ltr'>Vtriusque</span> <span class='ocrx_word' id='word_1_290' title='bbox 1610 1718 1695 1755; x_wconf 85' lang='lat' dir='ltr'>par-</span> 
     </span>
     <span class='ocr_line' id='line_1_61' title="bbox 1030 1758 1693 1800; baseline 0 -1"><span class='ocrx_word' id='word_1_291' title='bbox 1030 1761 1076 1799; x_wconf 87' lang='lat' dir='ltr'>tis</span> <span class='ocrx_word' id='word_1_292' title='bbox 1102 1761 1222 1799; x_wconf 82' lang='lat' dir='ltr'>vnum</span> <span class='ocrx_word' id='word_1_293' title='bbox 1252 1758 1518 1798; x_wconf 84' lang='lat' dir='ltr'>tantummodo</span> <span class='ocrx_word' id='word_1_294' title='bbox 1541 1758 1693 1800; x_wconf 79' lang='lat' dir='ltr'>videtur</span> 
     </span>
     <span class='ocr_line' id='line_1_62' title="bbox 1031 1813 1693 1868; baseline 0 -14"><span class='ocrx_word' id='word_1_295' title='bbox 1031 1813 1228 1860; x_wconf 30' lang='lat' dir='ltr'>idnueniffe</span> <span class='ocrx_word' id='word_1_296' title='bbox 1249 1817 1398 1864; x_wconf 77' lang='lat' dir='ltr'>Dauus,</span> <span class='ocrx_word' id='word_1_297' title='bbox 1432 1826 1470 1854; x_wconf 92' lang='lat' dir='ltr'>vt</span> <span class='ocrx_word' id='word_1_298' title='bbox 1487 1816 1693 1868; x_wconf 76' lang='lat' dir='ltr'>Pamphilo</span> 
     </span>
     <span class='ocr_line' id='line_1_63' title="bbox 1032 1870 1695 1913; baseline 0.003 -3"><span class='ocrx_word' id='word_1_299' title='bbox 1032 1872 1168 1910; x_wconf 66' lang='lat' dir='ltr'>cun&amp;a</span> <span class='ocrx_word' id='word_1_300' title='bbox 1211 1882 1393 1910; x_wconf 80' lang='lat' dir='ltr'>narraret.</span> <span class='ocrx_word' id='word_1_301' title='bbox 1450 1874 1535 1910; x_wconf 86' lang='lat' dir='ltr'>Hoc</span> <span class='ocrx_word' id='word_1_302' title='bbox 1573 1870 1695 1913; x_wconf 83' lang='lat' dir='ltr'>solum</span> 
     </span>
     <span class='ocr_line' id='line_1_64' title="bbox 1033 1924 1693 1979; baseline -0.002 -11"><span class='ocrx_word' id='word_1_303' title='bbox 1033 1938 1071 1968; x_wconf 91' lang='lat' dir='ltr'>et</span> <span class='ocrx_word' id='word_1_304' title='bbox 1099 1941 1181 1966; x_wconf 87' lang='lat' dir='ltr'>non</span> <span class='ocrx_word' id='word_1_305' title='bbox 1201 1926 1282 1966; x_wconf 84' lang='lat' dir='ltr'>{ine</span> <span class='ocrx_word' id='word_1_306' title='bbox 1302 1927 1476 1979; x_wconf 86' lang='lat' dir='ltr'>periculo</span> <span class='ocrx_word' id='word_1_307' title='bbox 1499 1924 1565 1966; x_wconf 86' lang='lat' dir='ltr'>suo</span> <span class='ocrx_word' id='word_1_308' title='bbox 1590 1926 1693 1977; x_wconf 76' lang='lat' dir='ltr'>facit,</span> 
     </span>
     <span class='ocr_line' id='line_1_65' title="bbox 1030 1981 1698 2034; baseline 0 -11"><span class='ocrx_word' id='word_1_309' title='bbox 1030 1982 1058 2023; x_wconf 85' lang='lat' dir='ltr'>fi</span> <span class='ocrx_word' id='word_1_310' title='bbox 1084 1983 1315 2030; x_wconf 67' lang='lat' dir='ltr'>indicauerit</span> <span class='ocrx_word' id='word_1_311' title='bbox 1343 1985 1458 2034; x_wconf 84' lang='lat' dir='ltr'>patris</span> <span class='ocrx_word' id='word_1_312' title='bbox 1489 1981 1569 2022; x_wconf 83' lang='lat' dir='ltr'>filio</span> <span class='ocrx_word' id='word_1_313' title='bbox 1592 1984 1698 2023; x_wconf 85' lang='lat' dir='ltr'>volu-</span> 
     </span>
     <span class='ocr_line' id='line_1_66' title="bbox 1034 2038 1697 2092; baseline 0 -13"><span class='ocrx_word' id='word_1_314' title='bbox 1034 2049 1201 2092; x_wconf 84' lang='lat' dir='ltr'>ptatem,</span> <span class='ocrx_word' id='word_1_315' title='bbox 1231 2051 1270 2078; x_wconf 87' lang='lat' dir='ltr'>vt</span> <span class='ocrx_word' id='word_1_316' title='bbox 1297 2041 1505 2080; x_wconf 78' lang='lat' dir='ltr'>conueniat</span> <span class='ocrx_word' id='word_1_317' title='bbox 1521 2038 1697 2092; x_wconf 85' lang='lat' dir='ltr'>Pamphi·</span> 
     </span>
     <span class='ocr_line' id='line_1_67' title="bbox 1032 2095 1694 2150; baseline 0.002 -15"><span class='ocrx_word' id='word_1_318' title='bbox 1032 2097 1123 2143; x_wconf 85' lang='lat' dir='ltr'>lum,</span> <span class='ocrx_word' id='word_1_319' title='bbox 1146 2108 1198 2134; x_wconf 87' lang='lat' dir='ltr'>ne</span> <span class='ocrx_word' id='word_1_320' title='bbox 1220 2096 1271 2135; x_wconf 88' lang='lat' dir='ltr'>de</span> <span class='ocrx_word' id='word_1_321' title='bbox 1291 2095 1361 2135; x_wconf 88' lang='lat' dir='ltr'>hac</span> <span class='ocrx_word' id='word_1_322' title='bbox 1381 2110 1423 2137; x_wconf 90' lang='lat' dir='ltr'>re</span> <span class='ocrx_word' id='word_1_323' title='bbox 1432 2106 1539 2150; x_wconf 86' lang='lat' dir='ltr'>pater</span> <span class='ocrx_word' id='word_1_324' title='bbox 1549 2095 1694 2148; x_wconf 84' lang='lat' dir='ltr'>impru-</span> 
     </span>
     <span class='ocr_line' id='line_1_68' title="bbox 1033 2152 1523 2208; baseline 0.002 -17"><span class='ocrx_word' id='word_1_325' title='bbox 1033 2152 1194 2193; x_wconf 86' lang='lat' dir='ltr'>dentem</span> <span class='ocrx_word' id='word_1_326' title='bbox 1218 2153 1429 2208; x_wconf 67' lang='lat' dir='ltr'>opprimat.</span> <span class='ocrx_word' id='word_1_327' title='bbox 1471 2155 1523 2194; x_wconf 82' lang='lat' dir='ltr'>E.</span> 
     </span>
    </p>
   </div>
   <div class='ocr_carea' id='block_1_10' title="bbox 1029 2264 1696 2643">
    <p class='ocr_par' dir='ltr' id='par_1_12' title="bbox 1029 2264 1696 2489">
     <span class='ocr_line' id='line_1_69' title="bbox 1033 2264 1696 2375; baseline 0 -15"><span class='ocrx_word' id='word_1_328' title='bbox 1033 2275 1129 2360; x_wconf 79' lang='lat' dir='ltr'>illu7d</span> <span class='ocrx_word' id='word_1_329' title='bbox 1145 2264 1332 2373; x_wconf 47' lang='grc' dir='ltr'>ζεεὲῒῖῗῖη</span> <span class='ocrx_word' id='word_1_330' title='bbox 1342 2264 1509 2373; x_wconf 47' lang='grc' dir='ltr'>’ζξιιενζιαῖ]’</span> <span class='ocrx_word' id='word_1_331' title='bbox 1516 2264 1696 2375; x_wconf 49' lang='grc' dir='ltr'>ᾳΞι-ξῒῖηῗὲ</span> 
     </span>
     <span class='ocr_line' id='line_1_70' title="bbox 1030 2376 1696 2433; baseline 0.002 -16"><span class='ocrx_word' id='word_1_332' title='bbox 1030 2376 1186 2433; x_wconf 79' lang='lat' dir='ltr'>gtstrum</span> <span class='ocrx_word' id='word_1_333' title='bbox 1215 2379 1308 2429; x_wconf 75' lang='lat' dir='ltr'>cepit</span> <span class='ocrx_word' id='word_1_334' title='bbox 1344 2378 1394 2417; x_wconf 86' lang='lat' dir='ltr'>ad</span> <span class='ocrx_word' id='word_1_335' title='bbox 1418 2392 1496 2417; x_wconf 81' lang='lat' dir='ltr'>eam</span> <span class='ocrx_word' id='word_1_336' title='bbox 1521 2392 1598 2418; x_wconf 84' lang='lat' dir='ltr'>rem</span> <span class='ocrx_word' id='word_1_337' title='bbox 1629 2380 1696 2418; x_wconf 88' lang='lat' dir='ltr'>im-</span> 
     </span>
     <span class='ocr_line' id='line_1_71' title="bbox 1029 2432 1305 2489; baseline 0.004 -16"><span class='ocrx_word' id='word_1_338' title='bbox 1029 2432 1199 2489; x_wconf 72' lang='lat' dir='ltr'>probum.</span> <span class='ocrx_word' id='word_1_339' title='bbox 1256 2436 1305 2474; x_wconf 89' lang='lat' dir='ltr'>D.</span> 
     </span>
    </p>

    <p class='ocr_par' dir='ltr' id='par_1_13' title="bbox 1036 2489 1696 2643">
     <span class='ocr_line' id='line_1_72' title="bbox 1091 2489 1695 2543; baseline 0.007 -15"><span class='ocrx_word' id='word_1_340' title='bbox 1091 2489 1244 2541; x_wconf 73' lang='lat' dir='ltr'>Faciam</span> <span class='ocrx_word' id='word_1_341' title='bbox 1261 2490 1416 2543; x_wconf 83' lang='lat' dir='ltr'>nuptiis]</span> <span class='ocrx_word' id='word_1_342' title='bbox 1447 2492 1502 2530; x_wconf 84' lang='lat' dir='ltr'>Ita</span> <span class='ocrx_word' id='word_1_343' title='bbox 1518 2489 1615 2542; x_wconf 85' lang='lat' dir='ltr'>liber</span> <span class='ocrx_word' id='word_1_344' title='bbox 1625 2493 1695 2532; x_wconf 87' lang='lat' dir='ltr'>Re-</span> 
     </span>
     <span class='ocr_line' id='line_1_73' title="bbox 1036 2545 1684 2601; baseline 0.006 -16"><span class='ocrx_word' id='word_1_345' title='bbox 1036 2546 1134 2600; x_wconf 83' lang='lat' dir='ltr'>gius.</span> <span class='ocrx_word' id='word_1_346' title='bbox 1159 2545 1234 2598; x_wconf 78' lang='lat' dir='ltr'>alii,</span> <span class='ocrx_word' id='word_1_347' title='bbox 1256 2547 1296 2587; x_wconf 89' lang='lat' dir='ltr'>in</span> <span class='ocrx_word' id='word_1_348' title='bbox 1314 2548 1465 2601; x_wconf 82' lang='lat' dir='ltr'>nuptiis.</span> <span class='ocrx_word' id='word_1_349' title='bbox 1516 2549 1559 2587; x_wconf 89' lang='lat' dir='ltr'>L.</span> <span class='ocrx_word' id='word_1_350' title='bbox 1674 2581 1684 2589; x_wconf 48' lang='lat'>..</span> 
     </span>
     <span class='ocr_line' id='line_1_74' title="bbox 1563 2602 1696 2643; baseline 0 0"><span class='ocrx_word' id='word_1_351' title='bbox 1563 2602 1696 2643; x_wconf 72' lang='lat' dir='ltr'>Leffio</span> 
     </span>
    </p>
   </div>
   <div class='ocr_carea' id='block_1_11' title="bbox 1799 611 1810 1223">
    <p class='ocr_par' dir='ltr' id='par_1_14' title="bbox 1799 611 1810 1223">
     <span class='ocr_line' id='line_1_75' title="bbox 1799 611 1810 1223; baseline 0 0"><span class='ocrx_word' id='word_1_352' title='bbox 1799 611 1810 1223; x_wconf 95' lang='lat' dir='ltr'> </span> 
     </span>
    </p>
   </div>
  </div>
 </body>
</html>
