<?xml version="1.0" encoding="UTF-8"?>
<!DOCTYPE html PUBLIC "-//W3C//DTD XHTML 1.0 Transitional//EN"
    "http://www.w3.org/TR/xhtml1/DTD/xhtml1-transitional.dtd">
<html xmlns="http://www.w3.org/1999/xhtml" xml:lang="en" lang="en">
 <head>
  <title>
</title>
<meta http-equiv="Content-Type" content="text/html;charset=utf-8" />
  <meta name='ocr-system' content='tesseract 3.04.00' />
  <meta name='ocr-capabilities' content='ocr_page ocr_carea ocr_par ocr_line ocrx_word'/>
</head>
<body>
  <div class='ocr_page' id='page_1' title='image "./comoediaesexexre01tereuoft_0186.png"; bbox 0 0 1815 3168; ppageno 0'>
   <div class='ocr_carea' id='block_1_1' title="bbox 655 142 1212 192">
    <p class='ocr_par' dir='ltr' id='par_1_1' title="bbox 655 142 1212 192">
     <span class='ocr_line' id='line_1_1' title="bbox 655 142 1212 192; baseline -0.009 0"><span class='ocrx_word' id='word_1_1' title='bbox 655 146 813 192; x_wconf 81' lang='lat' dir='ltr'>ACT.</span> <span class='ocrx_word' id='word_1_2' title='bbox 847 145 904 190; x_wconf 82' lang='lat'>11.</span> <span class='ocrx_word' id='word_1_3' title='bbox 950 143 1148 190; x_wconf 87' lang='lat' dir='ltr'><strong>SCEN.</strong></span> <span class='ocrx_word' id='word_1_4' title='bbox 1181 142 1212 187; x_wconf 85' lang='lat'>1.</span> 
     </span>
    </p>
   </div>
   <div class='ocr_carea' id='block_1_2' title="bbox 398 268 1633 486">
    <p class='ocr_par' dir='ltr' id='par_1_2' title="bbox 398 268 1633 486">
     <span class='ocr_line' id='line_1_2' title="bbox 398 268 1633 336; baseline -0.012 -10"><span class='ocrx_word' id='word_1_5' title='bbox 398 274 495 326; x_wconf 75' lang='grc' dir='ltr'>ΒΥ.</span> <span class='ocrx_word' id='word_1_6' title='bbox 537 270 632 322; x_wconf 82' lang='lat' dir='ltr'>Ah!</span> <span class='ocrx_word' id='word_1_7' title='bbox 663 283 828 336; x_wconf 86' lang='lat' dir='ltr'>quanto</span> <span class='ocrx_word' id='word_1_8' title='bbox 852 271 977 317; x_wconf 81' lang='lat' dir='ltr'>satius</span> <span class='ocrx_word' id='word_1_9' title='bbox 999 268 1070 322; x_wconf 87' lang='lat' dir='ltr'>est,</span> <span class='ocrx_word' id='word_1_10' title='bbox 1093 280 1136 315; x_wconf 87' lang='lat' dir='ltr'>te</span> <span class='ocrx_word' id='word_1_11' title='bbox 1160 268 1204 315; x_wconf 92' lang='lat' dir='ltr'>id</span> <span class='ocrx_word' id='word_1_12' title='bbox 1227 268 1325 315; x_wconf 76' lang='lat' dir='ltr'>dare</span> <span class='ocrx_word' id='word_1_13' title='bbox 1340 282 1534 331; x_wconf 83' lang='lat' dir='ltr'>operam,</span> <span class='ocrx_word' id='word_1_14' title='bbox 1556 268 1633 328; x_wconf 84' lang='lat' dir='ltr'>qui</span> 
     </span>
     <span class='ocr_line' id='line_1_3' title="bbox 497 347 1425 396; baseline -0.011 0"><span class='ocrx_word' id='word_1_15' title='bbox 497 349 625 396; x_wconf 86' lang='lat' dir='ltr'>istum</span> <span class='ocrx_word' id='word_1_16' title='bbox 650 363 845 394; x_wconf 86' lang='lat' dir='ltr'>amorem</span> <span class='ocrx_word' id='word_1_17' title='bbox 865 362 915 391; x_wconf 83' lang='lat' dir='ltr'>ex</span> <span class='ocrx_word' id='word_1_18' title='bbox 938 347 1083 390; x_wconf 84' lang='lat' dir='ltr'>animo</span> <span class='ocrx_word' id='word_1_19' title='bbox 1108 361 1309 391; x_wconf 83' lang='lat' dir='ltr'>amoueas</span> <span class='ocrx_word' id='word_1_20' title='bbox 1333 352 1425 394; x_wconf 80' lang='lat' dir='ltr'>tuo,</span> 
     </span>
     <span class='ocr_line' id='line_1_4' title="bbox 403 414 1633 486; baseline -0.01 -14"><span class='ocrx_word' id='word_1_21' title='bbox 403 431 548 482; x_wconf 83' lang='lat' dir='ltr'>Quam</span> <span class='ocrx_word' id='word_1_22' title='bbox 569 425 613 470; x_wconf 86' lang='lat' dir='ltr'>id</span> <span class='ocrx_word' id='word_1_23' title='bbox 638 424 782 486; x_wconf 84' lang='lat' dir='ltr'>loqui,</span> <span class='ocrx_word' id='word_1_24' title='bbox 816 437 905 483; x_wconf 92' lang='lat' dir='ltr'>quo</span> <span class='ocrx_word' id='word_1_25' title='bbox 928 421 1065 480; x_wconf 85' lang='lat' dir='ltr'>magis</span> <span class='ocrx_word' id='word_1_26' title='bbox 1083 417 1234 465; x_wconf 85' lang='lat' dir='ltr'>lubido</span> <span class='ocrx_word' id='word_1_27' title='bbox 1259 417 1413 465; x_wconf 81' lang='lat' dir='ltr'>frustra</span> <span class='ocrx_word' id='word_1_28' title='bbox 1433 414 1633 462; x_wconf 86' lang='lat' dir='ltr'>incenda-</span> 
     </span>
    </p>
   </div>
   <div class='ocr_carea' id='block_1_3' title="bbox 498 511 683 547">
    <p class='ocr_par' dir='ltr' id='par_1_3' title="bbox 498 511 683 547">
     <span class='ocr_line' id='line_1_5' title="bbox 498 511 683 547; baseline -0.027 0"><span class='ocrx_word' id='word_1_29' title='bbox 498 513 570 547; x_wconf 83' lang='lat' dir='ltr'>tur</span> <span class='ocrx_word' id='word_1_30' title='bbox 595 511 683 545; x_wconf 78' lang='lat' dir='ltr'>tua.</span> 
     </span>
    </p>
   </div>
   <div class='ocr_carea' id='block_1_4' title="bbox 399 563 1633 634">
    <p class='ocr_par' dir='ltr' id='par_1_4' title="bbox 399 563 1633 634">
     <span class='ocr_line' id='line_1_6' title="bbox 399 563 1633 634; baseline -0.01 -11"><span class='ocrx_word' id='word_1_31' title='bbox 399 573 508 624; x_wconf 79' lang='lat' dir='ltr'>CH.</span> <span class='ocrx_word' id='word_1_32' title='bbox 537 575 686 621; x_wconf 84' lang='lat' dir='ltr'>&#39;Facile</span> <span class='ocrx_word' id='word_1_33' title='bbox 720 586 889 624; x_wconf 84' lang='lat' dir='ltr'>omnes,</span> <span class='ocrx_word' id='word_1_34' title='bbox 909 586 1048 634; x_wconf 84' lang='lat' dir='ltr'>quum</span> <span class='ocrx_word' id='word_1_35' title='bbox 1070 568 1287 619; x_wconf 74' lang='lat' dir='ltr'>valemuS,</span> <span class='ocrx_word' id='word_1_36' title='bbox 1320 565 1439 614; x_wconf 63' lang='lat' dir='ltr'>resfa</span> <span class='ocrx_word' id='word_1_37' title='bbox 1461 563 1633 612; x_wconf 75' lang='lat' dir='ltr'>confilia</span> 
     </span>
    </p>
   </div>
   <div class='ocr_carea' id='block_1_5' title="bbox 501 648 886 710">
    <p class='ocr_par' dir='ltr' id='par_1_5' title="bbox 501 648 886 710">
     <span class='ocr_line' id='line_1_7' title="bbox 501 648 886 710; baseline -0.01 -14"><span class='ocrx_word' id='word_1_38' title='bbox 501 651 688 710; x_wconf 74' lang='lat' dir='ltr'>aegrotis</span> <span class='ocrx_word' id='word_1_39' title='bbox 712 648 862 694; x_wconf 86' lang='lat' dir='ltr'>damus</span> <span class='ocrx_word' id='word_1_40' title='bbox 878 651 886 693; x_wconf 86' lang='lat'>!</span> 
     </span>
    </p>
   </div>
   <div class='ocr_carea' id='block_1_6' title="bbox 310 715 1633 937">
    <p class='ocr_par' dir='ltr' id='par_1_6' title="bbox 310 715 1633 937">
     <span class='ocr_line' id='line_1_8' title="bbox 310 715 1633 781; baseline -0.007 -8"><span class='ocrx_word' id='word_1_41' title='bbox 310 746 368 781; x_wconf 82' lang='lat'>10</span> <span class='ocrx_word' id='word_1_42' title='bbox 403 733 481 775; x_wconf 87' lang='lat' dir='ltr'>Tu</span> <span class='ocrx_word' id='word_1_43' title='bbox 503 726 530 771; x_wconf 69' lang='lat' dir='ltr'>ii</span> <span class='ocrx_word' id='word_1_44' title='bbox 557 725 627 770; x_wconf 89' lang='lat' dir='ltr'>hic</span> <span class='ocrx_word' id='word_1_45' title='bbox 650 722 715 775; x_wconf 82' lang='lat' dir='ltr'>fis,</span> <span class='ocrx_word' id='word_1_46' title='bbox 740 722 861 769; x_wconf 77' lang='lat' dir='ltr'>aliter</span> <span class='ocrx_word' id='word_1_47' title='bbox 881 721 1050 768; x_wconf 82' lang='lat' dir='ltr'>sentias.</span> <span class='ocrx_word' id='word_1_48' title='bbox 1086 715 1184 765; x_wconf 77' lang='grc' dir='ltr'>ΒΥ.</span> <span class='ocrx_word' id='word_1_49' title='bbox 1223 734 1315 779; x_wconf 86' lang='lat' dir='ltr'>age,</span> <span class='ocrx_word' id='word_1_50' title='bbox 1332 733 1423 778; x_wconf 87' lang='lat' dir='ltr'>age,</span> <span class='ocrx_word' id='word_1_51' title='bbox 1435 728 1482 762; x_wconf 89' lang='lat' dir='ltr'>vt</span> <span class='ocrx_word' id='word_1_52' title='bbox 1498 715 1633 764; x_wconf 86' lang='lat' dir='ltr'>lubet.</span> 
     </span>
     <span class='ocr_line' id='line_1_9' title="bbox 502 796 1023 861; baseline -0.01 -14"><span class='ocrx_word' id='word_1_53' title='bbox 502 797 611 847; x_wconf 81' lang='lat' dir='ltr'>CH.</span> <span class='ocrx_word' id='word_1_54' title='bbox 655 799 724 845; x_wconf 86' lang='lat' dir='ltr'>sed</span> <span class='ocrx_word' id='word_1_55' title='bbox 745 796 1023 861; x_wconf 86' lang='lat' dir='ltr'>Pamphilum</span> 
     </span>
     <span class='ocr_line' id='line_1_10' title="bbox 404 862 1633 937; baseline -0.013 -10"><span class='ocrx_word' id='word_1_56' title='bbox 404 877 563 927; x_wconf 88' lang='lat' dir='ltr'>Video.</span> <span class='ocrx_word' id='word_1_57' title='bbox 589 877 735 922; x_wconf 86' lang='lat' dir='ltr'>omnia</span> <span class='ocrx_word' id='word_1_58' title='bbox 758 874 945 937; x_wconf 81' lang='lat' dir='ltr'>experiri</span> <span class='ocrx_word' id='word_1_59' title='bbox 956 862 1185 924; x_wconf 85' lang='lat' dir='ltr'>certum&#39;st,</span> <span class='ocrx_word' id='word_1_60' title='bbox 1196 870 1322 935; x_wconf 88' lang='lat' dir='ltr'>prius</span> <span class='ocrx_word' id='word_1_61' title='bbox 1338 884 1468 933; x_wconf 89' lang='lat' dir='ltr'>quam</span> <span class='ocrx_word' id='word_1_62' title='bbox 1481 882 1633 933; x_wconf 86' lang='lat' dir='ltr'>pereo.</span> 
     </span>
    </p>
   </div>
   <div class='ocr_carea' id='block_1_7' title="bbox 501 938 981 1015">
    <p class='ocr_par' dir='ltr' id='par_1_7' title="bbox 501 938 981 1015">
     <span class='ocr_line' id='line_1_11' title="bbox 501 938 981 1015; baseline -0.015 -15"><span class='ocrx_word' id='word_1_63' title='bbox 501 950 540 1000; x_wconf 87' lang='grc' dir='ltr'>Β</span> <span class='ocrx_word' id='word_1_64' title='bbox 554 963 598 1001; x_wconf 74' lang='lat' dir='ltr'>v.</span> <span class='ocrx_word' id='word_1_65' title='bbox 638 948 745 1015; x_wconf 70' lang='lat' dir='ltr'>quid</span> <span class='ocrx_word' id='word_1_66' title='bbox 768 938 841 995; x_wconf 70' lang='lat' dir='ltr'>hic</span> <span class='ocrx_word' id='word_1_67' title='bbox 862 948 981 1009; x_wconf 80' lang='lat' dir='ltr'>agit?</span> 
     </span>
    </p>
   </div>
   <div class='ocr_carea' id='block_1_8' title="bbox 249 1181 945 2691">
    <p class='ocr_par' dir='ltr' id='par_1_8' title="bbox 260 1181 925 1409">
     <span class='ocr_line' id='line_1_12' title="bbox 269 1181 923 1240; baseline -0.015 -11"><span class='ocrx_word' id='word_1_68' title='bbox 269 1189 312 1229; x_wconf 77' lang='lat' dir='ltr'>id</span> <span class='ocrx_word' id='word_1_69' title='bbox 327 1187 412 1227; x_wconf 80' lang='lat' dir='ltr'>dare</span> <span class='ocrx_word' id='word_1_70' title='bbox 430 1196 591 1240; x_wconf 88' lang='lat' dir='ltr'><em>operam,</em></span> <span class='ocrx_word' id='word_1_71' title='bbox 609 1196 680 1238; x_wconf 87' lang='lat' dir='ltr'>quo</span> <span class='ocrx_word' id='word_1_72' title='bbox 698 1181 802 1233; x_wconf 78' lang='lat' dir='ltr'>istum</span> <span class='ocrx_word' id='word_1_73' title='bbox 820 1193 923 1221; x_wconf 83' lang='lat' dir='ltr'>amo-</span> 
     </span>
     <span class='ocr_line' id='line_1_13' title="bbox 270 1249 918 1286; baseline -0.015 -1"><span class='ocrx_word' id='word_1_74' title='bbox 270 1259 347 1286; x_wconf 79' lang='lat' dir='ltr'>rem</span> <span class='ocrx_word' id='word_1_75' title='bbox 389 1256 434 1280; x_wconf 81' lang='lat' dir='ltr'>ex</span> <span class='ocrx_word' id='word_1_76' title='bbox 474 1254 597 1282; x_wconf 75' lang='lat' dir='ltr'>anzmo</span> <span class='ocrx_word' id='word_1_77' title='bbox 635 1252 804 1278; x_wconf 76' lang='lat' dir='ltr'>amouens</span> <span class='ocrx_word' id='word_1_78' title='bbox 837 1249 918 1285; x_wconf 81' lang='lat' dir='ltr'>tuo,</span> 
     </span>
     <span class='ocr_line' id='line_1_14' title="bbox 269 1288 925 1354; baseline -0.015 -14"><span class='ocrx_word' id='word_1_79' title='bbox 269 1314 380 1354; x_wconf 80' lang='lat' dir='ltr'>quam</span> <span class='ocrx_word' id='word_1_80' title='bbox 402 1299 442 1337; x_wconf 87' lang='lat' dir='ltr'>id</span> <span class='ocrx_word' id='word_1_81' title='bbox 457 1299 567 1350; x_wconf 84' lang='lat' dir='ltr'>loqui,</span> <span class='ocrx_word' id='word_1_82' title='bbox 590 1308 662 1348; x_wconf 86' lang='lat' dir='ltr'>quo</span> <span class='ocrx_word' id='word_1_83' title='bbox 673 1296 791 1349; x_wconf 88' lang='lat' dir='ltr'>magis</span> <span class='ocrx_word' id='word_1_84' title='bbox 808 1288 925 1333; x_wconf 76' lang='lat' dir='ltr'>iibido</span> 
     </span>
     <span class='ocr_line' id='line_1_15' title="bbox 260 1351 829 1409; baseline -0.016 -14"><span class='ocrx_word' id='word_1_85' title='bbox 260 1355 410 1409; x_wconf 76' lang='lat' dir='ltr'><em>frustra</em></span> <span class='ocrx_word' id='word_1_86' title='bbox 427 1354 650 1392; x_wconf 69' lang='lat' dir='ltr'><strong><em>accendatur</em></strong></span> <span class='ocrx_word' id='word_1_87' title='bbox 669 1363 744 1388; x_wconf 89' lang='lat' dir='ltr'><em>tua.</em></span> <span class='ocrx_word' id='word_1_88' title='bbox 800 1351 829 1387; x_wconf 95' lang='lat' dir='ltr'>L</span> 
     </span>
    </p>

    <p class='ocr_par' dir='ltr' id='par_1_9' title="bbox 271 1403 930 1522">
     <span class='ocr_line' id='line_1_16' title="bbox 326 1403 930 1464; baseline -0.013 -15"><span class='ocrx_word' id='word_1_89' title='bbox 326 1424 354 1464; x_wconf 90' lang='lat'><em>7</em></span> <span class='ocrx_word' id='word_1_90' title='bbox 381 1409 445 1448; x_wconf 86' lang='lat' dir='ltr'>Ex</span> <span class='ocrx_word' id='word_1_91' title='bbox 473 1410 591 1447; x_wconf 83' lang='lat' dir='ltr'>animo</span> <span class='ocrx_word' id='word_1_92' title='bbox 610 1403 812 1457; x_wconf 73' lang='lat' dir='ltr'>dimoueas]</span> <span class='ocrx_word' id='word_1_93' title='bbox 860 1405 930 1443; x_wconf 88' lang='lat' dir='ltr'>Le-</span> 
     </span>
     <span class='ocr_line' id='line_1_17' title="bbox 271 1458 869 1522; baseline -0.017 -16"><span class='ocrx_word' id='word_1_94' title='bbox 271 1467 385 1522; x_wconf 83' lang='lat' dir='ltr'>gitur,</span> <span class='ocrx_word' id='word_1_95' title='bbox 403 1479 450 1506; x_wconf 84' lang='lat' dir='ltr'>ex</span> <span class='ocrx_word' id='word_1_96' title='bbox 471 1463 579 1503; x_wconf 86' lang='lat' dir='ltr'>corde</span> <span class='ocrx_word' id='word_1_97' title='bbox 597 1463 734 1501; x_wconf 83' lang='lat' dir='ltr'>eiicias.</span> <span class='ocrx_word' id='word_1_98' title='bbox 790 1460 839 1500; x_wconf 91' lang='lat' dir='ltr'>D.</span> <span class='ocrx_word' id='word_1_99' title='bbox 867 1458 869 1460; x_wconf 67' lang='grc'>’</span> 
     </span>
    </p>

    <p class='ocr_par' dir='ltr' id='par_1_10' title="bbox 271 1511 940 2298">
     <span class='ocr_line' id='line_1_18' title="bbox 330 1511 931 1562; baseline -0.018 0"><span class='ocrx_word' id='word_1_100' title='bbox 330 1523 413 1562; x_wconf 90' lang='lat' dir='ltr'>Tuo</span> <span class='ocrx_word' id='word_1_101' title='bbox 431 1521 593 1560; x_wconf 86' lang='lat' dir='ltr'>omnino</span> <span class='ocrx_word' id='word_1_102' title='bbox 614 1515 853 1556; x_wconf 87' lang='lat' dir='ltr'>subdititium</span> <span class='ocrx_word' id='word_1_103' title='bbox 865 1511 931 1552; x_wconf 86' lang='lat' dir='ltr'>est.</span> 
     </span>
     <span class='ocr_line' id='line_1_19' title="bbox 271 1573 935 1621; baseline -0.018 -1"><span class='ocrx_word' id='word_1_104' title='bbox 271 1583 347 1621; x_wconf 83' lang='lat' dir='ltr'>Pro</span> <span class='ocrx_word' id='word_1_105' title='bbox 384 1580 507 1617; x_wconf 85' lang='lat' dir='ltr'>animo</span> <span class='ocrx_word' id='word_1_106' title='bbox 552 1586 719 1614; x_wconf 83' lang='lat' dir='ltr'>amoueas</span> <span class='ocrx_word' id='word_1_107' title='bbox 756 1573 935 1611; x_wconf 87' lang='lat' dir='ltr'>Donatus</span> 
     </span>
     <span class='ocr_line' id='line_1_20' title="bbox 271 1627 935 1683; baseline -0.018 -8"><span class='ocrx_word' id='word_1_108' title='bbox 271 1645 410 1675; x_wconf 88' lang='lat' dir='ltr'>monet</span> <span class='ocrx_word' id='word_1_109' title='bbox 431 1633 547 1674; x_wconf 84' lang='lat' dir='ltr'>etiam</span> <span class='ocrx_word' id='word_1_110' title='bbox 574 1630 656 1683; x_wconf 83' lang='lat' dir='ltr'>legi</span> <span class='ocrx_word' id='word_1_111' title='bbox 673 1628 780 1668; x_wconf 82' lang='lat' dir='ltr'>corde</span> <span class='ocrx_word' id='word_1_112' title='bbox 800 1627 935 1664; x_wconf 83' lang='lat' dir='ltr'>eiicias.</span> 
     </span>
     <span class='ocr_line' id='line_1_21' title="bbox 276 1685 939 1742; baseline -0.015 -12"><span class='ocrx_word' id='word_1_113' title='bbox 276 1694 391 1742; x_wconf 85' lang='lat' dir='ltr'><strong>Quae</strong></span> <span class='ocrx_word' id='word_1_114' title='bbox 415 1689 529 1728; x_wconf 71' lang='lat' dir='ltr'>leffio</span> <span class='ocrx_word' id='word_1_115' title='bbox 561 1685 760 1739; x_wconf 84' lang='lat' dir='ltr'>perplacet</span> <span class='ocrx_word' id='word_1_116' title='bbox 784 1694 939 1736; x_wconf 86' lang='lat' dir='ltr'>propte·</span> 
     </span>
     <span class='ocr_line' id='line_1_22' title="bbox 275 1739 937 1797; baseline -0.017 -10"><span class='ocrx_word' id='word_1_117' title='bbox 275 1760 351 1795; x_wconf 80' lang='lat' dir='ltr'>rea,</span> <span class='ocrx_word' id='word_1_118' title='bbox 370 1745 476 1797; x_wconf 89' lang='lat' dir='ltr'>quod</span> <span class='ocrx_word' id='word_1_119' title='bbox 486 1744 613 1782; x_wconf 78' lang='lat' dir='ltr'>eiicere</span> <span class='ocrx_word' id='word_1_120' title='bbox 623 1739 810 1781; x_wconf 82' lang='lat' dir='ltr'>maiusest</span> <span class='ocrx_word' id='word_1_121' title='bbox 823 1751 937 1790; x_wconf 87' lang='lat' dir='ltr'>quam</span> 
     </span>
     <span class='ocr_line' id='line_1_23' title="bbox 275 1793 940 1847; baseline -0.015 -5"><span class='ocrx_word' id='word_1_122' title='bbox 275 1815 458 1847; x_wconf 79' lang='lat' dir='ltr'>amouere,</span> <span class='ocrx_word' id='word_1_123' title='bbox 486 1810 524 1839; x_wconf 87' lang='lat' dir='ltr'>et</span> <span class='ocrx_word' id='word_1_124' title='bbox 543 1798 648 1838; x_wconf 87' lang='lat' dir='ltr'>corde</span> <span class='ocrx_word' id='word_1_125' title='bbox 669 1793 940 1836; x_wconf 89' lang='lat' dir='ltr'>consuetudini</span> 
     </span>
     <span class='ocr_line' id='line_1_24' title="bbox 277 1849 938 1908; baseline -0.018 -9"><span class='ocrx_word' id='word_1_126' title='bbox 277 1858 438 1899; x_wconf 56' lang='lat' dir='ltr'>auem-is</span> <span class='ocrx_word' id='word_1_127' title='bbox 469 1855 592 1908; x_wconf 86' lang='lat' dir='ltr'>magis</span> <span class='ocrx_word' id='word_1_128' title='bbox 620 1852 807 1892; x_wconf 83' lang='lat' dir='ltr'>conuenit</span> <span class='ocrx_word' id='word_1_129' title='bbox 817 1865 830 1898; x_wconf 78' lang='lat'>3</span> <span class='ocrx_word' id='word_1_130' title='bbox 859 1849 938 1893; x_wconf 82' lang='lat' dir='ltr'>vid.</span> 
     </span>
     <span class='ocr_line' id='line_1_25' title="bbox 275 1911 934 1961; baseline -0.017 -7"><span class='ocrx_word' id='word_1_131' title='bbox 275 1919 376 1958; x_wconf 87' lang='lat' dir='ltr'>Eun.</span> <span class='ocrx_word' id='word_1_132' title='bbox 405 1929 455 1961; x_wconf 86' lang='lat'>11,</span> <span class='ocrx_word' id='word_1_133' title='bbox 475 1924 511 1960; x_wconf 84' lang='lat'>2,</span> <span class='ocrx_word' id='word_1_134' title='bbox 535 1912 596 1953; x_wconf 87' lang='lat'>16.</span> <span class='ocrx_word' id='word_1_135' title='bbox 626 1911 722 1948; x_wconf 84' lang='lat' dir='ltr'>Hee.</span> <span class='ocrx_word' id='word_1_136' title='bbox 740 1919 854 1955; x_wconf 85' lang='lat'>111‚2‚</span> <span class='ocrx_word' id='word_1_137' title='bbox 867 1917 934 1954; x_wconf 80' lang='lat'>12.</span> 
     </span>
     <span class='ocr_line' id='line_1_26' title="bbox 275 1962 939 2021; baseline -0.018 -11"><span class='ocrx_word' id='word_1_138' title='bbox 275 1970 466 2021; x_wconf 85' lang='lat' dir='ltr'>Denique</span> <span class='ocrx_word' id='word_1_139' title='bbox 487 1977 526 2006; x_wconf 92' lang='lat' dir='ltr'>vt</span> <span class='ocrx_word' id='word_1_140' title='bbox 546 1979 595 2005; x_wconf 85' lang='lat' dir='ltr'>ex</span> <span class='ocrx_word' id='word_1_141' title='bbox 613 1964 670 2004; x_wconf 89' lang='lat' dir='ltr'>his</span> <span class='ocrx_word' id='word_1_142' title='bbox 692 1962 840 2002; x_wconf 85' lang='lat' dir='ltr'>duobus</span> <span class='ocrx_word' id='word_1_143' title='bbox 857 1973 939 2000; x_wconf 85' lang='lat' dir='ltr'>ver-</span> 
     </span>
     <span class='ocr_line' id='line_1_27' title="bbox 276 2017 939 2071; baseline -0.02 -3"><span class='ocrx_word' id='word_1_144' title='bbox 276 2027 376 2068; x_wconf 79' lang='lat' dir='ltr'>sibus</span> <span class='ocrx_word' id='word_1_145' title='bbox 426 2036 523 2064; x_wconf 87' lang='lat' dir='ltr'>vnus</span> <span class='ocrx_word' id='word_1_146' title='bbox 563 2031 712 2060; x_wconf 84' lang='lat' dir='ltr'>tantum</span> <span class='ocrx_word' id='word_1_147' title='bbox 752 2017 939 2071; x_wconf 82' lang='lat' dir='ltr'>efficiatur</span> 
     </span>
     <span class='ocr_line' id='line_1_28' title="bbox 278 2069 938 2122; baseline -0.015 0"><span class='ocrx_word' id='word_1_148' title='bbox 278 2081 488 2122; x_wconf 83' lang='lat' dir='ltr'>trochaicus</span> <span class='ocrx_word' id='word_1_149' title='bbox 504 2111 508 2115; x_wconf 86' lang='lat'>.</span> <span class='ocrx_word' id='word_1_150' title='bbox 525 2072 805 2121; x_wconf 56' lang='lat' dir='ltr'>acatalefflc1153</span> <span class='ocrx_word' id='word_1_151' title='bbox 852 2069 938 2112; x_wconf 68' lang='lat' dir='ltr'>corn</span> 
     </span>
     <span class='ocr_line' id='line_1_29' title="bbox 277 2130 938 2188; baseline -0.018 -9"><span class='ocrx_word' id='word_1_152' title='bbox 277 2142 426 2179; x_wconf 83' lang='lat' dir='ltr'>Faerno</span> <span class='ocrx_word' id='word_1_153' title='bbox 451 2136 613 2188; x_wconf 84' lang='lat' dir='ltr'>primam</span> <span class='ocrx_word' id='word_1_154' title='bbox 638 2130 831 2184; x_wconf 76' lang='lat' dir='ltr'>syllabam,</span> <span class='ocrx_word' id='word_1_155' title='bbox 869 2132 938 2181; x_wconf 87' lang='lat' dir='ltr'>By.</span> 
     </span>
     <span class='ocr_line' id='line_1_30' title="bbox 277 2186 940 2242; baseline -0.018 -7"><span class='ocrx_word' id='word_1_156' title='bbox 277 2196 339 2236; x_wconf 78' lang='lat' dir='ltr'>Ah</span> <span class='ocrx_word' id='word_1_157' title='bbox 366 2195 407 2232; x_wconf 85' lang='lat' dir='ltr'>in</span> <span class='ocrx_word' id='word_1_158' title='bbox 434 2191 554 2242; x_wconf 86' lang='lat' dir='ltr'>finem</span> <span class='ocrx_word' id='word_1_159' title='bbox 587 2186 857 2241; x_wconf 74' lang='lat' dir='ltr'>praecedentis</span> <span class='ocrx_word' id='word_1_160' title='bbox 882 2197 940 2224; x_wconf 82' lang='lat' dir='ltr'>re-</span> 
     </span>
     <span class='ocr_line' id='line_1_31' title="bbox 280 2247 718 2298; baseline -0.021 -6"><span class='ocrx_word' id='word_1_161' title='bbox 280 2249 492 2292; x_wconf 87' lang='lat' dir='ltr'>iiciendam</span> <span class='ocrx_word' id='word_1_162' title='bbox 516 2255 621 2298; x_wconf 79' lang='lat' dir='ltr'><strong>pute.</strong></span> <span class='ocrx_word' id='word_1_163' title='bbox 678 2247 718 2285; x_wconf 88' lang='lat' dir='ltr'>B.</span> 
     </span>
    </p>

    <p class='ocr_par' dir='ltr' id='par_1_11' title="bbox 249 2295 945 2691">
     <span class='ocr_line' id='line_1_32' title="bbox 333 2295 943 2360; baseline -0.018 -15"><span class='ocrx_word' id='word_1_164' title='bbox 333 2319 361 2360; x_wconf 84' lang='lat'>9</span> <span class='ocrx_word' id='word_1_165' title='bbox 394 2305 523 2345; x_wconf 81' lang='lat' dir='ltr'>Facile</span> <span class='ocrx_word' id='word_1_166' title='bbox 564 2314 683 2341; x_wconf 84' lang='lat' dir='ltr'>omnes</span> <span class='ocrx_word' id='word_1_167' title='bbox 724 2312 808 2339; x_wconf 83' lang='lat' dir='ltr'>cum</span> <span class='ocrx_word' id='word_1_168' title='bbox 841 2295 943 2336; x_wconf 86' lang='lat' dir='ltr'><em>vale·</em></span> 
     </span>
     <span class='ocr_line' id='line_1_33' title="bbox 277 2356 942 2416; baseline -0.018 -14"><span class='ocrx_word' id='word_1_169' title='bbox 277 2362 388 2416; x_wconf 62' lang='lat' dir='ltr'>mus}</span> <span class='ocrx_word' id='word_1_170' title='bbox 427 2357 669 2401; x_wconf 83' lang='lat' dir='ltr'>Menander:</span> <span class='ocrx_word' id='word_1_171' title='bbox 710 2356 790 2407; x_wconf 75' lang='grc' dir='ltr'>ῥοῖαν</span> <span class='ocrx_word' id='word_1_172' title='bbox 820 2370 942 2401; x_wconf 63' lang='grc' dir='ltr'>πικραι-</span> 
     </span>
     <span class='ocr_line' id='line_1_34' title="bbox 278 2409 944 2462; baseline -0.018 -4"><span class='ocrx_word' id='word_1_173' title='bbox 278 2425 340 2459; x_wconf 77' lang='grc' dir='ltr'>νεῖν</span> <span class='ocrx_word' id='word_1_174' title='bbox 367 2414 389 2462; x_wconf 67' lang='lat'>2&#39;1&#39;</span> <span class='ocrx_word' id='word_1_175' title='bbox 420 2415 576 2454; x_wconf 65' lang='grc' dir='ltr'>παθόντα</span> <span class='ocrx_word' id='word_1_176' title='bbox 608 2417 783 2460; x_wconf 68' lang='grc' dir='ltr'>καρτερεῖν,</span> <span class='ocrx_word' id='word_1_177' title='bbox 819 2409 944 2450; x_wconf 77' lang='lat' dir='ltr'>Phile-</span> 
     </span>
     <span class='ocr_line' id='line_1_35' title="bbox 280 2468 940 2525; baseline -0.017 -10"><span class='ocrx_word' id='word_1_178' title='bbox 280 2488 346 2515; x_wconf 91' lang='lat' dir='ltr'>mo</span> <span class='ocrx_word' id='word_1_179' title='bbox 402 2472 505 2525; x_wconf 85' lang='lat' dir='ltr'>apud</span> <span class='ocrx_word' id='word_1_180' title='bbox 559 2469 770 2510; x_wconf 82' lang='lat' dir='ltr'>stobaeum</span> <span class='ocrx_word' id='word_1_181' title='bbox 815 2468 940 2506; x_wconf 85' lang='lat' dir='ltr'>Serm.</span> 
     </span>
     <span class='ocr_line' id='line_1_36' title="bbox 281 2519 943 2572; baseline -0.021 0"><span class='ocrx_word' id='word_1_182' title='bbox 281 2542 486 2572; x_wconf 77' lang='lat' dir='ltr'>CCLXLIV.</span> <span class='ocrx_word' id='word_1_183' title='bbox 546 2526 617 2569; x_wconf 66' lang='grc' dir='ltr'>Τεῖς</span> <span class='ocrx_word' id='word_1_184' title='bbox 644 2523 759 2571; x_wconf 56' lang='lat' dir='ltr'>berytii,-</span> <span class='ocrx_word' id='word_1_185' title='bbox 787 2519 845 2561; x_wconf 52' lang='grc' dir='ltr'>ὧδ’</span> <span class='ocrx_word' id='word_1_186' title='bbox 874 2519 943 2568; x_wconf 66' lang='grc' dir='ltr'>ἐγῶ</span> 
     </span>
     <span class='ocr_line' id='line_1_37' title="bbox 256 2573 945 2634; baseline -0.016 -8"><span class='ocrx_word' id='word_1_187' title='bbox 256 2587 372 2633; x_wconf 67' lang='grc' dir='ltr'>..εἶπές</span> <span class='ocrx_word' id='word_1_188' title='bbox 404 2588 599 2634; x_wconf 65' lang='grc' dir='ltr'>ἐγκρατείας</span> <span class='ocrx_word' id='word_1_189' title='bbox 634 2589 713 2622; x_wconf 59' lang='grc' dir='ltr'>τοῖς</span> <span class='ocrx_word' id='word_1_190' title='bbox 745 2582 874 2619; x_wconf 60' lang='lat' dir='ltr'>voa-Em</span> <span class='ocrx_word' id='word_1_191' title='bbox 908 2573 945 2617; x_wconf 65' lang='grc' dir='ltr'>ἕν</span> 
     </span>
     <span class='ocr_line' id='line_1_38' title="bbox 249 2637 860 2691; baseline -0.015 -8"><span class='ocrx_word' id='word_1_192' title='bbox 249 2643 416 2691; x_wconf 50' lang='grc' dir='ltr'>μεφόδςοε</span> <span class='ocrx_word' id='word_1_193' title='bbox 434 2639 564 2684; x_wconf 70' lang='grc' dir='ltr'>πάντας</span> <span class='ocrx_word' id='word_1_194' title='bbox 585 2639 761 2681; x_wconf 67' lang='grc' dir='ltr'>λαλῦντας.</span> <span class='ocrx_word' id='word_1_195' title='bbox 819 2637 860 2676; x_wconf 77' lang='lat' dir='ltr'>L.</span> 
     </span>
    </p>
   </div>
   <div class='ocr_carea' id='block_1_9' title="bbox 973 1236 1347 1278">
    <p class='ocr_par' dir='ltr' id='par_1_12' title="bbox 973 1236 1347 1278">
     <span class='ocr_line' id='line_1_39' title="bbox 973 1236 1347 1278; baseline -0.008 -4"><span class='ocrx_word' id='word_1_196' title='bbox 973 1252 1017 1277; x_wconf 64' lang='grc' dir='ltr'>τοι</span> <span class='ocrx_word' id='word_1_197' title='bbox 1035 1238 1100 1278; x_wconf 62' lang='lat' dir='ltr'>ric</span> <span class='ocrx_word' id='word_1_198' title='bbox 1128 1251 1179 1277; x_wconf 76' lang='grc' dir='ltr'>τις</span> <span class='ocrx_word' id='word_1_199' title='bbox 1203 1236 1347 1272; x_wconf 57' lang='lat' dir='ltr'>vuffa-ref.</span> 
     </span>
    </p>
   </div>
   <div class='ocr_carea' id='block_1_10' title="bbox 1536 1035 1636 1085">
    <p class='ocr_par' dir='ltr' id='par_1_13' title="bbox 1536 1035 1636 1085">
     <span class='ocr_line' id='line_1_40' title="bbox 1536 1035 1636 1085; baseline -0.03 -5"><span class='ocrx_word' id='word_1_200' title='bbox 1536 1035 1636 1085; x_wconf 66' lang='lat' dir='ltr'>Cu,</span> 
     </span>
    </p>
   </div>
   <div class='ocr_carea' id='block_1_11' title="bbox 978 1172 1676 2665">
    <p class='ocr_par' dir='ltr' id='par_1_14' title="bbox 1027 1172 1639 1225">
     <span class='ocr_line' id='line_1_41' title="bbox 1027 1172 1639 1225; baseline -0.018 -6"><span class='ocrx_word' id='word_1_201' title='bbox 1027 1177 1269 1220; x_wconf 80' lang='lat' dir='ltr'>Menander:</span> <span class='ocrx_word' id='word_1_202' title='bbox 1299 1172 1405 1225; x_wconf 61' lang='grc' dir='ltr'><em>’ἷγιῆς</em></span> <span class='ocrx_word' id='word_1_203' title='bbox 1425 1174 1562 1215; x_wconf 55' lang='lat' dir='ltr'>vacivum-a</span> <span class='ocrx_word' id='word_1_204' title='bbox 1576 1172 1639 1223; x_wconf 68' lang='grc' dir='ltr'>ῥᾶ·</span> 
     </span>
    </p>

    <p class='ocr_par' dir='ltr' id='par_1_15' title="bbox 978 1281 1676 2337">
     <span class='ocr_line' id='line_1_42' title="bbox 1035 1281 1638 1340; baseline -0.018 -9"><span class='ocrx_word' id='word_1_205' title='bbox 1035 1304 1087 1332; x_wconf 92' lang='lat'>10</span> <span class='ocrx_word' id='word_1_206' title='bbox 1115 1289 1169 1328; x_wconf 79' lang='lat' dir='ltr'>Tu</span> <span class='ocrx_word' id='word_1_207' title='bbox 1191 1288 1233 1340; x_wconf 79' lang='lat' dir='ltr'><strong><em>fi</em></strong></span> <span class='ocrx_word' id='word_1_208' title='bbox 1244 1288 1301 1326; x_wconf 86' lang='lat' dir='ltr'>hic</span> <span class='ocrx_word' id='word_1_209' title='bbox 1301 1287 1398 1340; x_wconf 86' lang='lat' dir='ltr'><em>scis]</em></span> <span class='ocrx_word' id='word_1_210' title='bbox 1429 1288 1515 1324; x_wconf 87' lang='lat' dir='ltr'>Hoc</span> <span class='ocrx_word' id='word_1_211' title='bbox 1531 1281 1638 1335; x_wconf 83' lang='lat' dir='ltr'>gestu</span> 
     </span>
     <span class='ocr_line' id='line_1_43' title="bbox 978 1338 1676 1384; baseline -0.014 0"><span class='ocrx_word' id='word_1_212' title='bbox 978 1343 1130 1384; x_wconf 84' lang='lat' dir='ltr'>scenico</span> <span class='ocrx_word' id='word_1_213' title='bbox 1161 1344 1300 1383; x_wconf 82' lang='lat' dir='ltr'>melius</span> <span class='ocrx_word' id='word_1_214' title='bbox 1333 1338 1639 1380; x_wconf 77' lang='lat' dir='ltr'>commendatur.</span> <span class='ocrx_word' id='word_1_215' title='bbox 1673 1357 1676 1360; x_wconf 58' lang='lat'><em>&gt;</em></span> 
     </span>
     <span class='ocr_line' id='line_1_44' title="bbox 978 1394 1641 1451; baseline -0.017 -10"><span class='ocrx_word' id='word_1_216' title='bbox 978 1404 1079 1442; x_wconf 84' lang='lat' dir='ltr'>Nam</span> <span class='ocrx_word' id='word_1_217' title='bbox 1129 1399 1227 1439; x_wconf 83' lang='lat' dir='ltr'>haec</span> <span class='ocrx_word' id='word_1_218' title='bbox 1260 1399 1381 1451; x_wconf 85' lang='lat' dir='ltr'>magis</span> <span class='ocrx_word' id='word_1_219' title='bbox 1421 1394 1641 1447; x_wconf 54' lang='lat' dir='ltr'>speeiarori·</span> 
     </span>
     <span class='ocr_line' id='line_1_45' title="bbox 979 1448 1642 1508; baseline -0.014 -12"><span class='ocrx_word' id='word_1_220' title='bbox 979 1457 1072 1507; x_wconf 88' lang='lat' dir='ltr'>bus,</span> <span class='ocrx_word' id='word_1_221' title='bbox 1109 1469 1226 1508; x_wconf 89' lang='lat' dir='ltr'>quam</span> <span class='ocrx_word' id='word_1_222' title='bbox 1259 1451 1469 1494; x_wconf 53' lang='lat' dir='ltr'>leiim-ibus</span> <span class='ocrx_word' id='word_1_223' title='bbox 1506 1448 1642 1501; x_wconf 79' lang='lat' dir='ltr'>scripta</span> 
     </span>
     <span class='ocr_line' id='line_1_46' title="bbox 983 1505 1644 1564; baseline -0.014 -12"><span class='ocrx_word' id='word_1_224' title='bbox 983 1511 1079 1553; x_wconf 83' lang='lat' dir='ltr'>sunt.</span> <span class='ocrx_word' id='word_1_225' title='bbox 1137 1512 1211 1551; x_wconf 84' lang='lat' dir='ltr'>Hic</span> <span class='ocrx_word' id='word_1_226' title='bbox 1229 1524 1325 1564; x_wconf 81' lang='lat' dir='ltr'>ergo</span> <span class='ocrx_word' id='word_1_227' title='bbox 1337 1505 1506 1560; x_wconf 87' lang='lat' dir='ltr'>seipsum</span> <span class='ocrx_word' id='word_1_228' title='bbox 1519 1505 1644 1545; x_wconf 83' lang='lat' dir='ltr'>osten·</span> 
     </span>
     <span class='ocr_line' id='line_1_47' title="bbox 986 1564 1644 1617; baseline -0.015 -8"><span class='ocrx_word' id='word_1_229' title='bbox 986 1569 1103 1617; x_wconf 83' lang='lat' dir='ltr'>dens,</span> <span class='ocrx_word' id='word_1_230' title='bbox 1129 1568 1233 1607; x_wconf 89' lang='lat' dir='ltr'>dicit.</span> <span class='ocrx_word' id='word_1_231' title='bbox 1262 1578 1302 1606; x_wconf 86' lang='lat' dir='ltr'>et</span> <span class='ocrx_word' id='word_1_232' title='bbox 1328 1565 1381 1606; x_wconf 90' lang='lat' dir='ltr'>est</span> <span class='ocrx_word' id='word_1_233' title='bbox 1410 1564 1473 1603; x_wconf 90' lang='lat' dir='ltr'>hic</span> <span class='ocrx_word' id='word_1_234' title='bbox 1500 1573 1644 1613; x_wconf 78' lang='lat' dir='ltr'>prono-</span> 
     </span>
     <span class='ocr_line' id='line_1_48' title="bbox 985 1617 1643 1674; baseline -0.014 -10"><span class='ocrx_word' id='word_1_235' title='bbox 985 1637 1093 1664; x_wconf 87' lang='lat' dir='ltr'><strong>men.</strong></span> <span class='ocrx_word' id='word_1_236' title='bbox 1153 1624 1224 1664; x_wconf 80' lang='lat' dir='ltr'>Sed</span> <span class='ocrx_word' id='word_1_237' title='bbox 1252 1620 1511 1674; x_wconf 85' lang='lat' dir='ltr'>Pamphilum]</span> <span class='ocrx_word' id='word_1_238' title='bbox 1556 1617 1643 1664; x_wconf 81' lang='lat' dir='ltr'>Sed,</span> 
     </span>
     <span class='ocr_line' id='line_1_49' title="bbox 986 1680 1646 1732; baseline -0.012 -11"><span class='ocrx_word' id='word_1_239' title='bbox 986 1680 1243 1732; x_wconf 82' lang='lat' dir='ltr'>inceptiuum‚</span> <span class='ocrx_word' id='word_1_240' title='bbox 1262 1692 1343 1732; x_wconf 88' lang='lat' dir='ltr'>pro,</span> <span class='ocrx_word' id='word_1_241' title='bbox 1371 1687 1488 1728; x_wconf 88' lang='lat' dir='ltr'>atque</span> <span class='ocrx_word' id='word_1_242' title='bbox 1508 1687 1646 1714; x_wconf 86' lang='lat' dir='ltr'>eccum</span> 
     </span>
     <span class='ocr_line' id='line_1_50' title="bbox 986 1730 1644 1788; baseline -0.015 -11"><span class='ocrx_word' id='word_1_243' title='bbox 986 1735 1253 1788; x_wconf 87' lang='lat' dir='ltr'>Pamphilum:</span> <span class='ocrx_word' id='word_1_244' title='bbox 1283 1745 1323 1775; x_wconf 86' lang='lat' dir='ltr'>vt</span> <span class='ocrx_word' id='word_1_245' title='bbox 1339 1731 1545 1777; x_wconf 81' lang='lat' dir='ltr'>Sallustius,</span> <span class='ocrx_word' id='word_1_246' title='bbox 1575 1730 1644 1782; x_wconf 82' lang='lat' dir='ltr'>(in</span> 
     </span>
     <span class='ocr_line' id='line_1_51' title="bbox 987 1786 1644 1846; baseline -0.015 -13"><span class='ocrx_word' id='word_1_247' title='bbox 987 1792 1262 1846; x_wconf 63' lang='lat' dir='ltr'>Fmgrnentis),</span> <span class='ocrx_word' id='word_1_248' title='bbox 1306 1791 1375 1830; x_wconf 78' lang='lat' dir='ltr'>Sed</span> <span class='ocrx_word' id='word_1_249' title='bbox 1398 1786 1577 1829; x_wconf 84' lang='lat' dir='ltr'><em>Metellus</em></span> <span class='ocrx_word' id='word_1_250' title='bbox 1604 1788 1644 1823; x_wconf 83' lang='lat' dir='ltr'>in</span> 
     </span>
     <span class='ocr_line' id='line_1_52' title="bbox 987 1841 1642 1888; baseline -0.015 0"><span class='ocrx_word' id='word_1_251' title='bbox 987 1849 1148 1888; x_wconf 77' lang='lat' dir='ltr'>vulnere.</span> <span class='ocrx_word' id='word_1_252' title='bbox 1177 1851 1266 1888; x_wconf 80' lang='lat' dir='ltr'>Hoc</span> <span class='ocrx_word' id='word_1_253' title='bbox 1283 1860 1364 1886; x_wconf 84' lang='lat' dir='ltr'>non</span> <span class='ocrx_word' id='word_1_254' title='bbox 1375 1841 1642 1883; x_wconf 68' lang='lat' dir='ltr'>disci-eduum:</span> 
     </span>
     <span class='ocr_line' id='line_1_53' title="bbox 988 1895 1645 1954; baseline -0.017 -9"><span class='ocrx_word' id='word_1_255' title='bbox 988 1916 1028 1946; x_wconf 91' lang='lat' dir='ltr'>vt</span> <span class='ocrx_word' id='word_1_256' title='bbox 1045 1904 1072 1943; x_wconf 87' lang='lat' dir='ltr'>fi</span> <span class='ocrx_word' id='word_1_257' title='bbox 1106 1904 1223 1951; x_wconf 84' lang='lat' dir='ltr'>dieas,</span> <span class='ocrx_word' id='word_1_258' title='bbox 1250 1901 1410 1954; x_wconf 85' lang='lat' dir='ltr'>sapiens,</span> <span class='ocrx_word' id='word_1_259' title='bbox 1431 1897 1495 1938; x_wconf 87' lang='lat' dir='ltr'>sed</span> <span class='ocrx_word' id='word_1_260' title='bbox 1513 1895 1645 1936; x_wconf 84' lang='lat' dir='ltr'>miser:</span> 
     </span>
     <span class='ocr_line' id='line_1_54' title="bbox 987 1951 1648 2000; baseline -0.015 0"><span class='ocrx_word' id='word_1_261' title='bbox 987 1960 1051 2000; x_wconf 89' lang='lat' dir='ltr'>hic</span> <span class='ocrx_word' id='word_1_262' title='bbox 1067 1960 1176 1999; x_wconf 86' lang='lat' dir='ltr'>enim</span> <span class='ocrx_word' id='word_1_263' title='bbox 1199 1957 1440 1998; x_wconf 85' lang='lat' dir='ltr'>discretiuum</span> <span class='ocrx_word' id='word_1_264' title='bbox 1458 1955 1540 1993; x_wconf 83' lang='lat' dir='ltr'>erit.</span> <span class='ocrx_word' id='word_1_265' title='bbox 1578 1951 1648 1991; x_wconf 81' lang='lat' dir='ltr'>Sed</span> 
     </span>
     <span class='ocr_line' id='line_1_55' title="bbox 989 2013 1647 2068; baseline -0.017 -11"><span class='ocrx_word' id='word_1_266' title='bbox 989 2016 1221 2068; x_wconf 81' lang='lat' dir='ltr'>Pamphilum</span> <span class='ocrx_word' id='word_1_267' title='bbox 1259 2013 1390 2066; x_wconf 77' lang='lat' dir='ltr'>video]</span> <span class='ocrx_word' id='word_1_268' title='bbox 1439 2015 1547 2052; x_wconf 81' lang='lat' dir='ltr'>Haec</span> <span class='ocrx_word' id='word_1_269' title='bbox 1577 2020 1647 2058; x_wconf 83' lang='lat' dir='ltr'>per</span> 
     </span>
     <span class='ocr_line' id='line_1_56' title="bbox 989 2068 1648 2123; baseline -0.014 -12"><span class='ocrx_word' id='word_1_270' title='bbox 989 2071 1177 2119; x_wconf 65' lang='grc' dir='ltr'>ἂποςςοφῆν</span> <span class='ocrx_word' id='word_1_271' title='bbox 1204 2069 1414 2123; x_wconf 82' lang='lat' dir='ltr'><strong>finguntur.</strong></span> <span class='ocrx_word' id='word_1_272' title='bbox 1471 2068 1552 2120; x_wconf 83' lang='lat' dir='ltr'>Age</span> <span class='ocrx_word' id='word_1_273' title='bbox 1578 2077 1648 2119; x_wconf 78' lang='lat' dir='ltr'>age</span> 
     </span>
     <span class='ocr_line' id='line_1_57' title="bbox 990 2121 1648 2181; baseline -0.018 -12"><span class='ocrx_word' id='word_1_274' title='bbox 990 2142 1034 2169; x_wconf 87' lang='lat' dir='ltr'>vt</span> <span class='ocrx_word' id='word_1_275' title='bbox 1061 2127 1178 2181; x_wconf 88' lang='lat' dir='ltr'><em>Iubet]</em></span> <span class='ocrx_word' id='word_1_276' title='bbox 1228 2122 1420 2166; x_wconf 76' lang='lat' dir='ltr'>Aduersus</span> <span class='ocrx_word' id='word_1_277' title='bbox 1447 2121 1544 2161; x_wconf 87' lang='lat' dir='ltr'>haec</span> <span class='ocrx_word' id='word_1_278' title='bbox 1564 2133 1648 2158; x_wconf 83' lang='lat' dir='ltr'>non</span> 
     </span>
     <span class='ocr_line' id='line_1_58' title="bbox 991 2175 1649 2235; baseline -0.017 -11"><span class='ocrx_word' id='word_1_279' title='bbox 991 2183 1136 2228; x_wconf 78' lang='lat' dir='ltr'>habuit,</span> <span class='ocrx_word' id='word_1_280' title='bbox 1157 2182 1253 2235; x_wconf 87' lang='lat' dir='ltr'>quid</span> <span class='ocrx_word' id='word_1_281' title='bbox 1272 2183 1502 2234; x_wconf 80' lang='lat' dir='ltr'>loqueretur.</span> <span class='ocrx_word' id='word_1_282' title='bbox 1534 2187 1571 2216; x_wconf 87' lang='lat' dir='ltr'>et</span> <span class='ocrx_word' id='word_1_283' title='bbox 1593 2175 1649 2215; x_wconf 86' lang='lat' dir='ltr'>est</span> 
     </span>
     <span class='ocr_line' id='line_1_59' title="bbox 992 2237 1651 2292; baseline -0.012 -14"><span class='ocrx_word' id='word_1_284' title='bbox 992 2240 1183 2292; x_wconf 74' lang='lat' dir='ltr'>permissio</span> <span class='ocrx_word' id='word_1_285' title='bbox 1201 2237 1441 2290; x_wconf 82' lang='lat' dir='ltr'>reprobantis</span> <span class='ocrx_word' id='word_1_286' title='bbox 1462 2247 1520 2282; x_wconf 81' lang='lat' dir='ltr'>ea,</span> <span class='ocrx_word' id='word_1_287' title='bbox 1551 2244 1651 2284; x_wconf 85' lang='lat' dir='ltr'>quae</span> 
     </span>
     <span class='ocr_line' id='line_1_60' title="bbox 992 2294 1299 2337; baseline -0.013 -1"><span class='ocrx_word' id='word_1_288' title='bbox 992 2294 1191 2337; x_wconf 84' lang='lat' dir='ltr'>consentit.</span> <span class='ocrx_word' id='word_1_289' title='bbox 1248 2299 1299 2337; x_wconf 87' lang='lat' dir='ltr'>D.</span> 
     </span>
    </p>

    <p class='ocr_par' dir='ltr' id='par_1_16' title="bbox 991 2344 1653 2516">
     <span class='ocr_line' id='line_1_61' title="bbox 1043 2344 1653 2404; baseline -0.018 -12"><span class='ocrx_word' id='word_1_290' title='bbox 1043 2353 1118 2392; x_wconf 84' lang='lat' dir='ltr'>Hic</span> <span class='ocrx_word' id='word_1_291' title='bbox 1135 2349 1438 2404; x_wconf 84' lang='lat' dir='ltr'>fign.meoloco.</span> <span class='ocrx_word' id='word_1_292' title='bbox 1475 2348 1547 2385; x_wconf 86' lang='lat' dir='ltr'>Pro</span> <span class='ocrx_word' id='word_1_293' title='bbox 1560 2344 1653 2395; x_wconf 80' lang='lat' dir='ltr'>fin-</span> 
     </span>
     <span class='ocr_line' id='line_1_62' title="bbox 991 2397 1651 2458; baseline -0.015 -9"><span class='ocrx_word' id='word_1_294' title='bbox 991 2411 1067 2450; x_wconf 81' lang='lat' dir='ltr'>tias</span> <span class='ocrx_word' id='word_1_295' title='bbox 1093 2406 1214 2448; x_wconf 63' lang='lat' dir='ltr'>sensus</span> <span class='ocrx_word' id='word_1_296' title='bbox 1242 2404 1404 2458; x_wconf 84' lang='lat' dir='ltr'>postulat</span> <span class='ocrx_word' id='word_1_297' title='bbox 1429 2399 1581 2455; x_wconf 36' lang='lat' dir='ltr'>cen-stas.</span> <span class='ocrx_word' id='word_1_298' title='bbox 1603 2397 1651 2439; x_wconf 78' lang='lat' dir='ltr'>cf.</span> 
     </span>
     <span class='ocr_line' id='line_1_63' title="bbox 991 2462 1442 2516; baseline -0.022 -9"><span class='ocrx_word' id='word_1_299' title='bbox 991 2463 1165 2516; x_wconf 81' lang='lat' dir='ltr'><strong>Adelph.</strong></span> <span class='ocrx_word' id='word_1_300' title='bbox 1183 2476 1222 2510; x_wconf 87' lang='lat' dir='ltr'>v,</span> <span class='ocrx_word' id='word_1_301' title='bbox 1245 2468 1281 2511; x_wconf 76' lang='lat'>8,</span> <span class='ocrx_word' id='word_1_302' title='bbox 1310 2473 1345 2512; x_wconf 83' lang='lat'>5.</span> <span class='ocrx_word' id='word_1_303' title='bbox 1403 2462 1442 2499; x_wconf 89' lang='lat' dir='ltr'>B.</span> 
     </span>
    </p>

    <p class='ocr_par' dir='ltr' id='par_1_17' title="bbox 993 2513 1654 2632">
     <span class='ocr_line' id='line_1_64' title="bbox 1052 2513 1653 2567; baseline -0.02 -5"><span class='ocrx_word' id='word_1_304' title='bbox 1052 2532 1098 2563; x_wconf 89' lang='lat'>11</span> <span class='ocrx_word' id='word_1_305' title='bbox 1129 2519 1235 2559; x_wconf 86' lang='lat' dir='ltr'>Idem</span> <span class='ocrx_word' id='word_1_306' title='bbox 1257 2516 1369 2564; x_wconf 87' lang='lat' dir='ltr'>alibi,</span> <span class='ocrx_word' id='word_1_307' title='bbox 1400 2515 1532 2567; x_wconf 78' lang='lat' dir='ltr'>Omnia</span> <span class='ocrx_word' id='word_1_308' title='bbox 1548 2513 1653 2565; x_wconf 75' lang='lat' dir='ltr'><em>prius</em></span> 
     </span>
     <span class='ocr_line' id='line_1_65' title="bbox 993 2571 1654 2632; baseline -0.023 -13"><span class='ocrx_word' id='word_1_309' title='bbox 993 2577 1173 2632; x_wconf 78' lang='lat' dir='ltr'>experire,</span> <span class='ocrx_word' id='word_1_310' title='bbox 1190 2587 1298 2629; x_wconf 79' lang='lat' dir='ltr'>quam</span> <span class='ocrx_word' id='word_1_311' title='bbox 1308 2574 1438 2622; x_wconf 83' lang='lat' dir='ltr'>armis,</span> <span class='ocrx_word' id='word_1_312' title='bbox 1447 2571 1654 2624; x_wconf 82' lang='lat' dir='ltr'>sapientem</span> 
     </span>
    </p>

    <p class='ocr_par' dir='ltr' id='par_1_18' title="bbox 1140 2625 1652 2665">
     <span class='ocr_line' id='line_1_66' title="bbox 1140 2625 1652 2665; baseline -0.02 6"><span class='ocrx_word' id='word_1_313' title='bbox 1140 2657 1141 2661; x_wconf 60' lang='lat'><em>=</em></span> <span class='ocrx_word' id='word_1_314' title='bbox 1541 2625 1652 2665; x_wconf 74' lang='lat' dir='ltr'>decet.</span> 
     </span>
    </p>
   </div>
  </div>
 </body>
</html>
