1815 3168
595 96 1011 143 EVNVCHVS.

1388 119 1480 165 395

255 218 363 268 CH.
408 217 538 268 Istam
560 221 705 285 ipsam.
742 216 849 268 AN.
885 215 939 268 fic
958 226 1355 274 commemineram.
1382 226 1484 278 CH.

355 297 564 359 quaedam
588 297 719 343 hodie
741 296 800 343 est
821 299 860 343 ei
886 297 1004 344 dono
1036 299 1131 344 data

253 374 418 432 Virgo:
458 372 561 435 quid
588 389 671 433 ego
694 375 786 419 eius
807 373 886 420 tibi
909 390 1026 419 nunc
1048 374 1200 421 faciem
1221 379 1482 440 praedicem,

351 459 424 493 aut
453 448 639 500 laudem,
664 448 885 512 Antipho:

260 522 374 571 Cur'n
397 523 537 586 ipsum
560 539 630 569 me
648 525 783 577 noriS,
806 540 937 586 quam
959 524 1129 585 elegans
1142 525 1382 573 formarum
1395 528 1487 593 spe·

356 596 493 645 &ator
525 597 628 645 fiem
641 600 664 644 ἶ)

257 676 311 720 In
348 674 428 720 hac
461 684 706 721 commotus
732 673 839 720 sum.
874 672 980 744 AN.
1018 668 1101 722 ain’
1131 675 1211 722 tu?
1248 672 1357 723 CH.
1391 679 1486 742 pri-

355 766 472 795 mam
494 748 622 801 dices,
645 749 743 803 scio,
762 748 793 795 fi
814 749 988 797 videris.

160 837 229 874 20
265 825 384 879 Quid
425 825 562 870 multa
593 824 758 872 verba?
805 841 947 871 amare
978 827 1117 890 coepi.
1160 825 1273 873 forte
1312 821 1489 875 fortuna

359 899 479 945 domi

259 977 365 1021 Erat
393 973 571 1037 quidam
614 975 883 1030 Eunuchus,
930 973 1063 1040 qfi'em
1093 986 1308 1024 mercatus
1349 977 1492 1026 fuerat

357 1051 488 1098 frater
509 1049 696 1097 Thaidi:

187 1306 238 1346 16
269 1303 412 1345 Melior
449 1316 634 1343 numerus
668 1302 788 1343 effici-

130 1369 211 1404 tur,
241 1358 265 1397 fi
295 1372 379 1397 cum
409 1359 518 1398 codd.
550 1358 706 1407 nostris,
746 1369 787 1398 et

130 1415 216 1454 edd.
243 1426 330 1454 vett.
351 1415 527 1464 collocas,
549 1415 671 1454 Hodie
682 1428 788 1468 quae-

131 1473 226 1514 dam,
280 1473 320 1510 Β.

191 1539 240 1581 17
268 1525 376 1580 Qid
391 1540 454 1580 ego
466 1529 541 1565 eius
559 1525 644 1572 tibi]
676 1525 786 1566 Ordo

130 1582 195 1622 hic
219 1579 297 1621 efi'e
315 1581 454 1630 debet,
494 1582 601 1636 Qid
626 1588 692 1636 eg'o
713 1583 787 1620 eius

135 1637 210 1679 tibi
227 1639 467 1690 nuncfizciem
481 1638 699 1691 praedicem‚·
724 1649 789 1676 aut

134 1695 294 1739 laudem,
321 1694 514 1746 Antipho?
543 1697 581 1732 in
613 1693 679 1731 hac
699 1706 790 1732 com-

132 1764 251 1789 motus
258 1749 366 1799 fiam:
400 1763 477 1788 cum
488 1763 541 1788 me
551 1749 668 1802 ipfitm
677 1751 790 1795 noris,

135 1819 245 1859 quam
265 1804 402 1859 elegans
418 1803 634 1857 formarum
647 1803 793 1856 spefffa-

135 1875 198 1902 tor
218 1860 330 1913 stem,
359 1871 399 1899 vt
423 1859 465 1900 fit
491 1857 635 1909 sensus,
662 1862 702 1899 in
723 1859 791 1899 hac

136 1915 422 1967 commotusfitm
433 1932 447 1954 .·
467 1917 537 1956 ille
549 1913 699 1963 scilicet,
712 1917 790 1968 qui,

134 1984 174 2012 vt
189 1970 268 2022 scis,
285 1971 425 2011 fonnas
446 1969 542 2011 solet
559 1972 718 2026 eligere,
748 1985 793 2012 ac

136 2027 306 2069 fastidire
344 2041 414 2080 pro
440 2028 591 2068 merito.
645 2029 793 2068 Faciem

133 2086 359 2138 praedicem,
389 2096 457 2124 aut
474 2084 631 2137 laudem]
681 2084 793 2124 Prae-

140 2142 320 2187 dicamm,
354 2150 391 2178 vt
416 2153 475 2179 res
506 2138 610 2179 sunt:
648 2139 796 2180 Lauda-

141 2209 217 2235 mus
255 2195 490 2236 extollendo.
543 2196 618 2233 Vel
648 2197 797 2248 praedi-

144 2265 266 2291 camus
293 2265 410 2293 voce:
450 2251 658 2292 Laudamus
689 2265 797 2306 argu-

117 2308 294 2347 ‘mentis
349 2312 399 2349 D.

198 2365 259 2402 Ne
269 2363 424 2417 Qidin
446 2362 562 2403 Thefi
575 2363 710 2412 latitet,
734 2376 795 2416 po-

147 2429 272 2465 natur,
291 2418 381 2458 Eius
402 2423 492 2472 quid
507 2433 581 2474 ego.
638 2423 679 2460 Β.

204 2481 250 2522 18
281 2473 400 2528 Qmm
418 2475 559 2528 elegans
579 2474 800 2527 formarum

138 2527 332 2580 speHator
351 2532 487 2584 fi'em?]
524 2531 691 2583 Elegans
721 2529 801 2581 spe·

1327 1166 1492 1226 Neque

836 1300 965 1356 placet
986 1303 1111 1343 facile.
1167 1305 1372 1356 Spec‘lator]
1405 1309 1494 1346 Pro·

836 1360 964 1399 bator:
993 1359 1033 1398 v't
1058 1362 1247 1412 pecuniae
1262 1361 1494 1413 spectatores

838 1415 1029 1454 dicuntur.
1085 1417 1134 1455 D.
1496 1437 1499 1439 >

891 1473 1041 1510 Omnes
1062 1469 1176 1509 nostri
1188 1483 1273 1510 cum
1286 1471 1376 1510 edd.
1393 1483 1488 1512 verr„

839 1527 930 1567 Cum
948 1541 1001 1565 me
1021 1525 1138 1577 ipfitm
1156 1530 1269 1566 noris.
1321 1528 1399 1568 Sed
1415 1533 1494 1569 Au-

838 1582 917 1621 c'lor
936 1579 1078 1632 scriplit
1095 1582 1183 1632 Ipfi’.
1239 1585 1279 1622 B.

896 1649 946 1690 19
982 1637 1026 1675 In
1061 1636 1129 1675 hac
1167 1651 1362 1678 commotus
1385 1637 1492 1693 fiem]

839 1695 932 1733 Non
949 1692 1003 1731 est
1022 1689 1284 1744 consequens:
1315 1691 1409 1733 effet
1434 1709 1498 1733 au·

840 1759 932 1796 tem,
964 1747 991 1787 fi
1011 1747 1225 1798 diceretur,
1254 1749 1302 1788 In
1319 1750 1386 1789 hac
1404 1764 1497 1789 com-

840 1817 980 1844 motum
998 1817 1052 1842 me
1055 1803 1172 1853 fiius.
1218 1807 1301 1845 Erit
1319 1819 1414 1860 ergo
1438 1820 1496 1845 or-

842 1860 906 1909 do,
927 1870 965 1899 et
983 1855 1108 1898 sensus
1139 1860 1205 1911 qui
1231 1858 1352 1912 supra.
1414 1863 1498 1902 Pri-

840 1929 936 1956 mam
957 1915 1061 1965 dices,
1070 1915 1171 1967 fiio]
1203 1918 1238 1956 O
1259 1917 1439 1957 fiduciam
1461 1931 1499 1956 e-

842 1973 1055 2026 legantiae,
1083 1982 1124 2010 et
1149 1972 1201 2012 de
1225 1974 1362 2013 alienis
1379 1975 1498 2013 oculis

841 2029 1025 2068 iudicare.
1082 2030 1130 2070 D.
1404 2056 1405 2059 =

898 2096 952 2125 20
996 2082 1103 2137 Qid
1134 2081 1255 2123 multa
1282 2083 1422 2125 verba?
1460 2101 1500 2126 a·

844 2154 946 2180 mare
966 2140 1082 2190 coepi]
1112 2139 1366 2194 Ordineegit.
1399 2146 1501 2182 Nam

846 2196 952 2248 prius
975 2194 1039 2242 est,
1059 2197 1316 2244 commoneri,
1347 2198 1445 2236 inde
1466 2212 1504 2237 a·

846 2264 967 2291 mare.
1024 2253 1072 2290 Et
1098 2251 1203 2290 bene
1229 2265 1311 2291 non
1337 2264 1430 2292 aute
1450 2255 1505 2293 di-

849 2309 911 2355 cit,
933 2305 1026 2358 quid
1047 2305 1243 2360 aggreffus
1263 2307 1402 2359 fuerit,
1433 2309 1504 2349 m'fi

849 2363 988 2403 amoris
1007 2365 1210 2403 mentione
1220 2365 1405 2416 praelata:
1426 2379 1504 2417 quo

848 2429 1018 2472 cogente
1047 2419 1145 2459 nihil
1163 2416 1216 2460 est
1231 2419 1420 2462 infeemm
1446 2435 1506 2460 cu-

848 2476 1059 2528 pientibus.
1116 2478 1164 2516 D.

906 2543 955 2573 21
986 2530 1050 2571 Ob
1077 2530 1186 2570 codd.
1211 2541 1249 2573 et
1266 2545 1411 2572 morem
1429 2535 1507 2572 Te-

149 2586 270 2624 &ator
289 2583 362 2631 est,
389 2587 454 2633 qui
471 2586 513 2625 fit
531 2587 744 2626 machmis
764 2596 804 2625 et
852 2587 966 2627 rentii
1000 2587 1142 2628 colloca
1167 2601 1351 2629 mercatus
1374 2588 1506 2641 frater

148 2639 325 2680 sastidiofi
346 2640 495 2681 iudicii:
527 2643 586 2682 cui
605 2656 687 2682 non
710 2642 805 2695 quid
843 2641 989 2696 fiterat.
1043 2645 1086 2684 B.
