1815 3168
631 107 1036 154 EVNVCHVS.

1413 123 1516 179 :ss

288 238 458 280 Verum
480 232 589 278 heus
611 245 675 283 tu,
697 235 776 280 hac
790 234 886 294 lege
901 234 981 281 tibi
1001 251 1142 282 meam
1156 236 1344 301 astringo
1359 241 1490 293 fidem
1505 267 1521 302 :¹

288 311 415 362 Quae
438 325 537 362 vera
558 309 719 363 audiui,
743 323 877 362 taceo,
916 321 959 356 et
982 314 1189 360 contineo
1216 328 1422 379 optume3

286 387 362 430 Sin
398 384 547 430 falsum
561 420 573 436 ,
611 397 684 432 aut
717 401 903 438 vanum,
939 397 1016 452 aut>
1032 384 1258 449 fiQum’si,
1302 396 1516 443 continuo

370 454 589 523 'Palam'st

181 548 241 596 25
279 534 438 582 Plenus
461 536 673 581 rimarum
694 533 800 589 sum,
821 536 900 583 hac
917 548 1048 600 'atque
1071 539 1165 586 illac
1186 541 1378 604 perfluo.

205 766 260 796 22
301 755 432 794 Verum
465 753 546 793 heus
577 754 649 808 tu]
695 753 804 794 Astu-

152 819 193 852 te
228 807 360 850 seruus
395 813 551 861 reponit
578 809 721 851 Thaidi
752 811 805 848 vi-

149 879 247 905 cem.
302 869 402 906 Nam
441 868 506 905 illa
542 877 581 905 vt
617 879 804 919 magnum

145 922 269 961 voluit
290 919 512 973 exspeffltri,
536 922 641 973 quod
660 922 806 961 difi'tura

148 977 206 1017 est
236 980 336 1030 (erat
372 980 451 1031 Z.),
493 977 563 1018 iste
604 989 641 1018 vt
669 976 802 1018 falsum

149 1035 377 1074 contemnit.
432 1036 558 1074 Meam
584 1034 742 1089 astringo
751 1036 802 1089 fi-

148 1090 246 1144 dem]
285 1089 420 1130 Fidem
443 1091 664 1142 promitto:
712 1091 802 1142 quia

147 1145 295 1186 vincula
308 1144 402 1197 fidei
420 1147 612 1190 dicuntur.
669 1150 717 1188 D.
773 1162 774 1165 ¹

154 1230 156 1232 v
181 1214 252 1255 v23
283 1204 392 1259 Qae
409 1217 498 1242 veru
518 1204 658 1252 audiui,
679 1202 799 1256 taceo]

143 1257 252 1298 Mire
276 1260 399 1297 vicem
419 1262 608 1299 Parmeno
633 1258 804 1298 reddidit

146 1315 350 1356 meretrici.

148 1368 309 1408 difficile
365 1367 421 1408 est
464 1380 592 1410 tacere
645 1371 801 1409 commi-

145 1421 199 1464 ffa
218 1436 254 1468 ι·
290 1426 341 1464 ita
388 1427 630 1468 meretricem
677 1439 804 1465 rarum

146 1479 202 1520 est
221 1494 310 1522 vera
329 1481 469 1521 dicere.
510 1481 619 1536 Quae
636 1496 723 1522 vera
741 1495 803 1521 aua

146 1537 244 1591 diui]
275 1538 415 1591 Figura
442 1539 648 1584 παρασκευή.
707 1540 803 1578 Con-

146 1596 246 1632 tineo
267 1594 432 1647 optume]
458 1595 618 1645 Proprie
645 1608 665 1632 a
686 1605 800 1633 meta·

144 1648 265 1701 phora
285 1647 472 1703 ⁴vasorum
498 1649 687 1689 transtulit
715 1662 801 1688 ver-

144 1704 208 1744 ba.
263 1705 316 1746 D.
530 1734 534 1736 -

201 1773 260 1812 24
287 1761 355 1799 Sin
371 1759 532 1813 filliam,
566 1774 632 1801 aut
657 1774 801 1809 vanum,

144 1828 215 1858 aut
240 1814 370 1867 fic‘lum
396 1816 459 1868 est,
489 1819 664 1857 continuo
675 1818 802 1869 palam

144 1873 212 1928 est]
245 1873 388 1923 Falficm
416 1872 490 1921 est,
525 1874 629 1925 quod
659 1874 802 1926 tegitur

142 1929 187 1970 id
215 1929 321 1980 quod
349 1928 491 1971 facium
512 1930 582 1971 Ε’ἃ.
644 1930 796 1978 Vanum,

144 1985 253 2038 quod
270 1984 353 2026 fieri
373 1999 455 2024 non
475 1985 610 2038 potest.
641 1985 800 2033 Fic'lum,

145 2040 252 2094 quod
280 2055 364 2080 non
391 2040 446 2080 est
464 2041 619 2088 faeiurn,
646 2053 687 2080 et
710 2041 805 2094 (fi’d

145 2099 210 2149 Z.)
247 2095 330 2136 fieri
356 2099 492 2149 potuit.
550 2098 627 2139 Vel
644 2097 799 2150 falfim,

148 2153 204 2192 est
225 2151 367 2193 'fliium
396 2152 643 2194 mendacium
681 2153 803 2193 simile

145 2210 303 2250 veritati.
358 2211 512 2260 Vanum,
537 2223 611 2249 nec
628 2209 804 2261 poffibile

146 2278 222 2305 nec
239 2264 450 2306 verisimile.
507 2266 663 2316 Fidum,
681 2277 803 2306 totum

146 2320 229 2361 fine
246 2335 346 2373 vero,
369 2319 434 2362 sed
452 2322 674 2363 -verifimila
715 2323 800 2363 Fal-

137 2376 225 2428 ficm
250 2378 377 2428 loqui,
407 2378 603 2418 mendacis
628 2378 704 2418 est:
726 2379 801 2418 -Fi-

148 2433 266 2481 itum,
300 2434 456 2478 callidi:'
488 2435 651 2482 Vanum,
687 2434 799 2476 stulti.

148 2487 296 2538 Fafficm
321 2489 446 2541 loqui,
478 2492 614 2542 culpae
633 2490 708 2530 est:
741 2492 799 2531 fi·

424 1317 524 1354 Nam
562 1326 601 1354 vt
647 1313 801 1354 seruum
826 1330 833 1335 0

1363 616 1514 668 Proin'

854 755 919 793 ftis
947 755 1206 798 deleRamur:
1247 761 1352 801 Vana
1383 774 1514 806 conte·

853 812 1036 852 milimus.
1094 817 1144 853 D.

913 868 1099 908 Continuo
1129 869 1281 926 palam]
1333 872 1512 919 Priscian.

853 921 919 961 lib.
941 937 1022 963 Χιν.
1077 928 1119 965 L.

908 982 982 1018 Pro
1017 995 1151 1021 vanum
1186 984 1274 1022 cod.
1301 987 1420 1026 Acad.
1449 1002 1515 1029 va-

852 1037 963 1084 rium,
992 1039 1138 1090 Regius
1160 1053 1329 1080 vacuum.
1360 1046 1511 1084 Verum

853 1104 940 1131 cum
967 1106 1047 1132 non
1066 1094 1239 1145 videam,
1266 1110 1340 1148 qua
1359 1101 1513 1142 ratione

850 1149 914 1187 illa
936 1149 1005 1186 tria
1015 1148 1175 1202 fizfflcm,
1199 1156 1346 1200 varium,
1360 1154 1508 1205 fidum,

851 1201 936 1243 satis
968 1205 1330 1260 distinguipoffi1113
1361 1224 1439 1265 ego
1460 1215 1515 1252 le-

851 1260 1023 1312 gendum
1053 1273 1160 1313 puto,
1185 1265 1254 1305 Sin
1269 1265 1414 1317 flzlfiam
1431 1281 1516 1310 Av-

852 1329 1061 1366 DIER1M
1107 1331 1174 1359 Ac
1206 1320 1353 1373 fidum,
1393 1326 1511 1364 comi.

852 1379 925 1409 nuo
941 1382 982 1423 p.
1037 1376 1078 1412 B:
1164 1406 1165 1409 η
1214 1392 1216 1395 ·
1356 1383 1358 1387 ’

909 1438 961 1478 25
1009 1427 1144 1469 Plenus
1188 1431 1369 1472 rimarum
1397 1436 1511 1490 sum]

853 1482 950 1521 Vilis
977 1494 1096 1536 atque
1124 1484 1272 1526 alfleda
1296 1491 1508 1541 translatiO,

853 1540 905 1576 et‘
920 1551 1006 1588 apta
1024 1540 1072 1579 ad
1090 1544 1339 1584 meretricem
1349 1546 1513 1597 loquen-

852 1594 880 1632 ti
912 1597 1041 1645 (Quin
1069 1601 1251 1643 ἀλληγορεῖ
1267 1598 1415 1649 seruus,
1443 1605 1512 1654 qui

848 1649 968 1688 modo
981 1650 1125 1691 dicei-at
1141 1653 1276 1694 eadem
1286 1657 1514 1708 metaphora

851 1709 1020 1745 contineo
1068 1711 1214 1760 optime.
1273 1716 1319 1752 In
1369 1714 1511 1764 quibus

851 1759 944 1801 sane
961 1763 1060 1802 nihil
1074 1765 1136 1812 est,
1158 1766 1261 1817 quod
1276 1768 1325 1806 ad
1336 1772 1513 1809 meretri-

851 1830 938 1857 cem
966 1816 1150 1873 sp‘effiety
1180 1826 1359 1864 translata
1381 1837 1511 1866 autem

852 1873 904 1914 est
922 1873 968 1914 ab
987 1879 1146 1927 aquario
1167 1877 1252 1918 vase
1268 1878 1385 1920 fiffili.
1424 1885 1510 1922 Hac

850 1945 960 1983 atque
975 1932 1056 1971 illuc
1064 1931 1221 1989 perfluo]
1241 1935 1399 1988 Contra,
1414 1940 1510 1978 Con-

850 1989 949 2026 tineo
970 2000 1128 2039 optume.
1182 1994 1230 2031 D.

905 2044 1040 2084 Plenus
1067 2047 1264 2101 rimarum]
1294 2046 1513 2090 Paschasius
1563 2058 1564 2066 ¹

851 2102 890 2139 P.
909 2102 946 2139 P.
968 2101 1018 2140 ad
1035 2102 1265 2142 Placidium:
1292 2104 1358 2143 Illo
1370 2119 1413 2145 vt
1422 2119 1510 2146 vtar

855 2157 1014 2205 Comici,
1046 2161 1133 2211 quia
1156 2158 1282 2211 plenus
1310 2163 1504 2211 rimarum,

851 2215 1044 2252 veritatem
1075 2215 1196 2266 fiiens
1231 2216 1340 2267 silere
1373 2220 1508 2259 noluit.

851 2268 941 2308 vid.
966 2269 1158 2310 Scholiast.
1187 2273 1322 2312 Horat.
1344 2273 1412 2315 lib.
1441 2288 1507 2315 11..

850 2325 974 2377 Satyr.
999 2327 1035 2366 6.
1091 2331 1133 2368 L.

905 2379 1047 2422 Sensus
1059 2382 1220 2435 postulat
1222 2385 1392 2437 perpluO.
1406 2389 1508 2427 Nam

848 2436 976 2488 liquor
993 2439 1035 2477 in
1055 2438 1141 2480 vase
1156 2441 1317 2491 quidem
1336 2440 1505 2494 perfluit,

849 2490 914 2531 sed
946 2507 1010 2533 vas
1028 2493 1152 2546 ipsum
1172 2495 1252 2536 fiue
1272 2498 1410 2537 domus
1426 2499 1509 2551 p‘er·

145 2546 264 2593 cium,
289 2546 458 2588 timuis:
491 2548 645 2597 Vanum,
671 2559 799 2588 vecor-
843 2549 956 2600 pluit.
979 2551 1135 2601 Quin&
1155 2552 1242 2592 lnst.
1265 2567 1318 2602 VI,
1332 2566 1366 2606 3,
1388 2556 1507 2594 Plaut.

145 2598 247 2646 diae.
303 2600 416 2656 Faqis
448 2601 664 2657 decipimur
685 2619 692 2646 :
734 2605 799 2661 Fi·
848 2606 1021 2656 Trin.11,
1041 2621 1155 2663 2,41.
1170 2609 1319 2663 Mesia,
1333 2622 1369 2659 2,
1383 2623 1447 2666 30.
1466 2614 1509 2652 B.
