1815 3168
344 188 435 234 228

733 177 891 225 ACT.
925 179 982 224 V.
1022 177 1210 223 SCEN.
1241 178 1319 226 IV.

415 326 441 373 5
472 302 578 354 CH-
616 308 719 367 Hic.
760 304 837 353 Sl.
876 300 991 351 mcn'
1015 302 1215 367 quaeris?
1253 305 1352 358 eho,
1374 316 1423 351 tu
1446 306 1705 369 Glycerium

573 383 674 429 hinc
700 384 841 428 ciuem
866 378 946 426 effe
967 380 1058 426 ais?

478 456 582 508 CR.
623 464 702 504 Tu
722 452 888 516 negas?
927 452 1001 501 Si.
1042 457 1156 501 itane
1180 454 1267 501 huc
1288 466 1461 520 paratus
1493 453 1711 503 aduenis?

575 531 683 581 CR.
719 549 803 595 qua
828 531 880 576 de
900 528 980 580 re?
1016 529 1094 576 Sl.
1129 527 1289 590 rogas?

477 616 612 659 Tune
634 607 817 671 impune
838 606 942 653 haec
963 607 1120 653 facias?
1164 616 1270 652 tune
1291 606 1362 652 hic
1382 607 1583 653 homines
1606 606 1710 653 ado-

575 682 842 734 lescentulos,

478 762 711 825 Imperitos
724 775 886 810 rerum,
909 753 1252 809 cduElosliberQ
1274 759 1318 802 in
1335 756 1532 803 fraudem
1554 757 1710 803 illicis?

478 833 758 885 Sollicitando
783 844 825 879 et
842 831 1126 896 pollicitando
1149 849 1303 878 eorum
1326 836 1493 878 animos
1517 830 1712 878 lacians?

571 908 679 957 CR.
723 908 906 955 sanusne
934 903 1014 957 es?

401 1009 426 1049 ς
455 999 509 1035 Vt
526 1005 654 1034 metro
674 989 901 1039 consulatur,
927 1002 1006 1028 am-

348 1052 710 1106 ple&01·leffionem
721 1045 885 1085 duorum
897 1044 1007 1083 codd.

346 1109 562 1154 meliorum,
575 1105 640 1157 qui
652 1114 722 1155 pro
731 1102 820 1141 men'
834 1100 1008 1155 quaeris?

347 1165 504 1209 habent,
558 1162 656 1201 Simo
671 1189 679 1207 ‚
716 1159 808 1197 men’
836 1160 1008 1211 quaeris?

346 1222 598 1269 tribuuntque
617 1216 785 1259 Critoni.
841 1218 881 1254 B.

400 1281 447 1317 111
483 1275 576 1315 edit.
614 1270 785 1325 Sandby.
846 1269 902 1308 est
932 1270 1007 1311 Hic

348 1333 407 1387 est.
462 1335 503 1372 Z.

402 1392 430 1432 6
470 1388 633 1426 Paratus
672 1381 882 1436 ⁴aduenis?]
918 1382 1008 1422 Hoc

350 1445 423 1494 est,
453 1441 691 1490 subornatus,
721 1450 760 1479 et
778 1437 1008 1490 compofitus

350 1502 443 1541 dolo
473 1496 564 1550 (Ms.
581 1496 703 1538 Hulst.
727 1494 828 1536 forte
856 1494 1006 1544 reclius,

350 1555 568 1610 compositor
593 1554 695 1593 doli:
720 1551 793 1590 'nisi
820 1550 861 1590 id
883 1551 1008 1590 voluit

352 1616 555 1664 interpres,
587 1608 684 1648 illud
700 1616 858 1661 paratus
877 1608 1009 1647 valere

352 1683 391 1710 et
413 1668 459 1708 ab
477 1668 562 1706 'aliis
584 1663 844 1713 subornatum,
859 1674 902 1703 vet
911 1665 1007 1703 vltro

348 1723 601 1777 compositum
624 1722 673 1761 ad
689 1720 904 1773 ἴτειιιάεηῑι).Δ
931 1723 980 1761 D..

365 1807 370 1817 .
405 1784 477 1821 Pro
504 1792 574 1832 qua
602 1778 645 1817 de
662 1792 701 1817 re
715 1776 796 1815 duo
812 1775 926 1816 codd.
947 1776 1012 1816 ha-

351 1836 450 1876 bent
477 1848 550 1888 qua
577 1847 626 1872 re.
684 1834 810 1875 Recte.
839 1835 938 1874 Nam
960 1833 1012 1871 ita

353 1891 567 1933 trochaicus
589 1889 682 1929 stare
697 1888 830 1940 potest.
859 1898 862 1900 ·
885 1891 926 1927 Β.

403 1958 435 2000 ’7
469 1948 572 1986 Tune
589 1947 734 1996 impune
753 1944 821 1982 hoc
836 1945 962 1996 fizcias
972 1942 1009 1996 ΣΡ]

353 2002 470 2047 Mire.
505 2003 640 2041 acriter
649 2001 850 2041 Critonem
860 1998 1012 2052 aggres-

356 2058 415 2099 sus
442 2057 531 2111 (Ms.
561 2055 707 2099 Boend.
733 2057 848 2096 Nunc
872 2059 1011 2095 acriter

355 2117 545 2156 Critonem
592 2111 806 2168 aggrfffics),
841 2111 1014 2150 dilatauit

354 2169 647 2218 incusationem,
673 2177 712 2208 et
730 2167 917 2222 generale
938 2168 1011 2220 (le—

357 2242 409 2281 ge
435 2228 497 2267 vel
525 2239 696 2281 grauem,
734 2225 796 2271 vel
824 2227 1010 2279 grauiter.

355 2287 456 2324 Nam
485 2282 580 2322 haec
613 2281 666 2321 est
684 2281 753 2321 illa
772 2279 936 2332 δεινότης)
957 2279 1013 2320 fe·

358 2342 410 2379 cit
428 2341 568 2379 virtute
586 2336 760 2386 oratoria,
783 2349 885 2389 quae
912 2335 1011 2375 δεινό-

356 2414 415 2440 της
437 2395 590 2436 dicitur.
651 2392 756 2434 Tune
790 2392 869 2446 hic]
899 2392 943 2433 Id
962 2391 1015 2432 est

357 2451 541 2501 Athenis,
569 2450 635 2490 vbi
661 2450 799 2491 denua
812 2450 1016 2489 vindican-

360 2519 429 2549 tur.
487 2512 537 2555 D,

375 2591 377 2593 -
419 2564 508 2605 Tun’
528 2561 713 2616 homines]
733 2563 821 2601 Hoc
831 2558 938 2600 versu
949 2571 1013 2601 an-

355 2619 521 2659 titheton
541 2618 605 2666 est,
623 2618 663 2657 id
673 2616 736 2668 est,
762 2618 1012 2669 compofitum

353 2689 402 2716 ex
420 2675 629 2714 contrariis,
685 2675 743 2714 Es

404 2731 567 2782 Antiqui
585 2729 671 2769 libri
688 2744 762 2783 pro
781 2725 848 2770 boc
869 2730 1009 2784 legunt

1652 924 1711 955 10

1055 990 1157 1029 recle
1194 990 1301 1029 haec:
1346 991 1449 1042 quod
1483 990 1711 1031 inuidiosius

1056 1042 1134 1083 efl'e
1157 1045 1300 1084 iudicat
1318 1048 1498 1086 Faernus.
1559 1051 1599 1086 B.

1112 1107 1133 1149 8
1166 1101 1212 1140 In
1226 1101 1405 1151 fraudem
1432 1103 1598 1155 illicis?]
1637 1103 1714 1142 Illi-

1059 1169 1137 1209 gas.
1176 1157 1282 1195 vnde
1319 1159 1456 1210 virgil.
1488 1160 1584 1210 (Ecl.
1615 1172 1714 1209 vm,

1057 1214 1143 1265 73.)
1182 1212 1301 1251 Terna
1332 1212 1402 1250 tibi
1430 1214 1516 1253 haec
1546 1218 1712 1267 prim-um

1052 1269 1195 1321 triplici
1231 1270 1458 1308 circumdata
1495 1268 1569 1335 filo)
1602 1272 1713 1310 Licia

1061 1325 1260 1364 circumdo.
1319 1323 1428 1363 Licia
1474 1327 1581 1364 enim
1617 1327 1716 1366 dicia

1057 1378 1154 1429 sunt,
1176 1379 1276 1432 quasi
1298 1381 1402 1435 ligia.
1459 1384 1508 1422 D.
1670 1380 1674 1383 ’

1115 1438 1311 1488 Imperitos
1347 1438 1492 1491 rerum]
1532 1440 1617 1478 Hoc
1649 1437 1715 1487 est,

1057 1493 1099 1533 in
1118 1493 1233 1531 rebus
1252 1495 1453 1544 imperitos
1469 1493 1541 1533 tuis
1563 1493 1660 1533 dolis
1672 1495 1715 1533 in

1057 1546 1339 1601 persuafionem
1363 1550 1534 1590 deducis,
1589 1552 1633 1590 E.

1110 1618 1136 1658 9
1176 1604 1319 1645 Eorum
1348 1609 1486 1646 animos
1524 1605 1715 1661 laftan52]

1059 1662 1164 1701 Hinc
1195 1663 1311 1702 etiam
1349 1663 1540 1704 obleft‘utio
1565 1661 1718 1703 dicitur.

1062 1718 1240 1771 Laftans]
1286 1718 1407 1770 'Quafi
1446 1730 1601 1759 teneros
1639 1720 1719 1758 ani-

1061 1784 1156 1812 mos.
1210 1774 1389 1825 Ladan»,
1420 1774 1474 1814 est
1506 1774 1718 1815 dulcedine

1060 1829 1188 1880 aliqua
1202 1840 1348 1881 tenere,
1370 1831 1418 1870 ad
1436 1828 1719 1882 persuasionem

1057 1885 1249 1925 inducere
1276 1890 1336 1938 (ac
1361 1885 1586 1939 peffiufi'one
1605 1887 1718 1926 indu-

1058 1954 1148 1979 cere.
1179 1942 1388 1994 Wieling.)
1399 1953 1412 1985 '1
1440 1941 1545 1981 vnde
1571 1952 1610 1980 et
1627 1943 1719 1982 dele-

1058 1997 1156 2036 {tare
1178 2007 1216 2035 et
1233 1996 1412 2036 obtestare
1431 1997 1608 2036 dicimus.
1640 2001 1689 2038 D.

1115 2050 1255 2091 Eorum
1279 2055 1421 2093 animos
1448 2052 1614 2108 Ιιιέῖηεῖ]
1644 2058 1719 2094 Eo-

1059 2120 1143 2147 rum
1165 2108 1331 2162 ingenia
1360 2109 1460 2149 fallis
1488 2118 1528 2148 et
1547 2109 1717 2160 decipis:

1057 2161 1135 2202 hoc
1153 2164 1209 2203 est
1225 2165 1333 2204 enim
1350 2162 1495 2214 laetare,
1518 2165 1619 2217 qu'afi
1630 2179 1719 2206 con-

1060 2216 1142 2259 suto
1163 2220 1402 2260 nutrimento
1416 2221 1608 2273 decipere.
1643 2225 1717 2264 Vel

1060 2277 1195 2325 iac'tas,
1222 2288 1294 2329 per
1311 2276 1558 2331 hypallagen,
1591 2278 1631 2317 id
1650 2280 1715 2329 est,

1063 2333 1105 2371 in
1140 2333 1383 2373 iaElationem
1421 2345 1459 2374 et
1499 2331 1716 2387 sup-erbifm

1063 2389 1192 2428 mittis.
1248 2392 1293 2430 E»

1114 2444 1194 2485 Pro·
1214 2444 1349 2485 laetans
1376 2446 1467 2499 lego
1491 2444 1627 2495 Ῐαέῖας,
1665 2458 1716 2487 at-

1063 2514 1140 2553 que
1159 2500 1354 2555 distinguo
1380 2503 1447 2540 ita:
1477 2505 1516 2541 in
1534 2502 1717 2554 fraudem

1060 2556 1164 2596 illicis
1184 2556 1436 2605 Sollicitando,
1457 2571 1492 2597 et
1511 2558 1717 2611 pollicitan-

1056 2614 1106 2653 do
1127 2628 1154 2653 e.
1176 2627 1208 2653 a.
1228 2614 1363 2654 saclas?
1392 2614 1522 2653 Postea
1532 2626 1584 2654 ne
1595 2613 1715 2655 efi'ent

1056 2668 1208 2709 litterae
1226 2666 1492 2722 superuacuae,
1517 2670 1636 2720 edidi,
1647 2670 1716 2723 fiz—

1054 2739 1130 2767 mm
1158 2725 1220 2770 es?
1272 2729 1314 2767 Β.
