1815 3168
317 175 415 224 452

696 157 854 203 ACT.
882 155 956 201 lV.
989 154 1179 201 SCEN.
1207 157 1300 202 VII.

455 286 685 336 Nimirum
719 281 945 331 consilium
979 281 1088 329 illud
1119 278 1341 328 reStum'ss
1378 281 1433 329 de
1455 281 1688 330 occluden-

560 361 623 408 dis
648 360 842 407 aedibus.

364 458 382 491 ι
397 455 422 502 ς
457 434 555 486 ΤΗ
569 450 618 482 Α.
653 440 776 487 Sane,
797 433 915 497 quod
937 433 1017 480 tibi
1042 449 1160 480 nunc
1181 433 1249 480 vir
1271 431 1468 480 videatur
1487 429 1584 487 effe,
1616 434 1690 480 hie

560 511 724 559 nebulo
747 526 931 570 magnus
956 508 1038 562 est3

458 593 535 638 Ne
556 598 738 635 metuas,
770 580 929 630 THR.
972 582 1079 647 quid
1108 581 1313 631 videtur?
1351 579 1465 630 GN.
1507 583 1691 630 fundam

559 663 640 710 tibi
659 678 777 708 nunc
793 662 922 707 nimis
937 659 1092 708 vellem
1107 658 1212 713 dari,
1630 664 1692 706 Vt

329 824 426 865 pore
452 805 665 861 praesenti:
697 805 906 846 Terentius
935 815 987 843 ta·

328 881 422 909 men
451 878 489 904 et
507 864 641 915 potuit,
670 873 708 901 et
728 861 863 900 debuit
882 872 987 911 prae-

330 924 443 964 terito
465 923 518 960 vti
539 930 725 970 tempore.
779 920 819 956 Z.

389 991 440 1031 14
475 977 665 1014 Nimirum
690 969 877 1021 confilium
897 969 991 1010 illud

331 1036 471 1078 rec‘tum
490 1031 553 1084 est]
584 1027 680 1068 Illud
698 1030 833 1067 redium
854 1027 919 1077 eft,
951 1036 992 1065 et

330 1104 436 1132 noua
454 1086 608 1131 locutio,
635 1094 673 1122 et
691 1080 878 1134 superiori
895 1081 994 1121 fimi-

335 1149 405 1194 lis,
433 1144 620 1184 Nimirum
642 1137 748 1179 dabit
777 1137 863 1178 haec
880 1136 993 1178 Thais

333 1201 429 1244 mihi
459 1210 631 1254 magnum
655 1195 789 1234 malum
809 1192 988 1248 (excidit,

333 1266 598 1300 N1M1RVM
625 1263 851 1292 REc'rvM
890 1262 992 1290 EST

333 1316 418 1365 Z.):
457 1325 547 1363 pro,
581 1308 663 1347 fine
698 1306 818 1347 dubio
847 1307 993 1346 rectum

334 1370 401 1411 est.
455 1370 509 1409 D.

395 1435 444 1476 15
480 1422 582 1470 Sane,
606 1419 707 1475 quod
725 1417 799 1459 tihi
819 1431 916 1458 nunc
932 1419 996 1457 vir

335 1481 512 1522 videatur
530 1477 603 1530 effe,
628 1477 687 1516 hic
705 1474 833 1515 nebulo
842 1487 996 1530 magnus

336 1537 405 1590 efl:
426 1550 469 1576 ne
478 1533 635 1587 metuas]
654 1531 995 1585 Figuratalocutio,

336 1605 377 1634 et
389 1603 584 1645 praeterea
605 1591 789 1636 ὑπέρβατον
800 1589 996 1626 intermix-

336 1662 430 1691 tum.
485 1652 585 1688 Nam
604 1646 665 1685 hic
686 1643 780 1684 ordo
800 1644 872 1693 est,
900 1643 997 1683 Sane

337 1707 397 1746 hic
415 1703 544 1745 nebulo
566 1702 624 1753 est,
659 1715 702 1740 ne
722 1713 873 1741 metuas.
927 1706 995 1741 An

337 1762 401 1802 hic
430 1762 504 1801 erit
533 1758 628 1798 ordo
649 1768 689 1796 et
706 1754 832 1797 sensus
849 1786 858 1804 ‚
895 1767 934 1795 vt
952 1754 995 1794 fit

338 1819 505 1865 dictum,
535 1815 598 1854 Ne
627 1827 795 1853 metuas:
810 1813 904 1864 sitne
930 1813 996 1865 qui

338 1874 411 1915 tibi
425 1875 490 1912 vir
507 1871 656 1910 videtur
674 1868 755 1921 ff,
782 1868 841 1907 hic
867 1866 994 1907 nebulo

338 1941 493 1984 magnus
526 1926 583 1976 est.
652 1927 702 1964 Et
735 1925 866 1963 reclei
904 1936 997 1962 nam

338 1985 556 2026 obtem-etur
580 1978 804 2021 adolescens
823 1989 862 2018 et
871 1989 998 2018 aetate

336 2041 487 2087 militis,
519 2037 624 2090 quod
651 2038 728 2076 iam
756 2036 813 2074 vir
842 2034 917 2074 est:
959 2045 998 2074 et

338 2095 617 2151 magnitudine
632 2124 641 2142 ‚
688 2091 794 2144 quod
832 2103 997 2144 magnus

340 2167 532 2206 corpore:
561 2161 662 2202 quae
682 2160 842 2206 vti-aque¹
860 2148 901 2185 in
928 2148 997 2186 illo

338 2225 439 2250 vana
458 2206 548 2256 effe,
566 2205 760 2251 meretrix,
782 2213 821 2243 vt
830 2214 999 2255 expena,

341 2265 566 2306 denunciat.
620 2259 765 2302 Nebulo
785 2271 924 2308 autem,
937 2259 999 2298 vel

342 2322 482 2369 inanis,
509 2320 570 2358 vel
597 2330 734 2365 vanus,
770 2326 835 2355 aut
858 2316 998 2364 mollis,

341 2389 383 2418 vt
401 2377 454 2417 est
471 2375 625 2423 nebula,
645 2373 781 2412 dicitur
791 2373 924 2424 (Forte
934 2385 999 2411 ex·

342 2433 447 2482 cidit,
472 2445 575 2472 SAN
588 2443 620 2480 Ε,
638 2429 686 2468 ad
707 2427 812 2480 quod
831 2425 999 2479 sequens

340 2490 538 2543 pertineat
583 2485 784 2527 Scholion.
823 2485 895 2536 Z).
951 2486 999 2524 Et

1035 815 1099 843 zur
1119 800 1193 855 effi’.
1224 812 1262 842 et
1287 801 1415 851 deest,
1443 803 1527 842 non*
1546 801 1617 854 est;
1654 812 1694 841 vt

1036 859 1100 905 fit,
1137 870 1218 897 non
1257 858 1311 897 est
1350 858 1456 910 quod
1487 857 1556 897 tibi
1587 870 1696 897 nune

1037 916 1095 954 vir
1124 914 1298 954 videatur
1328 911 1426 954 esse:
1470 913 1533 953 hic
1572 914 1696 955 nebu-

1040 972 1079 1009 lo
1117 984 1281 1024 magnus
1329 969 1394 1010 est.
1477 971 1541 1011 Sic
1582 981 1620 1011 et
1658 984 1698 1008 a·

1040 1026 1136 1075 libi,
1192 1026 1234 1064 Si
1284 1028 1325 1066 in
1368 1026 1492 1078 platea
1546 1025 1613 1066 hac
1662 1039 1701 1066 te

1038 1080 1216 1133 offendero
1254 1081 1338 1134 post
1370 1095 1530 1136 vnquam
1549 1113 1560 1133 ,
1605 1079 1705 1125 nihil

1041 1137 1144 1190 quod
1161 1137 1260 1177 dicas
1278 1136 1379 1186 mihi,
1406 1139 1532 1178 Alium
1552 1151 1703 1192 quaere·

1042 1193 1146 1232 bam:
1185 1196 1257 1232 iter
1292 1192 1360 1231 hac
1386 1193 1521 1233 habui:
1555 1193 1699 1247 pertfli.

1043 1252 1098 1290 Vt
1115 1247 1169 1298 fit,
1195 1252 1286 1290 Non
1297 1249 1362 1298 est,
1388 1249 1493 1301 quod
1512 1251 1615 1290 dicas
1632 1251 1702 1291 mi-

1042 1304 1094 1345 hi.
1150 1308 1201 1346 D.

1099 1358 1216 1415 Qod
1243 1359 1315 1400 tibi
1332 1373 1426 1400 nunc
1446 1362 1510 1400 vir
1529 1361 1704 1410 videatur

1045 1416 1109 1468 ‘ff'
1136 1417 1213 1467 hic,
1242 1415 1371 1456 nebulo
1391 1419 1566 1473 magnus]
1596 1414 1703 1458 Glos-v

1044 1472 1129 1512 sarii
1146 1474 1276 1513 auctor
1286 1473 1392 1513 hunc
1403 1474 1533 1513 locum
1545 1475 1585 1512 in
1595 1487 1707 1514 men-

1045 1541 1084 1569 te
1113 1529 1265 1569 habuit:
1303 1530 1371 1582 qui
1398 1529 1447 1570 fic
1478 1530 1706 1583 interpreta-

1044 1597 1127 1626 tur:
1157 1592 1319 1636 Μάταιος,
1346 1589 1477 1636 inanis,
1498 1586 1618 1639 castus,
1641 1600 1705 1625 va-

1044 1655 1121 1691 nus,
1148 1640 1289 1682 nebulo.
1347 1644 1554 1684 Terentius
1572 1646 1705 1683 Eunu-

1045 1697 1140 1739 cho:
1174 1699 1268 1738 Sane
1293 1699 1394 1751 quod
1420 1698 1493 1738 tibi
1519 1711 1614 1738 nunc
1642 1700 1707 1738 vir

1044 1755 1218 1795 videatur
1236 1755 1310 1808 effe,
1332 1754 1392 1794 hic
1412 1754 1539 1795 nebulo
1550 1768 1706 1810 magnus

1045 1810 1103 1864 est.
1160 1815 1201 1852 L.

1100 1870 1153 1907 Vt
1187 1864 1448 1918 perspicuitati
1478 1876 1516 1905 et
1544 1865 1709 1920 linguae

1045 1922 1198 1975 legibus
1234 1920 1471 1970 consulatur,
1511 1921 1587 1974 leg.
1617 1935 1706 1962 curn

1048 1978 1136 2017 edd.
1163 1988 1253 2019 vett.
1278 1989 1318 2017 et
1334 1982 1494 2019 Donato
1513 1977 1635 2025 Msto,
1663 1989 1706 2020 et

1046 2031 1112 2073 sex
1138 2033 1272 2073 nostris
1300 2032 1412 2073 codd.
1446 2035 1557 2083 Sane,
1585 2035 1653 2088 qui
1674 2047 1706 2076 t.

1046 2104 1082 2130 n.
1103 2103 1139 2129 v.
1160 2090 1310 2129 videtur
1328 2100 1400 2129 etc.
1458 2094 1500 2130 B.

1102 2149 1152 2188 16
1178 2145 1284 2200 ‚Qid
1300 2146 1506 2200 videtum]
1536 2147 1628 2186 Non
1648 2144 1707 2185 di·
1741 2188 1744 2189 ⁷

1047 2213 1153 2244 cet-et
1170 2202 1288 2249 miles,
1317 2201 1344 2241 fi
1361 2201 1474 2241 staret
1492 2203 1535 2241 in
1555 2198 1708 2242 senten-

1050 2259 1122 2298 tia:
1161 2257 1226 2299 sed
1258 2259 1336 2298 iam
1376 2257 1527 2298 videtur
1565 2258 1708 2298 timore

1048 2325 1227 2354 mutatus.
1278 2315 1390 2370 Qid
1402 2314 1600 2368 videtur-U
1624 2316 1708 2354 Du.

1047 2371 1198 2411 bitandi
1236 2371 1354 2422 (Edd.
1387 2381 1475 2410 vett.
1513 2370 1708 2412 Dubitan-

1048 2429 1146 2468 dum.
1201 2425 1268 2468 Ms.
1285 2430 1336 2467 H.
1365 2426 1594 2467 Dubitantis.
1623 2428 1706 2466 Ma-

1049 2484 1137 2534 lim,
1170 2482 1387 2533 Baianum,
1424 2497 1448 2522 a
1476 2496 1545 2536 quo
1570 2481 1708 2521 dic‘lum

338 2546 415 2586 hoc
443 2545 606 2591 εἰρωνικῶς
627 2541 769 2581 dictum
793 2539 858 2579 est.
916 2542 1000 2581 Me-
1039 2540 1111 2594 fit)
1146 2540 1200 2579 est
1219 2540 1327 2592 quod
1343 2539 1489 2579 dictum
1509 2538 1571 2586 fit,
1600 2537 1707 2592 ,Quid

339 2602 456 2643 retrix
468 2631 477 2649 ,
507 2598 639 2638 frustra
655 2607 900 2637 metuentem
920 2610 998 2636 cor·

337 2659 483 2710 ripiens
511 2655 769 2701 Chremetem,
805 2652 910 2699 Sane,
935 2653 993 2691 in-

336 2715 431 2770 quit,
462 2711 562 2767 quod
575 2708 647 2752 tibi
667 2723 763 2751 nunc
786 2711 845 2749 vir
865 2709 992 2750 videa-

1048 2597 1221 2640 videtur?
1258 2600 1345 2649 Ego
1377 2593 1469 2635 sane
1507 2594 1583 2633 hoc
1606 2594 1705 2633 mili-

1046 2664 1123 2695 tem
1144 2663 1236 2705 puto
1257 2652 1401 2704 dicere,
1437 2664 1553 2705 quem
1576 2646 1705 2712 pau-sa-

1629 2715 1701 2746 nm
