<?xml version="1.0" encoding="UTF-8"?>
<!DOCTYPE html PUBLIC "-//W3C//DTD XHTML 1.0 Transitional//EN"
    "http://www.w3.org/TR/xhtml1/DTD/xhtml1-transitional.dtd">
<html xmlns="http://www.w3.org/1999/xhtml" xml:lang="en" lang="en">
 <head>
  <title>
</title>
<meta http-equiv="Content-Type" content="text/html;charset=utf-8" />
  <meta name='ocr-system' content='tesseract 3.04.00' />
  <meta name='ocr-capabilities' content='ocr_page ocr_carea ocr_par ocr_line ocrx_word'/>
</head>
<body>
  <div class='ocr_page' id='page_1' title='image "./comoediaesexexre01tereuoft_0340.png"; bbox 0 0 1815 3168; ppageno 0'>
   <div class='ocr_carea' id='block_1_1' title="bbox 327 178 423 225">
    <p class='ocr_par' dir='ltr' id='par_1_1' title="bbox 327 178 423 225">
     <span class='ocr_line' id='line_1_1' title="bbox 327 178 423 225; baseline -0.01 0"><span class='ocrx_word' id='word_1_1' title='bbox 327 178 423 225; x_wconf 76' lang='lat'>244</span> 
     </span>
    </p>
   </div>
   <div class='ocr_carea' id='block_1_2' title="bbox 703 160 1293 208">
    <p class='ocr_par' dir='ltr' id='par_1_2' title="bbox 703 160 1293 208">
     <span class='ocr_line' id='line_1_2' title="bbox 703 160 1293 208; baseline -0.002 -1"><span class='ocrx_word' id='word_1_2' title='bbox 703 162 862 208; x_wconf 78' lang='lat' dir='ltr'><strong>ACT.</strong></span> <span class='ocrx_word' id='word_1_3' title='bbox 895 162 951 207; x_wconf 87' lang='lat' dir='ltr'>V.</span> <span class='ocrx_word' id='word_1_4' title='bbox 987 160 1182 207; x_wconf 89' lang='lat' dir='ltr'><strong>SCEN.</strong></span> <span class='ocrx_word' id='word_1_5' title='bbox 1219 162 1293 207; x_wconf 86' lang='lat' dir='ltr'>VI.</span> 
     </span>
    </p>
   </div>
   <div class='ocr_carea' id='block_1_3' title="bbox 460 285 1690 429">
    <p class='ocr_par' dir='ltr' id='par_1_3' title="bbox 460 285 1690 429">
     <span class='ocr_line' id='line_1_3' title="bbox 460 285 1690 352; baseline 0.003 -15"><span class='ocrx_word' id='word_1_6' title='bbox 460 285 539 337; x_wconf 76' lang='grc' dir='ltr'>ΡΑ</span> <span class='ocrx_word' id='word_1_7' title='bbox 552 301 606 336; x_wconf 86' lang='grc' dir='ltr'>Μ.</span> <span class='ocrx_word' id='word_1_8' title='bbox 645 290 862 338; x_wconf 85' lang='lat' dir='ltr'>Memini:</span> <span class='ocrx_word' id='word_1_9' title='bbox 897 299 1025 352; x_wconf 77' lang='lat' dir='ltr'>atque</span> <span class='ocrx_word' id='word_1_10' title='bbox 1046 286 1156 336; x_wconf 82' lang='lat' dir='ltr'>adeo</span> <span class='ocrx_word' id='word_1_11' title='bbox 1176 285 1427 351; x_wconf 82' lang='lat' dir='ltr'>longum&#39;st,</span> <span class='ocrx_word' id='word_1_12' title='bbox 1461 307 1542 339; x_wconf 88' lang='lat' dir='ltr'>nos</span> <span class='ocrx_word' id='word_1_13' title='bbox 1564 293 1690 342; x_wconf 87' lang='lat' dir='ltr'>illum</span> 
     </span>
     <span class='ocr_line' id='line_1_4' title="bbox 559 361 1100 429; baseline -0.004 -18"><span class='ocrx_word' id='word_1_14' title='bbox 559 361 814 429; x_wconf 64' lang='lat' dir='ltr'>exspeg’care,</span> <span class='ocrx_word' id='word_1_15' title='bbox 837 364 943 410; x_wconf 84' lang='lat' dir='ltr'>dum</span> <span class='ocrx_word' id='word_1_16' title='bbox 967 374 1100 410; x_wconf 82' lang='lat' dir='ltr'>exeat.</span> 
     </span>
    </p>
   </div>
   <div class='ocr_carea' id='block_1_4' title="bbox 467 438 1692 505">
    <p class='ocr_par' dir='ltr' id='par_1_4' title="bbox 467 438 1692 505">
     <span class='ocr_line' id='line_1_5' title="bbox 467 438 1692 505; baseline 0.002 -16"><span class='ocrx_word' id='word_1_17' title='bbox 467 444 657 505; x_wconf 87' lang='lat' dir='ltr'>Sequere</span> <span class='ocrx_word' id='word_1_18' title='bbox 690 440 769 487; x_wconf 86' lang='lat' dir='ltr'>hac</span> <span class='ocrx_word' id='word_1_19' title='bbox 806 455 878 486; x_wconf 89' lang='lat' dir='ltr'>me</span> <span class='ocrx_word' id='word_1_20' title='bbox 911 441 1028 485; x_wconf 86' lang='lat' dir='ltr'>intus</span> <span class='ocrx_word' id='word_1_21' title='bbox 1057 438 1112 485; x_wconf 84' lang='lat' dir='ltr'>ad</span> <span class='ocrx_word' id='word_1_22' title='bbox 1145 439 1405 504; x_wconf 87' lang='lat' dir='ltr'>Glycerium</span> <span class='ocrx_word' id='word_1_23' title='bbox 1447 459 1582 491; x_wconf 88' lang='lat' dir='ltr'>nunc.</span> <span class='ocrx_word' id='word_1_24' title='bbox 1628 455 1692 499; x_wconf 87' lang='lat' dir='ltr'>tu,</span> 
     </span>
    </p>
   </div>
   <div class='ocr_carea' id='block_1_5' title="bbox 562 514 1027 570">
    <p class='ocr_par' dir='ltr' id='par_1_5' title="bbox 562 514 1027 570">
     <span class='ocr_line' id='line_1_6' title="bbox 562 514 1027 570; baseline -0.006 -8"><span class='ocrx_word' id='word_1_25' title='bbox 562 520 701 570; x_wconf 83' lang='lat' dir='ltr'>Daue,</span> <span class='ocrx_word' id='word_1_26' title='bbox 731 514 800 561; x_wconf 79' lang='lat' dir='ltr'>abi</span> <span class='ocrx_word' id='word_1_27' title='bbox 822 514 1027 562; x_wconf 85' lang='lat' dir='ltr'>domum:</span> 
     </span>
    </p>
   </div>
   <div class='ocr_carea' id='block_1_6' title="bbox 381 587 1693 660">
    <p class='ocr_par' dir='ltr' id='par_1_6' title="bbox 381 587 1693 660">
     <span class='ocr_line' id='line_1_7' title="bbox 381 587 1693 660; baseline 0.002 -21"><span class='ocrx_word' id='word_1_28' title='bbox 381 608 437 657; x_wconf 83' lang='lat'>15</span> <span class='ocrx_word' id='word_1_29' title='bbox 464 596 669 656; x_wconf 69' lang='lat' dir='ltr'>Propera,</span> <span class='ocrx_word' id='word_1_30' title='bbox 713 587 866 636; x_wconf 76' lang='lat' dir='ltr'>arcesse</span> <span class='ocrx_word' id='word_1_31' title='bbox 887 627 901 644; x_wconf 87' lang='lat'><em>,</em></span> <span class='ocrx_word' id='word_1_32' title='bbox 957 591 1061 636; x_wconf 88' lang='lat' dir='ltr'>hinc</span> <span class='ocrx_word' id='word_1_33' title='bbox 1100 592 1177 654; x_wconf 88' lang='lat' dir='ltr'>qui</span> <span class='ocrx_word' id='word_1_34' title='bbox 1205 590 1405 641; x_wconf 78' lang='lat' dir='ltr'>auferant</span> <span class='ocrx_word' id='word_1_35' title='bbox 1437 608 1549 644; x_wconf 79' lang='lat' dir='ltr'>eam.</span> <span class='ocrx_word' id='word_1_36' title='bbox 1572 591 1693 660; x_wconf 64' lang='lat' dir='ltr'>&gt;quid</span> 
     </span>
    </p>
   </div>
   <div class='ocr_carea' id='block_1_7' title="bbox 566 665 678 712">
    <p class='ocr_par' dir='ltr' id='par_1_7' title="bbox 566 665 678 712">
     <span class='ocr_line' id='line_1_8' title="bbox 566 665 678 712; baseline -0.009 0"><span class='ocrx_word' id='word_1_37' title='bbox 566 665 644 712; x_wconf 69' lang='lat' dir='ltr'>stas</span> <span class='ocrx_word' id='word_1_38' title='bbox 657 669 678 711; x_wconf 71' lang='grc' dir='ltr'>’τ’</span> 
     </span>
    </p>
   </div>
   <div class='ocr_carea' id='block_1_8' title="bbox 721 661 1295 728">
    <p class='ocr_par' dir='ltr' id='par_1_8' title="bbox 721 661 1295 728">
     <span class='ocr_line' id='line_1_9' title="bbox 721 661 1295 728; baseline 0.003 -16"><span class='ocrx_word' id='word_1_39' title='bbox 721 666 828 728; x_wconf 85' lang='lat' dir='ltr'>quid</span> <span class='ocrx_word' id='word_1_40' title='bbox 849 661 1010 712; x_wconf 80' lang='lat' dir='ltr'>cessas?</span> <span class='ocrx_word' id='word_1_41' title='bbox 1052 662 1184 712; x_wconf 82' lang='lat' dir='ltr'><strong>DAv.</strong></span> <span class='ocrx_word' id='word_1_42' title='bbox 1220 683 1295 714; x_wconf 86' lang='lat' dir='ltr'>eo.</span> 
     </span>
    </p>
   </div>
   <div class='ocr_carea' id='block_1_9' title="bbox 468 738 1695 811">
    <p class='ocr_par' dir='ltr' id='par_1_9' title="bbox 468 738 1695 811">
     <span class='ocr_line' id='line_1_10' title="bbox 468 738 1695 811; baseline 0.004 -22"><span class='ocrx_word' id='word_1_43' title='bbox 468 747 543 792; x_wconf 88' lang='lat' dir='ltr'>Ne</span> <span class='ocrx_word' id='word_1_44' title='bbox 569 738 842 804; x_wconf 58' lang='lat' dir='ltr'>exspefftetis,</span> <span class='ocrx_word' id='word_1_45' title='bbox 875 740 983 789; x_wconf 86' lang='lat' dir='ltr'>dum</span> <span class='ocrx_word' id='word_1_46' title='bbox 1005 751 1157 789; x_wconf 80' lang='lat' dir='ltr'>exeant</span> <span class='ocrx_word' id='word_1_47' title='bbox 1183 742 1292 790; x_wconf 88' lang='lat' dir='ltr'>huc:</span> <span class='ocrx_word' id='word_1_48' title='bbox 1323 745 1441 792; x_wconf 80' lang='lat' dir='ltr'>intus</span> <span class='ocrx_word' id='word_1_49' title='bbox 1457 745 1695 811; x_wconf 81' lang='lat' dir='ltr'>desponde-</span> 
     </span>
    </p>
   </div>
   <div class='ocr_carea' id='block_1_10' title="bbox 565 816 704 865">
    <p class='ocr_par' dir='ltr' id='par_1_10' title="bbox 565 816 704 865">
     <span class='ocr_line' id='line_1_11' title="bbox 565 816 704 865; baseline 0.007 -1"><span class='ocrx_word' id='word_1_50' title='bbox 565 816 704 865; x_wconf 76' lang='lat' dir='ltr'>bitur:</span> 
     </span>
    </p>
   </div>
   <div class='ocr_carea' id='block_1_11' title="bbox 335 1034 996 1191">
    <p class='ocr_par' dir='ltr' id='par_1_11' title="bbox 335 1034 996 1191">
     <span class='ocr_line' id='line_1_12' title="bbox 393 1034 995 1094; baseline 0.005 -17"><span class='ocrx_word' id='word_1_51' title='bbox 393 1049 442 1093; x_wconf 84' lang='lat'>13</span> <span class='ocrx_word' id='word_1_52' title='bbox 472 1037 594 1090; x_wconf 80' lang='lat' dir='ltr'><em>Atque</em></span> <span class='ocrx_word' id='word_1_53' title='bbox 630 1034 720 1077; x_wconf 78' lang='lat' dir='ltr'>adeo</span> <span class='ocrx_word' id='word_1_54' title='bbox 758 1036 910 1094; x_wconf 78' lang='lat' dir='ltr'>longum</span> <span class='ocrx_word' id='word_1_55' title='bbox 947 1036 995 1092; x_wconf 81' lang='lat' dir='ltr'>est</span> 
     </span>
     <span class='ocr_line' id='line_1_13' title="bbox 335 1092 996 1148; baseline 0 -12"><span class='ocrx_word' id='word_1_56' title='bbox 335 1109 403 1136; x_wconf 61' lang='grc' dir='ltr'>νιος</span> <span class='ocrx_word' id='word_1_57' title='bbox 433 1093 533 1133; x_wconf 77' lang='lat' dir='ltr'>illum</span> <span class='ocrx_word' id='word_1_58' title='bbox 560 1092 681 1146; x_wconf 78' lang='lat' dir='ltr'>exspe</span> <span class='ocrx_word' id='word_1_59' title='bbox 674 1094 784 1148; x_wconf 73' lang='lat' dir='ltr'>tare]</span> <span class='ocrx_word' id='word_1_60' title='bbox 826 1097 931 1146; x_wconf 77' lang='lat' dir='ltr'>Quia</span> <span class='ocrx_word' id='word_1_61' title='bbox 955 1109 996 1136; x_wconf 87' lang='lat' dir='ltr'>et</span> 
     </span>
     <span class='ocr_line' id='line_1_14' title="bbox 336 1149 995 1191; baseline 0 0"><span class='ocrx_word' id='word_1_62' title='bbox 336 1151 514 1191; x_wconf 61' lang='lat' dir='ltr'>audanex·</span> <span class='ocrx_word' id='word_1_63' title='bbox 545 1160 585 1188; x_wconf 78' lang='lat' dir='ltr'>et</span> <span class='ocrx_word' id='word_1_64' title='bbox 604 1149 798 1189; x_wconf 74' lang='lat' dir='ltr'>artificiose</span> <span class='ocrx_word' id='word_1_65' title='bbox 825 1151 939 1191; x_wconf 84' lang='lat' dir='ltr'>binos</span> <span class='ocrx_word' id='word_1_66' title='bbox 960 1167 995 1191; x_wconf 79' lang='lat' dir='ltr'>a·</span> 
     </span>
    </p>
   </div>
   <div class='ocr_carea' id='block_1_12' title="bbox 335 1204 998 1763">
    <p class='ocr_par' dir='ltr' id='par_1_12' title="bbox 336 1204 995 1537">
     <span class='ocr_line' id='line_1_15' title="bbox 336 1204 992 1256; baseline -0.002 -8"><span class='ocrx_word' id='word_1_67' title='bbox 336 1219 464 1248; x_wconf 82' lang='lat' dir='ltr'>mores</span> <span class='ocrx_word' id='word_1_68' title='bbox 492 1204 657 1245; x_wconf 88' lang='lat' dir='ltr'>duorum</span> <span class='ocrx_word' id='word_1_69' title='bbox 677 1205 992 1256; x_wconf 74' lang='lat' dir='ltr'>adolescentium,</span> 
     </span>
     <span class='ocr_line' id='line_1_16' title="bbox 339 1262 993 1313; baseline 0.002 -11"><span class='ocrx_word' id='word_1_70' title='bbox 339 1275 378 1302; x_wconf 83' lang='lat' dir='ltr'>et</span> <span class='ocrx_word' id='word_1_71' title='bbox 395 1263 505 1302; x_wconf 87' lang='lat' dir='ltr'>binas</span> <span class='ocrx_word' id='word_1_72' title='bbox 524 1262 678 1313; x_wconf 81' lang='lat' dir='ltr'>nuptias</span> <span class='ocrx_word' id='word_1_73' title='bbox 700 1263 740 1301; x_wconf 87' lang='lat' dir='ltr'>in</span> <span class='ocrx_word' id='word_1_74' title='bbox 771 1276 845 1302; x_wconf 79' lang='lat' dir='ltr'>vna</span> <span class='ocrx_word' id='word_1_75' title='bbox 862 1263 993 1303; x_wconf 72' lang='lat' dir='ltr'>fabula</span> 
     </span>
     <span class='ocr_line' id='line_1_17' title="bbox 338 1317 993 1360; baseline 0.002 -2"><span class='ocrx_word' id='word_1_76' title='bbox 338 1318 576 1358; x_wconf 77' lang='lat' dir='ltr'>machinatus</span> <span class='ocrx_word' id='word_1_77' title='bbox 619 1317 695 1356; x_wconf 82' lang='lat' dir='ltr'>est:</span> <span class='ocrx_word' id='word_1_78' title='bbox 728 1329 769 1357; x_wconf 82' lang='lat' dir='ltr'>et</span> <span class='ocrx_word' id='word_1_79' title='bbox 809 1318 849 1358; x_wconf 73' lang='lat' dir='ltr'>id</span> <span class='ocrx_word' id='word_1_80' title='bbox 888 1331 993 1360; x_wconf 82' lang='lat' dir='ltr'>extra</span> 
     </span>
     <span class='ocr_line' id='line_1_18' title="bbox 336 1373 994 1428; baseline 0.005 -16"><span class='ocrx_word' id='word_1_81' title='bbox 336 1373 610 1428; x_wconf 83' lang='lat' dir='ltr'>praescriptum</span> <span class='ocrx_word' id='word_1_82' title='bbox 628 1374 863 1425; x_wconf 71' lang='lat' dir='ltr'>Menandri,</span> <span class='ocrx_word' id='word_1_83' title='bbox 889 1377 994 1416; x_wconf 85' lang='lat' dir='ltr'>cuius</span> 
     </span>
     <span class='ocr_line' id='line_1_19' title="bbox 337 1429 995 1474; baseline 0.003 -5"><span class='ocrx_word' id='word_1_84' title='bbox 337 1429 597 1474; x_wconf 82' lang='lat' dir='ltr'>Comoediam</span> <span class='ocrx_word' id='word_1_85' title='bbox 624 1429 898 1470; x_wconf 71' lang='lat' dir='ltr'>transferebat:</span> <span class='ocrx_word' id='word_1_86' title='bbox 936 1433 995 1471; x_wconf 77' lang='lat' dir='ltr'>id-</span> 
     </span>
     <span class='ocr_line' id='line_1_20' title="bbox 338 1484 995 1537; baseline 0 -10"><span class='ocrx_word' id='word_1_87' title='bbox 338 1489 439 1527; x_wconf 70' lang='lat' dir='ltr'>circo</span> <span class='ocrx_word' id='word_1_88' title='bbox 459 1484 593 1525; x_wconf 82' lang='lat' dir='ltr'>aliud</span> <span class='ocrx_word' id='word_1_89' title='bbox 581 1499 625 1524; x_wconf 85' lang='lat'>111</span> <span class='ocrx_word' id='word_1_90' title='bbox 644 1484 786 1537; x_wconf 76' lang='lat' dir='ltr'>przosce</span> <span class='ocrx_word' id='word_1_91' title='bbox 790 1488 861 1536; x_wconf 75' lang='lat' dir='ltr'>no,</span> <span class='ocrx_word' id='word_1_92' title='bbox 890 1487 995 1528; x_wconf 85' lang='lat' dir='ltr'>aliud</span> 
     </span>
    </p>

    <p class='ocr_par' dir='ltr' id='par_1_13' title="bbox 335 1539 996 1763">
     <span class='ocr_line' id='line_1_21' title="bbox 335 1539 996 1595; baseline 0.002 -13.051"><span class='ocrx_word' id='word_1_93' title='bbox 335 1542 421 1595; x_wconf 81' lang='lat' dir='ltr'>post</span> <span class='ocrx_word' id='word_1_94' title='bbox 454 1539 609 1582; x_wconf 80' lang='lat' dir='ltr'>scenam</span> <span class='ocrx_word' id='word_1_95' title='bbox 646 1543 800 1582; x_wconf 82' lang='lat' dir='ltr'>retulit:</span> <span class='ocrx_word' id='word_1_96' title='bbox 842 1555 896 1582; x_wconf 90' lang='lat' dir='ltr'>ne</span> <span class='ocrx_word' id='word_1_97' title='bbox 933 1545 996 1583; x_wconf 80' lang='lat' dir='ltr'>vel</span> 
     </span>
     <span class='ocr_line' id='line_1_22' title="bbox 335 1595 998 1650; baseline 0 -11"><span class='ocrx_word' id='word_1_98' title='bbox 335 1599 433 1639; x_wconf 82' lang='lat' dir='ltr'>iusto</span> <span class='ocrx_word' id='word_1_99' title='bbox 451 1597 609 1650; x_wconf 84' lang='lat' dir='ltr'>longior</span> <span class='ocrx_word' id='word_1_100' title='bbox 624 1595 744 1646; x_wconf 60' lang='lat' dir='ltr'>fiet-‚et</span> <span class='ocrx_word' id='word_1_101' title='bbox 769 1600 859 1638; x_wconf 75' lang='lat' dir='ltr'>vel</span> <span class='ocrx_word' id='word_1_102' title='bbox 849 1615 888 1638; x_wconf 83' lang='lat' dir='ltr'><strong>m</strong></span> <span class='ocrx_word' id='word_1_103' title='bbox 908 1612 998 1640; x_wconf 81' lang='lat' dir='ltr'>ean·</span> 
     </span>
     <span class='ocr_line' id='line_1_23' title="bbox 338 1654 996 1707; baseline 0.002 -12"><span class='ocrx_word' id='word_1_104' title='bbox 338 1656 432 1695; x_wconf 86' lang='lat' dir='ltr'>dem</span> <span class='ocrx_word' id='word_1_105' title='bbox 453 1663 613 1707; x_wconf 81' lang='lat' dir='ltr'>propter</span> <span class='ocrx_word' id='word_1_106' title='bbox 638 1666 768 1694; x_wconf 81' lang='lat' dir='ltr'>1e1um</span> <span class='ocrx_word' id='word_1_107' title='bbox 784 1654 996 1696; x_wconf 81' lang='lat' dir='ltr'>{imilitudi-</span> 
     </span>
     <span class='ocr_line' id='line_1_24' title="bbox 337 1714 804 1763; baseline -0.015 -9"><span class='ocrx_word' id='word_1_108' title='bbox 337 1724 436 1754; x_wconf 82' lang='lat' dir='ltr'>nem</span> <span class='ocrx_word' id='word_1_109' title='bbox 453 1720 698 1763; x_wconf 79' lang='lat' dir='ltr'>cogerentur.</span> <span class='ocrx_word' id='word_1_110' title='bbox 755 1714 804 1753; x_wconf 81' lang='lat' dir='ltr'>D,</span> 
     </span>
    </p>
   </div>
   <div class='ocr_carea' id='block_1_13' title="bbox 340 1820 1005 2722">
    <p class='ocr_par' dir='ltr' id='par_1_14' title="bbox 340 1820 1004 2716">
     <span class='ocr_line' id='line_1_25' title="bbox 395 1820 1000 1877; baseline 0.002 -15"><span class='ocrx_word' id='word_1_111' title='bbox 395 1836 451 1877; x_wconf 84' lang='lat'>14</span> <span class='ocrx_word' id='word_1_112' title='bbox 477 1821 635 1875; x_wconf 79' lang='lat' dir='ltr'>Sequere</span> <span class='ocrx_word' id='word_1_113' title='bbox 652 1820 719 1862; x_wconf 86' lang='lat' dir='ltr'>bac</span> <span class='ocrx_word' id='word_1_114' title='bbox 736 1837 790 1862; x_wconf 83' lang='lat' dir='ltr'>me</span> <span class='ocrx_word' id='word_1_115' title='bbox 801 1837 839 1863; x_wconf 71' lang='grc' dir='ltr'>ιι</span> <span class='ocrx_word' id='word_1_116' title='bbox 843 1837 923 1862; x_wconf 74' lang='lat' dir='ltr'>tus:</span> <span class='ocrx_word' id='word_1_117' title='bbox 950 1825 1000 1864; x_wconf 80' lang='lat' dir='ltr'>ad</span> 
     </span>
     <span class='ocr_line' id='line_1_26' title="bbox 346 1878 998 1944; baseline -0.002 -23"><span class='ocrx_word' id='word_1_118' title='bbox 346 1879 578 1944; x_wconf 81' lang='lat' dir='ltr'><em>Glycerium]</em></span> <span class='ocrx_word' id='word_1_119' title='bbox 628 1881 708 1917; x_wconf 81' lang='lat' dir='ltr'>Iam</span> <span class='ocrx_word' id='word_1_120' title='bbox 735 1880 816 1942; x_wconf 77' lang='lat' dir='ltr'>post</span> <span class='ocrx_word' id='word_1_121' title='bbox 844 1878 998 1920; x_wconf 81' lang='lat' dir='ltr'>scenam</span> 
     </span>
     <span class='ocr_line' id='line_1_27' title="bbox 343 1934 997 1987; baseline -0.003 -11"><span class='ocrx_word' id='word_1_122' title='bbox 343 1938 438 1978; x_wconf 78' lang='lat' dir='ltr'>itur:</span> <span class='ocrx_word' id='word_1_123' title='bbox 475 1934 565 1987; x_wconf 78' lang='lat' dir='ltr'>quia</span> <span class='ocrx_word' id='word_1_124' title='bbox 591 1934 746 1973; x_wconf 75' lang='lat' dir='ltr'>vltelius</span> <span class='ocrx_word' id='word_1_125' title='bbox 776 1936 818 1973; x_wconf 86' lang='lat' dir='ltr'>in</span> <span class='ocrx_word' id='word_1_126' title='bbox 847 1935 997 1985; x_wconf 86' lang='lat' dir='ltr'>prosce-</span> 
     </span>
     <span class='ocr_line' id='line_1_28' title="bbox 340 1989 999 2042; baseline -0.008 -9"><span class='ocrx_word' id='word_1_127' title='bbox 340 1993 409 2033; x_wconf 84' lang='lat' dir='ltr'>nio</span> <span class='ocrx_word' id='word_1_128' title='bbox 431 1989 552 2030; x_wconf 85' lang='lat' dir='ltr'>nihil</span> <span class='ocrx_word' id='word_1_129' title='bbox 543 1991 679 2042; x_wconf 80' lang='lat' dir='ltr'>agitur.</span> <span class='ocrx_word' id='word_1_130' title='bbox 740 1990 915 2029; x_wconf 70' lang='lat' dir='ltr'>Tanue</span> <span class='ocrx_word' id='word_1_131' title='bbox 934 1991 999 2030; x_wconf 77' lang='lat' dir='ltr'>abi</span> 
     </span>
     <span class='ocr_line' id='line_1_29' title="bbox 343 2042 998 2100; baseline -0.003 -12"><span class='ocrx_word' id='word_1_132' title='bbox 343 2046 526 2100; x_wconf 78' lang='lat' dir='ltr'><em>Domum]</em></span> <span class='ocrx_word' id='word_1_133' title='bbox 559 2046 614 2085; x_wconf 88' lang='lat' dir='ltr'>Hi</span> <span class='ocrx_word' id='word_1_134' title='bbox 637 2042 786 2095; x_wconf 85' lang='lat' dir='ltr'>versus,</span> <span class='ocrx_word' id='word_1_135' title='bbox 815 2044 930 2098; x_wconf 82' lang='lat' dir='ltr'>vsque</span> <span class='ocrx_word' id='word_1_136' title='bbox 949 2047 998 2086; x_wconf 86' lang='lat' dir='ltr'>ad</span> 
     </span>
     <span class='ocr_line' id='line_1_30' title="bbox 342 2100 999 2152; baseline -0.003 -8"><span class='ocrx_word' id='word_1_137' title='bbox 342 2105 472 2152; x_wconf 83' lang='lat' dir='ltr'>illum,</span> <span class='ocrx_word' id='word_1_138' title='bbox 498 2102 670 2141; x_wconf 79' lang='lat' dir='ltr'><em>Gnatam</em></span> <span class='ocrx_word' id='word_1_139' title='bbox 690 2100 759 2140; x_wconf 76' lang='lat' dir='ltr'>tibi</span> <span class='ocrx_word' id='word_1_140' title='bbox 780 2116 894 2141; x_wconf 82' lang='lat' dir='ltr'>meam</span> <span class='ocrx_word' id='word_1_141' title='bbox 913 2103 999 2142; x_wconf 87' lang='lat' dir='ltr'><em>Phi-</em></span> 
     </span>
     <span class='ocr_line' id='line_1_31' title="bbox 343 2161 1000 2211; baseline -0.003 -11"><span class='ocrx_word' id='word_1_142' title='bbox 343 2161 524 2201; x_wconf 82' lang='lat' dir='ltr'>lmnenam</span> <span class='ocrx_word' id='word_1_143' title='bbox 539 2171 705 2205; x_wconf 82' lang='lat' dir='ltr'>vxorem,</span> <span class='ocrx_word' id='word_1_144' title='bbox 719 2169 913 2211; x_wconf 80' lang='lat' dir='ltr'>negantur</span> <span class='ocrx_word' id='word_1_145' title='bbox 921 2162 1000 2198; x_wconf 84' lang='lat' dir='ltr'>Te·</span> 
     </span>
     <span class='ocr_line' id='line_1_32' title="bbox 346 2212 1002 2267; baseline -0.005 -11"><span class='ocrx_word' id='word_1_146' title='bbox 346 2217 463 2256; x_wconf 83' lang='lat' dir='ltr'>rentii</span> <span class='ocrx_word' id='word_1_147' title='bbox 489 2212 588 2254; x_wconf 80' lang='lat' dir='ltr'>ess&#39;e:</span> <span class='ocrx_word' id='word_1_148' title='bbox 618 2213 717 2252; x_wconf 88' lang='lat' dir='ltr'>adeo</span> <span class='ocrx_word' id='word_1_149' title='bbox 747 2224 788 2253; x_wconf 84' lang='lat' dir='ltr'>vt</span> <span class='ocrx_word' id='word_1_150' title='bbox 812 2214 854 2254; x_wconf 83' lang='lat' dir='ltr'>in</span> <span class='ocrx_word' id='word_1_151' title='bbox 882 2216 1002 2267; x_wconf 85' lang='lat' dir='ltr'>pluri-</span> 
     </span>
     <span class='ocr_line' id='line_1_33' title="bbox 344 2269 1001 2321; baseline -0.003 -9"><span class='ocrx_word' id='word_1_152' title='bbox 344 2273 414 2312; x_wconf 90' lang='lat' dir='ltr'>bus</span> <span class='ocrx_word' id='word_1_153' title='bbox 450 2269 736 2321; x_wconf 82' lang='lat' dir='ltr'>exemplaribus</span> <span class='ocrx_word' id='word_1_154' title='bbox 762 2269 881 2312; x_wconf 74' lang='lat' dir='ltr'>bonis</span> <span class='ocrx_word' id='word_1_155' title='bbox 916 2285 1001 2310; x_wconf 90' lang='lat' dir='ltr'>non</span> 
     </span>
     <span class='ocr_line' id='line_1_34' title="bbox 348 2322 1003 2377; baseline -0.003 -9"><span class='ocrx_word' id='word_1_156' title='bbox 348 2327 562 2368; x_wconf 84' lang='lat' dir='ltr'>inferantur</span> <span class='ocrx_word' id='word_1_157' title='bbox 573 2322 662 2377; x_wconf 88' lang='lat' dir='ltr'>(Ms.</span> <span class='ocrx_word' id='word_1_158' title='bbox 681 2325 1003 2392; x_wconf 72' lang='lat' dir='ltr'>Hulst.fl‘rantur.</span> 
     </span>
     <span class='ocr_line' id='line_1_35' title="bbox 348 2380 1003 2430; baseline -0.003 -6"><span class='ocrx_word' id='word_1_159' title='bbox 348 2385 504 2430; x_wconf 68' lang='lat' dir='ltr'>refflus3</span> <span class='ocrx_word' id='word_1_160' title='bbox 533 2380 736 2427; x_wconf 82' lang='lat' dir='ltr'>nifimalis‚</span> <span class='ocrx_word' id='word_1_161' title='bbox 747 2385 1003 2423; x_wconf 73' lang='lat' dir='ltr'>inueniantur.</span> 
     </span>
     <span class='ocr_line' id='line_1_36' title="bbox 346 2438 1004 2492; baseline -0.002 -13"><span class='ocrx_word' id='word_1_162' title='bbox 346 2441 411 2479; x_wconf 81' lang='lat' dir='ltr'>W·</span> <span class='ocrx_word' id='word_1_163' title='bbox 402 2441 494 2478; x_wconf 69' lang='lat' dir='ltr'>xeiin</span> <span class='ocrx_word' id='word_1_164' title='bbox 501 2452 583 2492; x_wconf 74' lang='lat' dir='ltr'>gxus</span> <span class='ocrx_word' id='word_1_165' title='bbox 591 2438 751 2485; x_wconf 80' lang='lat' dir='ltr'>mauult,</span> <span class='ocrx_word' id='word_1_166' title='bbox 782 2439 879 2490; x_wconf 80' lang='lat' dir='ltr'>inser</span> <span class='ocrx_word' id='word_1_167' title='bbox 882 2453 1004 2479; x_wconf 80' lang='lat' dir='ltr'>antur</span> 
     </span>
     <span class='ocr_line' id='line_1_37' title="bbox 347 2491 1002 2545; baseline 0 -11"><span class='ocrx_word' id='word_1_168' title='bbox 347 2497 453 2538; x_wconf 82' lang='lat' dir='ltr'>Citat</span> <span class='ocrx_word' id='word_1_169' title='bbox 471 2495 544 2534; x_wconf 86' lang='lat' dir='ltr'>hos</span> <span class='ocrx_word' id='word_1_170' title='bbox 562 2491 686 2532; x_wconf 83' lang='lat' dir='ltr'>versus</span> <span class='ocrx_word' id='word_1_171' title='bbox 716 2491 1002 2545; x_wconf 78' lang='lat' dir='ltr'>septemdecim,</span> 
     </span>
     <span class='ocr_line' id='line_1_38' title="bbox 347 2550 1004 2604; baseline 0 -14"><span class='ocrx_word' id='word_1_172' title='bbox 347 2565 445 2604; x_wconf 89' lang='lat' dir='ltr'>quos</span> <span class='ocrx_word' id='word_1_173' title='bbox 480 2555 656 2592; x_wconf 84' lang='lat' dir='ltr'>Donatus</span> <span class='ocrx_word' id='word_1_174' title='bbox 691 2560 730 2588; x_wconf 85' lang='lat' dir='ltr'>et</span> <span class='ocrx_word' id='word_1_175' title='bbox 762 2550 1004 2604; x_wconf 78' lang='lat' dir='ltr'>Eugraphius</span> 
     </span>
     <span class='ocr_line' id='line_1_39' title="bbox 347 2605 1005 2660; baseline -0.003 -13"><span class='ocrx_word' id='word_1_176' title='bbox 347 2609 450 2647; x_wconf 65' lang='lat' dir='ltr'>reae</span> <span class='ocrx_word' id='word_1_177' title='bbox 480 2605 517 2658; x_wconf 87' lang='lat' dir='ltr'>sp</span> <span class='ocrx_word' id='word_1_178' title='bbox 521 2606 624 2644; x_wconf 79' lang='lat' dir='ltr'>mios</span> <span class='ocrx_word' id='word_1_179' title='bbox 649 2605 843 2653; x_wconf 83' lang='lat' dir='ltr'>iudicant,</span> <span class='ocrx_word' id='word_1_180' title='bbox 873 2610 1005 2660; x_wconf 87' lang='lat' dir='ltr'>Guye-</span> 
     </span>
     <span class='ocr_line' id='line_1_40' title="bbox 348 2622 1003 2722; baseline 0 -19"><span class='ocrx_word' id='word_1_181' title='bbox 348 2675 408 2704; x_wconf 77' lang='lat' dir='ltr'>tus</span> <span class='ocrx_word' id='word_1_182' title='bbox 428 2676 451 2703; x_wconf 91' lang='lat' dir='ltr'>e</span> <span class='ocrx_word' id='word_1_183' title='bbox 470 2622 699 2716; x_wconf 65' lang='lat' dir='ltr'>qtptibusdam</span> <span class='ocrx_word' id='word_1_184' title='bbox 719 2661 829 2702; x_wconf 84' lang='lat' dir='ltr'>codd.</span> <span class='ocrx_word' id='word_1_185' title='bbox 846 2676 941 2722; x_wconf 86' lang='lat' dir='ltr'>quos</span> <span class='ocrx_word' id='word_1_186' title='bbox 952 2664 1003 2703; x_wconf 79' lang='lat' dir='ltr'>vi·</span> 
     </span>
    </p>
   </div>
   <div class='ocr_carea' id='block_1_14' title="bbox 1566 901 1694 945">
    <p class='ocr_par' dir='ltr' id='par_1_15' title="bbox 1566 901 1694 945">
     <span class='ocr_line' id='line_1_41' title="bbox 1566 901 1694 945; baseline 0 -1"><span class='ocrx_word' id='word_1_187' title='bbox 1566 901 1694 945; x_wconf 81' lang='lat' dir='ltr'>Intus</span> 
     </span>
    </p>
   </div>
   <div class='ocr_carea' id='block_1_15' title="bbox 1040 1039 1709 2597">
    <p class='ocr_par' dir='ltr' id='par_1_16' title="bbox 1040 1039 1700 1427">
     <span class='ocr_line' id='line_1_42' title="bbox 1042 1039 1695 1092; baseline -0.003 -11"><span class='ocrx_word' id='word_1_188' title='bbox 1042 1039 1111 1081; x_wconf 81' lang='lat' dir='ltr'>dit.</span> <span class='ocrx_word' id='word_1_189' title='bbox 1164 1043 1208 1081; x_wconf 85' lang='lat' dir='ltr'>In</span> <span class='ocrx_word' id='word_1_190' title='bbox 1243 1040 1378 1081; x_wconf 82' lang='lat' dir='ltr'>decem</span> <span class='ocrx_word' id='word_1_191' title='bbox 1412 1040 1524 1081; x_wconf 78' lang='lat' dir='ltr'>codd.</span> <span class='ocrx_word' id='word_1_192' title='bbox 1558 1041 1695 1092; x_wconf 82' lang='lat' dir='ltr'>quibus</span> 
     </span>
     <span class='ocr_line' id='line_1_43' title="bbox 1042 1095 1698 1145; baseline 0 -9"><span class='ocrx_word' id='word_1_193' title='bbox 1042 1095 1123 1137; x_wconf 85' lang='lat' dir='ltr'>sum</span> <span class='ocrx_word' id='word_1_194' title='bbox 1142 1095 1238 1145; x_wconf 79' lang='lat' dir='ltr'>vsuS‚</span> <span class='ocrx_word' id='word_1_195' title='bbox 1259 1110 1326 1137; x_wconf 83' lang='lat' dir='ltr'>eos</span> <span class='ocrx_word' id='word_1_196' title='bbox 1346 1111 1426 1136; x_wconf 90' lang='lat' dir='ltr'>non</span> <span class='ocrx_word' id='word_1_197' title='bbox 1447 1099 1598 1137; x_wconf 88' lang='lat' dir='ltr'>inueni.</span> <span class='ocrx_word' id='word_1_198' title='bbox 1648 1100 1698 1136; x_wconf 74' lang='lat' dir='ltr'>Vt</span> 
     </span>
     <span class='ocr_line' id='line_1_44' title="bbox 1042 1153 1697 1206; baseline -0.002 -15"><span class='ocrx_word' id='word_1_199' title='bbox 1042 1162 1171 1191; x_wconf 85' lang='lat' dir='ltr'>autem</span> <span class='ocrx_word' id='word_1_200' title='bbox 1183 1153 1300 1191; x_wconf 60' lang='lat' dir='ltr'>lenm·</span> <span class='ocrx_word' id='word_1_201' title='bbox 1318 1166 1397 1192; x_wconf 85' lang='lat' dir='ltr'>non</span> <span class='ocrx_word' id='word_1_202' title='bbox 1409 1154 1574 1206; x_wconf 85' lang='lat' dir='ltr'>ignoret,</span> <span class='ocrx_word' id='word_1_203' title='bbox 1602 1153 1697 1205; x_wconf 85' lang='lat' dir='ltr'>qnid</span> 
     </span>
     <span class='ocr_line' id='line_1_45' title="bbox 1042 1207 1700 1248; baseline -0.002 -1"><span class='ocrx_word' id='word_1_204' title='bbox 1042 1207 1111 1247; x_wconf 82' lang='lat' dir='ltr'>iste</span> <span class='ocrx_word' id='word_1_205' title='bbox 1133 1209 1260 1246; x_wconf 61' lang='lat' dir='ltr'>auelor</span> <span class='ocrx_word' id='word_1_206' title='bbox 1278 1208 1329 1247; x_wconf 83' lang='lat' dir='ltr'>de</span> <span class='ocrx_word' id='word_1_207' title='bbox 1357 1208 1512 1248; x_wconf 81' lang='lat' dir='ltr'>Charini</span> <span class='ocrx_word' id='word_1_208' title='bbox 1540 1207 1700 1248; x_wconf 71' lang='lat' dir='ltr'>somnia-</span> 
     </span>
     <span class='ocr_line' id='line_1_46' title="bbox 1040 1264 1702 1316; baseline 0.003 -14"><span class='ocrx_word' id='word_1_209' title='bbox 1040 1265 1142 1303; x_wconf 76' lang='lat' dir='ltr'>uerit</span> <span class='ocrx_word' id='word_1_210' title='bbox 1173 1264 1336 1315; x_wconf 64' lang='lat' dir='ltr'>nuptii=5‚</span> <span class='ocrx_word' id='word_1_211' title='bbox 1368 1277 1418 1302; x_wconf 78' lang='lat' dir='ltr'>ex</span> <span class='ocrx_word' id='word_1_212' title='bbox 1435 1266 1589 1316; x_wconf 79' lang='lat' dir='ltr'>Guyeto</span> <span class='ocrx_word' id='word_1_213' title='bbox 1620 1278 1702 1304; x_wconf 61' lang='lat' dir='ltr'>vez-</span> 
     </span>
     <span class='ocr_line' id='line_1_47' title="bbox 1041 1317 1697 1360; baseline 0.002 -1"><span class='ocrx_word' id='word_1_214' title='bbox 1041 1317 1099 1359; x_wconf 84' lang='lat' dir='ltr'>sus</span> <span class='ocrx_word' id='word_1_215' title='bbox 1133 1318 1222 1359; x_wconf 81' lang='lat' dir='ltr'>istos</span> <span class='ocrx_word' id='word_1_216' title='bbox 1260 1318 1363 1358; x_wconf 79' lang='lat' dir='ltr'>infia</span> <span class='ocrx_word' id='word_1_217' title='bbox 1394 1318 1607 1360; x_wconf 65' lang='lat' dir='ltr'>adm-ibere</span> <span class='ocrx_word' id='word_1_218' title='bbox 1644 1321 1697 1360; x_wconf 89' lang='lat' dir='ltr'>lu-</span> 
     </span>
     <span class='ocr_line' id='line_1_48' title="bbox 1043 1375 1251 1427; baseline 0.01 -13"><span class='ocrx_word' id='word_1_219' title='bbox 1043 1375 1144 1427; x_wconf 82' lang='lat' dir='ltr'>bet).</span> <span class='ocrx_word' id='word_1_220' title='bbox 1200 1377 1251 1416; x_wconf 93' lang='lat' dir='ltr'>D.</span> 
     </span>
    </p>

    <p class='ocr_par' dir='ltr' id='par_1_17' title="bbox 1043 1430 1705 1821">
     <span class='ocr_line' id='line_1_49' title="bbox 1098 1430 1697 1487; baseline 0.005 -17"><span class='ocrx_word' id='word_1_221' title='bbox 1098 1430 1172 1472; x_wconf 73' lang='lat' dir='ltr'>Abi</span> <span class='ocrx_word' id='word_1_222' title='bbox 1200 1432 1368 1471; x_wconf 83' lang='lat' dir='ltr'>domum:</span> <span class='ocrx_word' id='word_1_223' title='bbox 1402 1433 1581 1487; x_wconf 79' lang='lat' dir='ltr'>propera]</span> <span class='ocrx_word' id='word_1_224' title='bbox 1621 1430 1697 1477; x_wconf 85' lang='lat' dir='ltr'>Ms.</span> 
     </span>
     <span class='ocr_line' id='line_1_50' title="bbox 1044 1489 1703 1541; baseline -0.003 -12"><span class='ocrx_word' id='word_1_225' title='bbox 1044 1492 1088 1529; x_wconf 90' lang='lat' dir='ltr'>R.</span> <span class='ocrx_word' id='word_1_226' title='bbox 1118 1489 1180 1527; x_wconf 77' lang='lat' dir='ltr'>abi</span> <span class='ocrx_word' id='word_1_227' title='bbox 1197 1489 1347 1528; x_wconf 85' lang='lat' dir='ltr'><em>domum</em></span> <span class='ocrx_word' id='word_1_228' title='bbox 1361 1498 1529 1541; x_wconf 77' lang='lat' dir='ltr'>propere.</span> <span class='ocrx_word' id='word_1_229' title='bbox 1559 1492 1614 1530; x_wconf 87' lang='lat' dir='ltr'>Vt</span> <span class='ocrx_word' id='word_1_230' title='bbox 1625 1492 1703 1529; x_wconf 86' lang='lat' dir='ltr'>He-</span> 
     </span>
     <span class='ocr_line' id='line_1_51' title="bbox 1045 1544 1703 1585; baseline -0.002 -1"><span class='ocrx_word' id='word_1_231' title='bbox 1045 1555 1191 1584; x_wconf 82' lang='lat' dir='ltr'>autent.</span> <span class='ocrx_word' id='word_1_232' title='bbox 1208 1545 1293 1585; x_wconf 66' lang='lat' dir='ltr'>Aet.</span> <span class='ocrx_word' id='word_1_233' title='bbox 1322 1556 1361 1585; x_wconf 88' lang='lat'>2.</span> <span class='ocrx_word' id='word_1_234' title='bbox 1396 1546 1510 1583; x_wconf 80' lang='lat' dir='ltr'>Scen.</span> <span class='ocrx_word' id='word_1_235' title='bbox 1534 1557 1573 1585; x_wconf 86' lang='lat'>2.</span> <span class='ocrx_word' id='word_1_236' title='bbox 1627 1544 1703 1584; x_wconf 76' lang='lat' dir='ltr'>Abi</span> 
     </span>
     <span class='ocr_line' id='line_1_52' title="bbox 1045 1599 1703 1654; baseline 0.002 -15"><span class='ocrx_word' id='word_1_237' title='bbox 1045 1599 1193 1640; x_wconf 85' lang='lat' dir='ltr'><em>obuiam</em></span> <span class='ocrx_word' id='word_1_238' title='bbox 1207 1611 1374 1654; x_wconf 81' lang='lat' dir='ltr'>propere.</span> <span class='ocrx_word' id='word_1_239' title='bbox 1398 1610 1439 1638; x_wconf 87' lang='lat' dir='ltr'>et</span> <span class='ocrx_word' id='word_1_240' title='bbox 1456 1603 1608 1640; x_wconf 84' lang='lat' dir='ltr'>traduce</span> <span class='ocrx_word' id='word_1_241' title='bbox 1632 1600 1703 1640; x_wconf 80' lang='lat' dir='ltr'>huc</span> 
     </span>
     <span class='ocr_line' id='line_1_53' title="bbox 1043 1656 1702 1709; baseline 0.002 -14"><span class='ocrx_word' id='word_1_242' title='bbox 1043 1656 1094 1695; x_wconf 80' lang='lat' dir='ltr'>ad</span> <span class='ocrx_word' id='word_1_243' title='bbox 1107 1670 1174 1696; x_wconf 82' lang='lat' dir='ltr'>nos</span> <span class='ocrx_word' id='word_1_244' title='bbox 1197 1668 1365 1709; x_wconf 77' lang='lat' dir='ltr'>propere.</span> <span class='ocrx_word' id='word_1_245' title='bbox 1394 1658 1535 1709; x_wconf 86' lang='lat' dir='ltr'>Hecyr.</span> <span class='ocrx_word' id='word_1_246' title='bbox 1555 1659 1639 1697; x_wconf 67' lang='lat' dir='ltr'>Aet.</span> <span class='ocrx_word' id='word_1_247' title='bbox 1662 1669 1702 1709; x_wconf 80' lang='grc' dir='ltr'>ς.</span> 
     </span>
     <span class='ocr_line' id='line_1_54' title="bbox 1043 1713 1705 1766; baseline 0 -14"><span class='ocrx_word' id='word_1_248' title='bbox 1043 1714 1158 1753; x_wconf 81' lang='lat' dir='ltr'>Seen.</span> <span class='ocrx_word' id='word_1_249' title='bbox 1190 1726 1227 1766; x_wconf 80' lang='lat'>3.</span> <span class='ocrx_word' id='word_1_250' title='bbox 1252 1725 1319 1754; x_wconf 49' lang='grc' dir='ltr'>10.Ἰ</span> <span class='ocrx_word' id='word_1_251' title='bbox 1340 1723 1499 1765; x_wconf 84' lang='lat' dir='ltr'>propere</span> <span class='ocrx_word' id='word_1_252' title='bbox 1527 1727 1631 1753; x_wconf 76' lang='lat' dir='ltr'>curre</span> <span class='ocrx_word' id='word_1_253' title='bbox 1655 1713 1705 1752; x_wconf 73' lang='lat' dir='ltr'>ad</span> 
     </span>
     <span class='ocr_line' id='line_1_55' title="bbox 1045 1768 1387 1821; baseline 0 -13"><span class='ocrx_word' id='word_1_254' title='bbox 1045 1768 1291 1821; x_wconf 82' lang='lat' dir='ltr'>Pamphilum.</span> <span class='ocrx_word' id='word_1_255' title='bbox 1346 1772 1387 1810; x_wconf 90' lang='lat' dir='ltr'>L.</span> 
     </span>
    </p>

    <p class='ocr_par' dir='ltr' id='par_1_18' title="bbox 1045 1824 1705 2208">
     <span class='ocr_line' id='line_1_56' title="bbox 1112 1824 1704 1874; baseline -0.003 -9"><span class='ocrx_word' id='word_1_256' title='bbox 1112 1824 1320 1865; x_wconf 85' lang='lat' dir='ltr'>Bembinus</span> <span class='ocrx_word' id='word_1_257' title='bbox 1366 1824 1452 1864; x_wconf 84' lang='lat' dir='ltr'>cod.</span> <span class='ocrx_word' id='word_1_258' title='bbox 1488 1825 1542 1864; x_wconf 85' lang='lat' dir='ltr'>ad</span> <span class='ocrx_word' id='word_1_259' title='bbox 1577 1824 1704 1874; x_wconf 65' lang='lat' dir='ltr'>Glyce-</span> 
     </span>
     <span class='ocr_line' id='line_1_57' title="bbox 1046 1880 1702 1931; baseline -0.003 -11"><span class='ocrx_word' id='word_1_260' title='bbox 1046 1883 1144 1920; x_wconf 68' lang='lat' dir='ltr'>rium</span> <span class='ocrx_word' id='word_1_261' title='bbox 1154 1895 1169 1922; x_wconf 75' lang='lat'>,⁴</span> <span class='ocrx_word' id='word_1_262' title='bbox 1190 1882 1368 1918; x_wconf 73' lang='lat' dir='ltr'>Donatus</span> <span class='ocrx_word' id='word_1_263' title='bbox 1390 1880 1491 1931; x_wconf 81' lang='lat' dir='ltr'>apud</span> <span class='ocrx_word' id='word_1_264' title='bbox 1503 1883 1702 1928; x_wconf 69' lang='lat' dir='ltr'>Faewum,</span> 
     </span>
     <span class='ocr_line' id='line_1_58' title="bbox 1045 1934 1704 1988; baseline -0.002 -13"><span class='ocrx_word' id='word_1_265' title='bbox 1045 1937 1144 1988; x_wconf 78' lang='lat' dir='ltr'>apud</span> <span class='ocrx_word' id='word_1_266' title='bbox 1162 1935 1382 1984; x_wconf 78' lang='lat' dir='ltr'>Glycerium.</span> <span class='ocrx_word' id='word_1_267' title='bbox 1415 1938 1451 1974; x_wconf 94' lang='lat' dir='ltr'>N</span> <span class='ocrx_word' id='word_1_268' title='bbox 1456 1934 1539 1973; x_wconf 81' lang='lat' dir='ltr'>ostri</span> <span class='ocrx_word' id='word_1_269' title='bbox 1553 1949 1704 1983; x_wconf 71' lang='lat' dir='ltr'>omneS,</span> 
     </span>
     <span class='ocr_line' id='line_1_59' title="bbox 1045 1988 1705 2042; baseline 0 -12"><span class='ocrx_word' id='word_1_270' title='bbox 1045 2004 1139 2030; x_wconf 81' lang='lat' dir='ltr'>nunc</span> <span class='ocrx_word' id='word_1_271' title='bbox 1159 1990 1226 2042; x_wconf 81' lang='lat' dir='ltr'>est,</span> <span class='ocrx_word' id='word_1_272' title='bbox 1259 1989 1365 2041; x_wconf 84' lang='lat' dir='ltr'>quod</span> <span class='ocrx_word' id='word_1_273' title='bbox 1387 1988 1511 2028; x_wconf 84' lang='lat' dir='ltr'>versus</span> <span class='ocrx_word' id='word_1_274' title='bbox 1538 1989 1620 2042; x_wconf 86' lang='lat' dir='ltr'>ipse</span> <span class='ocrx_word' id='word_1_275' title='bbox 1639 2005 1705 2042; x_wconf 81' lang='lat' dir='ltr'>po·</span> 
     </span>
     <span class='ocr_line' id='line_1_60' title="bbox 1045 2045 1703 2099; baseline 0 -13"><span class='ocrx_word' id='word_1_276' title='bbox 1045 2047 1168 2086; x_wconf 84' lang='lat' dir='ltr'>stulat.</span> <span class='ocrx_word' id='word_1_277' title='bbox 1202 2049 1309 2099; x_wconf 82' lang='lat' dir='ltr'>Lege</span> <span class='ocrx_word' id='word_1_278' title='bbox 1336 2057 1374 2086; x_wconf 85' lang='lat' dir='ltr'>et</span> <span class='ocrx_word' id='word_1_279' title='bbox 1400 2045 1614 2099; x_wconf 86' lang='lat' dir='ltr'>distingue:</span> <span class='ocrx_word' id='word_1_280' title='bbox 1645 2047 1703 2086; x_wconf 83' lang='lat' dir='ltr'>Se-</span> 
     </span>
     <span class='ocr_line' id='line_1_61' title="bbox 1048 2101 1701 2156; baseline 0.005 -15"><span class='ocrx_word' id='word_1_281' title='bbox 1048 2116 1153 2155; x_wconf 78' lang='lat' dir='ltr'>quere</span> <span class='ocrx_word' id='word_1_282' title='bbox 1182 2101 1248 2141; x_wconf 76' lang='lat' dir='ltr'>hac</span> <span class='ocrx_word' id='word_1_283' title='bbox 1278 2116 1343 2141; x_wconf 83' lang='lat' dir='ltr'>me.</span> <span class='ocrx_word' id='word_1_284' title='bbox 1389 2105 1490 2142; x_wconf 76' lang='lat' dir='ltr'>intus</span> <span class='ocrx_word' id='word_1_285' title='bbox 1520 2103 1620 2156; x_wconf 83' lang='lat' dir='ltr'>apud</span> <span class='ocrx_word' id='word_1_286' title='bbox 1642 2102 1701 2144; x_wconf 82' lang='lat' dir='ltr'>Gl.</span> 
     </span>
     <span class='ocr_line' id='line_1_62' title="bbox 1047 2156 1315 2208; baseline -0.011 -9"><span class='ocrx_word' id='word_1_287' title='bbox 1047 2171 1143 2199; x_wconf 83' lang='lat' dir='ltr'>nunc</span> <span class='ocrx_word' id='word_1_288' title='bbox 1159 2156 1216 2208; x_wconf 76' lang='lat' dir='ltr'>cst.</span> <span class='ocrx_word' id='word_1_289' title='bbox 1274 2159 1315 2197; x_wconf 89' lang='lat' dir='ltr'>B.</span> 
     </span>
    </p>

    <p class='ocr_par' dir='ltr' id='par_1_19' title="bbox 1052 2213 1701 2323">
     <span class='ocr_line' id='line_1_63' title="bbox 1105 2213 1701 2267; baseline 0.005 -15"><span class='ocrx_word' id='word_1_290' title='bbox 1105 2227 1154 2267; x_wconf 82' lang='lat'>15·</span> <span class='ocrx_word' id='word_1_291' title='bbox 1184 2213 1370 2256; x_wconf 68' lang='lat' dir='ltr'>Meliores</span> <span class='ocrx_word' id='word_1_292' title='bbox 1398 2224 1439 2253; x_wconf 90' lang='lat' dir='ltr'>et</span> <span class='ocrx_word' id='word_1_293' title='bbox 1457 2213 1587 2265; x_wconf 86' lang='lat' dir='ltr'>plures</span> <span class='ocrx_word' id='word_1_294' title='bbox 1607 2214 1701 2255; x_wconf 88' lang='lat' dir='ltr'>libb.</span> 
     </span>
     <span class='ocr_line' id='line_1_64' title="bbox 1052 2270 1465 2323; baseline -0.01 -12"><span class='ocrx_word' id='word_1_295' title='bbox 1052 2271 1210 2323; x_wconf 84' lang='lat' dir='ltr'>Propere</span> <span class='ocrx_word' id='word_1_296' title='bbox 1229 2270 1368 2321; x_wconf 66' lang='lat' dir='ltr'>arceffb.</span> <span class='ocrx_word' id='word_1_297' title='bbox 1425 2272 1465 2309; x_wconf 92' lang='lat' dir='ltr'>B.</span> 
     </span>
    </p>

    <p class='ocr_par' dir='ltr' id='par_1_20' title="bbox 1052 2325 1709 2597">
     <span class='ocr_line' id='line_1_65' title="bbox 1112 2325 1709 2379; baseline 0.005 -15"><span class='ocrx_word' id='word_1_298' title='bbox 1112 2330 1161 2369; x_wconf 93' lang='lat'>16</span> <span class='ocrx_word' id='word_1_299' title='bbox 1190 2327 1250 2365; x_wconf 87' lang='lat' dir='ltr'>Ne</span> <span class='ocrx_word' id='word_1_300' title='bbox 1269 2325 1495 2379; x_wconf 75' lang='lat' dir='ltr'>exspec&#39;letis]</span> <span class='ocrx_word' id='word_1_301' title='bbox 1524 2327 1629 2368; x_wconf 85' lang='lat' dir='ltr'>Mire</span> <span class='ocrx_word' id='word_1_302' title='bbox 1645 2327 1709 2367; x_wconf 81' lang='lat' dir='ltr'>di-</span> 
     </span>
     <span class='ocr_line' id='line_1_66' title="bbox 1055 2380 1704 2434; baseline 0.005 -14"><span class='ocrx_word' id='word_1_303' title='bbox 1055 2382 1124 2431; x_wconf 86' lang='lat' dir='ltr'>cit,</span> <span class='ocrx_word' id='word_1_304' title='bbox 1162 2381 1324 2422; x_wconf 85' lang='lat' dir='ltr'>latenter</span> <span class='ocrx_word' id='word_1_305' title='bbox 1350 2380 1389 2420; x_wconf 91' lang='lat' dir='ltr'>se</span> <span class='ocrx_word' id='word_1_306' title='bbox 1415 2382 1591 2421; x_wconf 81' lang='lat' dir='ltr'>laudans:</span> <span class='ocrx_word' id='word_1_307' title='bbox 1624 2397 1704 2434; x_wconf 89' lang='lat' dir='ltr'>quo</span> 
     </span>
     <span class='ocr_line' id='line_1_67' title="bbox 1053 2436 1707 2479; baseline 0.003 -2"><span class='ocrx_word' id='word_1_308' title='bbox 1053 2438 1172 2477; x_wconf 81' lang='lat' dir='ltr'>verbo</span> <span class='ocrx_word' id='word_1_309' title='bbox 1201 2437 1355 2477; x_wconf 84' lang='lat' dir='ltr'>auidum</span> <span class='ocrx_word' id='word_1_310' title='bbox 1380 2436 1502 2477; x_wconf 79' lang='lat' dir='ltr'>adhuc</span> <span class='ocrx_word' id='word_1_311' title='bbox 1520 2438 1707 2479; x_wconf 73' lang='lat' dir='ltr'>audiendi</span> 
     </span>
     <span class='ocr_line' id='line_1_68' title="bbox 1053 2494 1708 2546; baseline 0.003 -14"><span class='ocrx_word' id='word_1_312' title='bbox 1053 2495 1251 2546; x_wconf 86' lang='lat' dir='ltr'>populum,</span> <span class='ocrx_word' id='word_1_313' title='bbox 1270 2494 1448 2545; x_wconf 87' lang='lat' dir='ltr'>adeoque</span> <span class='ocrx_word' id='word_1_314' title='bbox 1467 2494 1645 2545; x_wconf 81' lang='lat' dir='ltr'>cupidum</span> <span class='ocrx_word' id='word_1_315' title='bbox 1667 2506 1708 2535; x_wconf 81' lang='lat' dir='ltr'>et</span> 
     </span>
     <span class='ocr_line' id='line_1_69' title="bbox 1052 2549 1704 2597; baseline 0 -9"><span class='ocrx_word' id='word_1_316' title='bbox 1052 2552 1248 2589; x_wconf 85' lang='lat' dir='ltr'>intentum</span> <span class='ocrx_word' id='word_1_317' title='bbox 1277 2550 1462 2597; x_wconf 83' lang='lat' dir='ltr'>ostendit,</span> <span class='ocrx_word' id='word_1_318' title='bbox 1488 2561 1545 2589; x_wconf 90' lang='lat' dir='ltr'>·vt</span> <span class='ocrx_word' id='word_1_319' title='bbox 1582 2549 1704 2592; x_wconf 85' lang='lat' dir='ltr'>finem</span> 
     </span>
    </p>
   </div>
   <div class='ocr_carea' id='block_1_16' title="bbox 1030 2603 1761 2705">
    <p class='ocr_par' dir='ltr' id='par_1_21' title="bbox 1030 2603 1761 2705">
     <span class='ocr_line' id='line_1_70' title="bbox 1050 2603 1761 2701; baseline 0.004 -57"><span class='ocrx_word' id='word_1_320' title='bbox 1050 2605 1290 2701; x_wconf 64' lang='lat' dir='ltr'>f(ejomoediae</span> <span class='ocrx_word' id='word_1_321' title='bbox 1313 2603 1486 2647; x_wconf 79' lang='lat' dir='ltr'>eueniffe</span> <span class='ocrx_word' id='word_1_322' title='bbox 1512 2619 1595 2646; x_wconf 87' lang='lat' dir='ltr'>non</span> <span class='ocrx_word' id='word_1_323' title='bbox 1620 2605 1705 2647; x_wconf 84' lang='lat' dir='ltr'>sen·</span> <span class='ocrx_word' id='word_1_324' title='bbox 1757 2624 1761 2626; x_wconf 47' lang='grc'><strong>“</strong></span> 
     </span>
     <span class='ocr_line' id='line_1_71' title="bbox 1030 2663 1256 2705; baseline -0.009 -1"><span class='ocrx_word' id='word_1_325' title='bbox 1030 2699 1040 2704; x_wconf 66' lang='grc'>,</span> <span class='ocrx_word' id='word_1_326' title='bbox 1092 2663 1150 2702; x_wconf 85' lang='lat' dir='ltr'>rit.</span> <span class='ocrx_word' id='word_1_327' title='bbox 1206 2663 1256 2705; x_wconf 90' lang='lat' dir='ltr'>D.</span> 
     </span>
    </p>
   </div>
  </div>
 </body>
</html>
