1815 3168
465 153 993 202 HEAVTONTIM.

1303 160 1397 215 589

173 290 293 334 Nam
322 282 439 348 apud
478 292 647 344 patrem
677 290 749 326 tua
781 281 914 327 amica
938 290 1083 326 tecum
1107 279 1194 328 fine
1215 293 1335 329 metu
1356 295 1402 331 vt

271 359 333 412 fit,
357 349 545 422 copia'st.

173 442 312 486 Turn,
335 433 454 496 qnod
479 432 539 477 illi
561 441 792 492 argentum
815 447 858 475 es
880 429 1116 496 pollicitus,
1150 432 1299 478 eadem
1320 434 1400 480 hac

270 510 493 556 inueniam
520 509 585 553 via
601 527 608 552 :

174 585 309 641 Quod
332 595 377 630 vt
398 579 629 635 efficerem,
655 580 821 629 orando
846 579 989 628 surdas
1014 583 1100 628 iam
1121 584 1234 628 auris
1256 583 1402 629 reddi-

272 660 393 707 deras
427 660 551 704 mihi.

80 753 144 800 90
178 736 298 792 Quid
332 734 448 781 aliud
481 734 561 780 tibi
592 730 687 781 vis?
732 727 920 799 xCLIT.
966 730 1177 795 liquidem
1209 733 1294 780 hoc
1338 731 1401 781 fit.

274 809 304 857 S
323 828 372 856 Y.
418 808 640 872 liquidem,
665 807 935 872 experiundo
956 807 1070 856 scies.
1248 854 1257 857 x

176 886 222 936 C
240 900 266 933 L
281 900 294 931 1
310 899 360 931 T.
401 890 496 944 Age
518 874 610 944 Age,
634 883 741 929 cedo
759 880 841 928 lstu
861 893 1006 929 :tuum
1026 880 1275 930 confilium:
1296 885 1402 947 quid

273 960 317 1007 id
338 958 428 1006 est?
464 957 494 1006 S
513 977 560 1004 Y.
601 957 964 1011 adfimulabimus,

179 1042 328 1086 Tuam
359 1025 692 1081 amicam-huius
719 1031 816 1081 effe.
860 1031 1051 1082 CLIT.
1093 1034 1303 1099 pulchre:
1340 1052 1405 1083 ce-

275 1111 331 1159 do
354 1110 458 1175 quid
479 1111 550 1157 hic
572 1111 697 1158 faciet
717 1109 818 1156 sua?

47 1368 214 1410 ostendit
237 1378 359 1406 tntum
381 1366 584 1406 confilium
609 1363 697 1412 effe,

1333 1226 1408 1268 An

742 1364 825 1413 est,
858 1364 969 1404 reddi
988 1356 1109 1416 possit.
1165 1365 1408 1417 Experiundo

47 1425 154 1478 quod
172 1421 349 1476 suscepit:
379 1434 420 1463 vt
445 1423 544 1475 apud
558 1433 703 1473 patrem
741 1420 858 1474 [εἰσί]
888 1419 971 1472 Ipsa
998 1421 1152 1459 afflone
1173 1433 1352 1472 expertus
1371 1436 1408 1460 a·

49 1484 167 1521 amica
196 1479 243 1530 fi't
258 1481 338 1531 sine
360 1490 476 1524 metu,
513 1490 551 1517 et
570 1490 705 1530 argen-

49 1548 149 1585 tum,
180 1537 282 1588 qnod
300 1532 524 1587 promissum
543 1533 617 1581 est,
649 1534 705 1572 in·

48 1593 176 1632 ueniri
196 1593 315 1643 poffit.
374 1595 417 1632 E.

101 1647 250 1696 Nostri,
291 1646 374 1699 Etst
407 1645 476 1684 hoc
507 1644 704 1697 confilium.

48 1705 125 1746 Sed
148 1716 188 1743 vt
209 1703 402 1755 Confilium
421 1701 563 1755 syllaba
576 1701 707 1740 vltima

51 1775 138 1800 cum
163 1762 242 1799 Hoc
257 1757 451 1807 coalescat,
473 1771 623 1810 repone
644 1757 707 1796 Et·

38 1816 83 1869 fi
110 1815 294 1868 confilium
313 1816 389 1861 hoc,
409 1815 507 1866 quod
527 1826 597 1853 etc.
628 1817 667 1853 B.

106 1880 157 1925 89
197 1871 314 1925 Qod
336 1884 379 1910 vt
406 1869 594 1923 efficerem]
634 1871 705 1909 Su·

51 1929 190 1981 peritis,
211 1928 289 1974 Vis,
311 1927 407 1980 quod
425 1928 484 1964 des
505 1926 573 1973 illi,
599 1925 705 1978 effici.

50 1985 93 2025 ld
113 1984 303 2036 efficimus,
333 1983 435 2034 quod
456 1995 544 2021 cum
562 1993 706 2034 magno

52 2052 192 2080 conatu
229 2050 269 2078 et
293 2040 495 2079 molimine
523 2036 705 2076 facimus:

51 2098 194 2147 vixque
234 2109 304 2148 per
339 2107 411 2133 nos
448 2093 568 2134 finem
611 2094 707 2133 acci-

51 2154 120 2206 pit.
175 2154 220 2193 C.
533 2159 535 2161 ’

65 2230 68 2234 -
101 2221 163 2261 90
189 2206 392 2261 Siquidem]
423 2207 540 2259 Syrus
566 2207 708 2258 repetit

55 2263 211 2303 verbum
221 2263 455 2315 Clitiphonis
469 2262 574 2314 quod
587 2262 707 2314 perid

54 2332 145 2359 eum
163 2320 335 2358 dubitare
353 2319 489 2359 videat.
549 2321 595 2361 C.

109 2375 296 2427 Siquidem
349 2374 425 2414 hoc*
450 2373 548 2429 fit]
579 2376 707 2425 Quam

58 2432 132 2469 cito
143 2431 196 2469 est
208 2442 330 2471 motus
341 2429 575 2479 adolescens,
591 2444 709 2483 qnan-

58 2487 109 2525 do
136 2499 333 2539 vti-umque
370 2486 425 2526 est
450 2487 532 2539 (effe
547 2487 708 2538 firuus)

57 2543 154 2581 dixit
172 2553 446 2594 praeparatum,
476 2553 514 2584 et
534 2554 574 2582 vt
588 2544 709 2583 amica

57 2600 98 2637 in
129 2600 246 2638 domo
274 2598 391 2650 patris
415 2598 496 2638 fine
523 2611 627 2638 metu
655 2599 706 2647 sir,

57 2667 97 2694 et
119 2665 324 2712 argentum
344 2655 379 2694 ei
399 2653 504 2705 quod
532 2654 707 2695 debiturn

755 1475 928 1530 gnosces.
988 1479 1032 1515 E.

806 1534 866 1573 Ne
890 1532 1077 1586 Siquidem
1102 1533 1143 1571 in
1175 1532 1410 1584 repetitione

755 1586 907 1628 diuerso
926 1599 1085 1638 accentu
1107 1586 1332 1638 proferatur,
1354 1602 1410 1627 re-

755 1658 883 1698 pone,
915 1646 1024 1701 ⁸Quid
1039 1644 1115 1683 alid
1132 1645 1203 1683 tibi
1228 1645 1313 1683 vis?
1346 1644 1410 1683 Si·

755 1701 900 1755 quidem
920 1701 988 1740 hoc
1001 1698 1081 1752 fiet.
1139 1701 1326 1752 Siquidem
1347 1711 1410 1738 ex⁴

749 1758 932 1811 periund6
951 1755 1059 1810 fiies.
1115 1753 1213 1796 Na'm
1232 1758 1314 1796 Alis
1341 1769 1411 1807 pro

754 1815 860 1853 Alius
874 1812 1016 1852 vetuste
1027 1812 1168 1852 dierum
1182 1822 1268 1852 vett.
1279 1814 1412 1852 Gram-

755 1870 884 1909 matici
907 1868 1051 1908 docent
1073 1881 1233 1908 omnes:
1264 1868 1348 1908 Alis
1368 1870 1412 1908 in

756 1926 911 1967 Catullo
943 1925 1125 1964 occurrit:
1157 1924 1249 1963 Alid
1271 1938 1342 1976 pro
1362 1929 1413 1963 A·

756 1982 835 2021 liud
862 1979 975 2033 saepe
1001 1982 1040 2019 in
1058 1982 1249 2021 Lucretio.
1307 1984 1413 2021 Tum

747 2036 817 2090 fiet
834 2035 942 2078 sensu
963 2035 1045 2089 ipso
1062 2036 1343 2088 comprobatur.
1371 2039 1413 2076 B.

812 2162 863 2203 91
885 2148 1192 2200 Adfimulabimus
1210 2160 1312 2186 tuam
1323 2149 1418 2186 ami-

758 2206 856 2260 cam]
889 2204 1041 2247 Callide
1062 2202 1296 2255 Clitiphonis
1321 2205 1415 2242 ami·

758 2275 812 2310 ca,
870 2261 1024 2303 Cliniae
1048 2259 1125 2300 effe
1142 2260 1345 2306 fimulatur,
1376 2270 1414 2297 vt

756 2317 955 2368 Antiphila
984 2317 1031 2356 ad
1060 2315 1262 2358 Sostratam
1294 2315 1414 2354 dedu-

758 2385 882 2421 catur,
920 2386 1019 2425 qnae
1038 2372 1168 2425 postea
1188 2369 1413 2424 agnoscetur

757 2429 835 2468 filia
863 2430 1099 2472 Chremetis:
1138 2442 1214 2480 qua
1242 2429 1413 2480 cognita,

758 2497 797 2524 et
823 2485 942 2524 altero
961 2486 1115 2524 confilio
1132 2486 1296 2523 inuento
1314 2485 1416 2536 aSy-

759 2555 820 2589 το,
849 2541 1141 2593 extorquebitur
1167 2550 1370 2592 argentum
1393 2554 1415 2577 a

757 2596 978 2646 Chremete,
1004 2597 1108 2649 quod
1129 2595 1304 2648 Clitipho
1323 2599 1416 2636 Bac-

758 2652 859 2694 chidi
887 2652 1123 2706 promiserat.
1178 2653 1222 2694 C.
