1815 3168
592 184 884 231 ANDRIA.

1351 198 1429 247 31.

196 316 374 380 Inopia,
412 322 456 364 et
479 322 766 374 cognatorum
787 309 1051 370 negligentia

102 403 169 458 45
203 389 384 443 Can‘ta,
425 391 598 450 egregia
620 388 787 444 forma,
825 396 952 448 atque
976 395 1110 431 aetate
1133 385 1315 445 integra.

198 471 278 514 So.
317 467 407 511 Hei
430 481 599 516 vercor,
638 460 812 524 nequid
833 460 998 506 Andria
1021 471 1225 524 apportet
1244 460 1361 507 mali.

198 546 271 589 81.
306 541 503 588 Primum
525 540 629 585 haec
651 537 810 603 pudice
833 537 979 588 vitam,
1010 551 1154 600 parce,
1186 552 1232 581 ac
1254 535 1420 582 duriter

121 731 178 775 44
209 720 353 773 Inopia,
372 731 406 759 et
417 731 652 772 cognatorum
661 730 718 757 ne-

64 776 268 833 gligentia]
320 775 492 817 Laudatis
530 773 719 826 Pamphili

67 832 203 875 morib.
222 833 287 883 qui
304 845 393 871 mox
413 832 525 870 ducet
546 844 715 878 vitorem,

67 885 234 940 superest
253 899 290 927 vt
305 887 453 927 futurae
475 900 629 939 quoque
647 899 722 925 ma-

67 955 212 992 tronae,
239 943 279 982 id
299 942 352 984 est
369 943 569 996 Glycerio,
598 941 723 995 probi-

67 1011 184 1040 tatem
202 999 373 1039 debitam
390 1012 458 1051 pro
470 996 630 1051 persona
641 997 724 1037 red-

72 1055 153 1096 dat:
192 1069 292 1106 quae
320 1057 410 1107 quia
435 1053 598 1094 honesta
627 1067 724 1094 nun-

72 1126 186 1164 quam
211 1109 287 1151 esse
318 1111 479 1162 poterit,
506 1110 532 1150 fi
559 1110 609 1149 fic
636 1123 724 1149 eam

72 1167 218 1206 constet
254 1178 344 1206 ante
386 1168 537 1218 nuptias
562 1165 725 1218 impudi-

73 1237 156 1262 cam
177 1224 324 1262 dociam
342 1219 429 1271 effe,
447 1224 582 1274 partim
595 1222 729 1261 defen-

76 1278 225 1327 denda,
273 1280 410 1330 partim
451 1278 640 1317 laudanda
674 1277 726 1316 est

78 1334 249 1387 Chrysis,
277 1347 363 1372 cum
391 1347 465 1385 qua
496 1344 728 1372 commorata

80 1390 152 1428 est:
185 1403 296 1440 quam
316 1391 495 1440 quoniam
507 1386 659 1428 necesse
676 1388 729 1427 est

76 1446 320 1484 meretricem
335 1444 458 1493 fateri,
485 1446 527 1483 in
544 1444 730 1483 conditio-

80 1513 133 1540 ne
158 1500 353 1552 turpiffimi
381 1501 549 1553 nominis
566 1501 731 1539 multum

80 1554 236 1595 sumitur
284 1553 472 1594 excusatio
488 1583 504 1590 -
516 1557 731 1596 voluntatis.

79 1612 131 1651 Et
159 1617 414 1666 cognatorum]
469 1613 539 1650 Hic
566 1625 637 1649 nos
656 1613 734 1650 iam

79 1679 186 1720 parat
219 1666 267 1706 ad
303 1667 472 1707 Critonis
508 1666 731 1706 aduentum.

135 1778 278 1830 Inopia>
289 1791 326 1819 et
337 1791 489 1831 cognato
495 1777 594 1831 rum]
626 1778 733 1827 Quo·

80 1847 164 1873 rum
199 1833 385 1874 debuerat
417 1847 492 1885 ope
516 1834 739 1887 auxilioque

81 1888 217 1929 fulciri.
275 1890 321 1929 E.

139 2013 194 2055 45
225 2001 403 2057 Egregia]
438 2001 480 2042 Id
501 2000 739 2042 esteminen-

86 2057 130 2107 ti,
147 2058 440 2110 praestantique.
497 2060 616 2111 Atque
638 2070 739 2097 aeta·

86 2126 123 2153 τι
149 2114 314 2168 integra]
361 2117 517 2167 Integra
545 2114 601 2153 est
620 2126 735 2160 aetas,

88 2182 188 2222 quae
207 2171 248 2209 in
266 2169 360 2208 flore
379 2170 560 2219 conlistit,
589 2171 647 2208 cui
675 2182 741 2207 ne-

89 2238 165 2278 que
180 2224 402 2265 addendum
428 2226 503 2264 iam
521 2225 581 2273 fit,
608 2236 742 2276 neque

92 2282 297 2334 quicquam
329 2280 450 2320 adhuc
486 2281 529 2320 fit
559 2281 739 2320 imminu-

92 2345 182 2377 tum.
214 2347 252 2375 vt
267 2338 378 2390 Virg.
400 2340 522 2389 (Aen.
542 2351 598 2386 lx,
629 2338 741 2389 255.)

94 2394 234 2447 integer
251 2396 332 2433 aeui
343 2393 535 2440 Ascanius.
592 2395 639 2433 Et
656 2405 744 2432 eon-

94 2449 178 2487 tulit
204 2447 279 2487 duo
298 2449 345 2488 ad
365 2448 560 2500 quaestum
576 2448 745 2489 meretri·

94 2503 198 2541 cium
217 2517 396 2556 congrua.
451 2507 501 2544 D.

151 2558 310 2613 Egrcgia
347 2561 484 2613 forma
534 2573 643 2611 atque
691 2574 746 2600 ae-

93 2615 191 2668 tate]
227 2618 314 2656 Duo
340 2622 447 2668 quae.
466 2614 670 2656 necessaria
699 2617 748 2656 ad

95 2670 330 2725 voluptatem
347 2671 508 2722 fuerant,
525 2674 750 2726 complexus

1304 614 1420 671 Age-

767 714 838 755 est:
868 725 909 755 -vt
941 724 980 754 et
1005 714 1127 754 vultus
1155 722 1194 753 et
1212 723 1314 753 aetas
1343 713 1422 764 pla·

768 785 857 812 cere
871 768 1058 823 potuisset.
1110 773 1152 810 E.

822 832 875 881 46
906 828 976 866 Hei
1006 838 1143 874 vereor,
1170 839 1214 864 ne
1242 824 1332 877 quid
1345 825 1423 865 An-

769 884 854 924 dria
874 894 1042 935 apportet
1061 882 1166 936 mali]
1200 883 1341 922 Andria
1355 880 1437 925 νηί-.

769 954 829 980 re:
859 938 1005 978 audiuit
1034 939 1142 977 enim
1168 935 1358 977 exceffifi'e
1377 948 1426 977 ex

772 995 933 1048 ephebis
970 993 1229 1045 Pamphilum,
1268 993 1429 1032 illatam·

773 1065 849 1104 que
875 1051 1115 1090 mentionem
1132 1050 1301 1088 mulieris
1318 1061 1430 1100 pere-

775 1109 926 1162 grinae,
974 1103 1304 1153 adolescentulae,
1343 1104 1428 1156 pul-

775 1164 900 1203 chrae.
937 1163 998 1202 Ne
1027 1161 1118 1215 quid
1144 1161 1306 1213 Andria]
1343 1161 1431 1200 Ele-

776 1231 922 1274 ganter,
941 1232 989 1257 ex
999 1218 1146 1258 Andro.
1179 1217 1342 1262 Andria,
1361 1230 1433 1255 no-

775 1290 868 1316 men
888 1274 1053 1314 ostendit
1077 1285 1116 1313 et
1133 1273 1299 1313 mulieris
1322 1283 1360 1311 et
1377 1271 1434 1311 sa-

776 1333 901 1372 bulae.
930 1334 979 1371 Et
989 1330 1103 1379 bene,
1122 1339 1312 1382 apportet:
1340 1328 1434 1380 quia

770 1400 923 1441 portare
942 1386 1085 1439 ignotis
1107 1385 1171 1425 est.
1226 1386 1275 1425 D.

834 1444 883 1482 Ei
913 1455 1054 1489 vereor,
1081 1455 1125 1481 ne
1151 1441 1242 1494 quid
1263 1438 1432 1493 Andria]

779 1500 923 1540 Cautus
950 1495 1076 1536 seruus
1104 1510 1190 1535 cum
1211 1494 1437 1536 adolescen-

780 1565 859 1593 tem
879 1552 994 1601 sciret,
1017 1553 1144 1591 timuit
1161 1553 1374 1600 mulierem,
1396 1551 1437 1591 et

780 1611 887 1649 vultu
899 1620 938 1647 et
947 1620 1070 1647 aetate
1087 1607 1328 1647 laudabilem.
1365 1610 1410 1647 E.

833 1677 889 1718 47
918 1664 1081 1702 Primum
1098 1663 1202 1717 haec]
1232 1661 1438 1711 Defendit,

781 1731 819 1760 vt
839 1720 1015 1768 diximus,
1039 1719 1154 1758 vitam
1172 1717 1377 1772 Chrysidis,
1400 1728 1441 1757 vt

782 1777 952 1829 potuerit
970 1773 1075 1826 apud
1096 1787 1182 1813 eam
1198 1775 1299 1813 recie
1318 1786 1442 1812 mora-

784 1843 821 1872 ta
841 1829 919 1871 esse
936 1831 1173 1884 Glycerium,
1202 1842 1302 1882 quae
1319 1841 1369 1868 ex
1386 1842 1442 1867 ar-

785 1897 971 1942 gumento
1005 1898 1180 1925 matrona
1215 1888 1297 1926 erit.
1354 1885 1443 1925 Pri-

785 1957 882 1984 mum
913 1942 999 1982 haec
1010 1944 1158 1995 pudice]
1218 1946 1328 1983 Bene
1353 1940 1441 1980 haec

787 1999 966 2052 quidem,
996 1997 1036 2037 id
1063 1999 1116 2038 est
1143 1998 1207 2037 illa
1231 2011 1330 2050 quae
1358 2010 1444 2036 coa·

788 2058 846 2096 &a
864 2055 928 2096 est.
959 2055 1141 2108 Duriter]
1170 2056 1315 2095 Contra
1333 2053 1447 2092 ratio-

788 2125 881 2152 nem
899 2112 1082 2163 regulae:
1113 2110 1246 2150 debuit
1263 2110 1371 2148 enim
1389 2108 1447 2147 di-

790 2181 879 2208 cere
904 2169 1013 2216 dure,
1046 2167 1093 2206 ab
1120 2180 1167 2208 eo
1186 2165 1291 2217 quod
1312 2164 1364 2204 est
1382 2166 1451 2204 du-

790 2238 863 2263 rus.
917 2227 967 2264 Et
997 2234 1125 2263 tamen
1144 2221 1197 2261 est
1216 2220 1449 2261 differentia.

789 2279 852 2321 Est
873 2280 979 2319 enim
998 2280 1155 2327 duriter,
1172 2277 1253 2316 fine
1272 2274 1380 2317 sensu
1398 2277 1452 2315 la-

790 2336 914 2375 borisz
945 2337 1033 2374 dure
1055 2345 1203 2382 autem,
1232 2332 1451 2382 crudeliter,

794 2390 901 2440 illud,
926 2390 974 2430 ad
991 2391 1182 2434 laborem:
1211 2388 1296 2437 hoc,
1317 2385 1453 2428 adsae·

793 2449 925 2486 uitium
948 2447 1109 2487 relatum
1137 2445 1202 2484 est.
1259 2444 1336 2486 Sed
1360 2444 1455 2484 dure

793 2505 836 2543 in
855 2504 1034 2542 alterum:
1059 2505 1204 2543 duriter
1228 2502 1272 2541 in
1298 2513 1369 2540 nos
1387 2500 1460 2551 ali·-

795 2559 888 2612 quid
908 2558 1079 2599 facimus.
1133 2560 1179 2597 D.
1404 2593 1405 2597 ,

854 2618 969 2655 Parce
978 2629 1019 2653 ac
1037 2613 1200 2668 duriter]
1232 2614 1354 2654 Serui.
1376 2608 1454 2651 Ae·

798 2670 902 2720 neid.
923 2668 1014 2712 vers.
1033 2681 1175 2712 exercet
1187 2669 1311 2724 penfi.
1365 2670 1408 2710 L.
