1815 3168
561 103 993 152 EVNVCHVS..

1358 121 1457 171 403

221 233 303 286 Sto
324 230 594 300 exspestans,
621 231 654 278 fi
680 231 785 295 quid
806 229 918 277 mihi
936 231 1170 295 imperent.
1210 234 1331 281 venit
1355 252 1454 290 vna,

320 313 428 358 heus
451 320 516 362 tu,
533 310 689 370 inquit,
721 299 858 358 Dore',

221 390 340 453 Cape
360 387 445 433 hoc
464 383 700 437 flabellum,
726 379 953 430 ventulum
974 379 1077 429 huic
1101 378 1156 428 fic
1174 382 1453 439 facitossdum

317 463 512 508 lauamus
525 480 535 506 z

217 539 309 588 Vbi
328 555 409 584 nos
430 536 686 587 lauet-imus,
718 532 750 579 fi
770 531 904 585 voleS,
927 531 1084 579 lanato.
1115 535 1282 598 accipio
1305 534 1453 583 tristis.

220 614 270 663 A
288 630 342 658 N.
380 616 504 658 Tum
540 609 742 672 equidem
773 605 879 654 istuc
901 624 949 654 os
978 618 1107 654 tuum
1130 609 1366 674 impudens
1389 614 1451 661 vi-

320 687 423 734 dere
444 686 631 732 nimium
653 683 832 732 vellem:

121 781 184 830 50
220 765 313 820 Qui
332 759 434 812 effet
455 760 601 816 status,
621 758 845 810 flabellum
863 767 1014 809 tenere
1032 768 1075 808 te
1086 758 1251 809 alinum
1264 755 1453 832 tantum.-

140 985 197 1040 46
223 983 290 1026 Sto
301 979 740 1038 exspeftansfiquidmi-

82 1041 126 1084 hi
141 1043 332 1096 imperem]
359 1044 535 1088 Ε’νέςγειαε.
593 1043 681 1080 Non
697 1052 740 1078 e-

85 1100 171 1139 nim
186 1099 286 1138 dixit
293 1096 451 1149 stabam.
492 1095 737 1149 Exspec'tans]

85 1153 312 1195 defiderans.
381 1153 430 1194 Et
477 1154 574 1191 mire
619 1163 739 1190 omne

84 1221 237 1262 tempus
260 1208 458 1248 exsecutus
477 1207 532 1247 est
555 1205 654 1247 salua
679 1220 760 1246 ve«

83 1267 216 1315 ritate,
245 1266 288 1304 in
319 1278 393 1316 qua
411 1264 596 1316 Virgilius
613 1263 739 1315 negli-

84 1334 185 1375 gens
212 1321 427 1360 inuenitur:
452 1332 541 1358 cum
568 1317 651 1370 post
680 1331 739 1356 oc·

83 1375 204 1417 cisum
231 1375 498 1421 Mezentium,
540 1387 624 1413 non
641 1372 740 1412 faeta

83 1433 208 1473 noetis
225 1431 441 1480 mentione,
459 1429 582 1469 statim
602 1429 739 1476 intulit,

86 1490 274 1529 Oceanum
295 1490 434 1526 interea
451 1485 612 1539 ficrgens
630 1497 740 1524 auro·

82 1559 129 1586 ra
149 1545 299 1596 reliquit
316 1545 435 1593 (Aen.
456 1555 514 1589 xl,
538 1542 603 1592 1.).
641 1544 694 1582 Ι).

137 1612 193 1653 47
215 1598 388 1651 Capehoc
401 1595 606 1649 flabellum]
634 1598 743 1635 Prae-

82 1657 187 1695 clare
215 1667 296 1693 non
326 1651 496 1702 sensum,
535 1648 600 1692 sed
624 1650 743 1691 verba

82 1709 163 1764 ipsa
202 1724 272 1762 per
305 1717 433 1755 μίμησιν
461 1707 632 1756 induxit,
673 1719 743 1759 pet·

81 1781 201 1820 quam
225 1766 404 1818 puellaris
434 1778 538 1804 error
564 1764 745 1815 exprimi-

82 1833 155 1862 tur.
217 1823 314 1873 Cape
356 1821 424 1860 hoc
450 1818 655 1872 flabellum,
704 1832 740 1859 et

81 1877 269 1918 ventulum
287 1876 369 1916 huic
376 1877 432 1929 stc
439 1875 584 1929 fizcito]
611 1876 740 1925 Quam

81 1933 348 1987 particulatim,
377 1946 464 1972 cum
482 1946 558 1984 qua
577 1930 742 1984 diligen-

76 1991 136 2031 tia
156 2000 195 2029 et
218 1991 387 2033 δεικτικῶς
405 1987 524 2037 iubet,
547 1986 652 2038 quafi
671 2000 741 2025 no-

83 2046 178 2085 uitio
209 2056 247 2086 et
280 2046 488 2096 impetito?
539 2044 740 2083 Ventulum

84 2101 168 2141 huic
177 2098 233 2151 stc
249 2101 401 2153 facim,
441 2101 525 2141 dum
547 2099 737 2152 lauamur]

82 2156 460 2207 Demonstratiuum,
489 2166 529 2196 et
546 2154 656 2208 gestu
676 2167 741 2194 ex-

85 2212 319 2266 plicandum.
376 2216 427 2257 D.

140 2269 280 2308 Retine
323 2268 373 2309 Et
408 2279 502 2309 ante
541 2265 740 2315 ventulum,

85 2323 192 2376 quod
216 2323 270 2363 est
285 2324 327 2364 in
336 2325 468 2365 nostris
481 2323 590 2365 codd.
601 2334 639 2363 et
650 2322 740 2362 edd.

85 2389 180 2419 vett.
200 2391 253 2418 ne
272 2378 331 2419 bis
350 2381 393 2421 in
410 2380 620 2422 lum-verba
645 2392 742 2418 con-

87 2436 197 2489 tigua
233 2447 382 2476 exeant.
446 2436 605 2479 Deinde
640 2434 743 2474 recte

85 2495 255 2534 Faernus
271 2491 369 2545 legit
389 2492 572 2542 laetamur,
594 2490 644 2532 ob
664 2493 744 2532 Do-

87 2558 165 2589 nat.
188 2546 321 2588 Bemb.
341 2550 538 2590 etviEtor.
596 2551 641 2589 Β.

138 2610 194 2660 48
228 2602 303 2647 Vbs·
319 2616 385 2648 nos
399 2603 609 2662 laummus]
637 2603 744 2651 Vide

1347 842 1387 887 C
1400 836 1457 905 11„ss¹

788 978 896 1021 vfum
917 980 1027 1021 verbi
1051 989 1129 1022 tam
1151 982 1228 1021 cito
1247 984 1459 1034 variatumf'

789 1038 892 1077 Dum
916 1037 1105 1078 lauamur:
1136 1048 1185 1085 et,
1219 1037 1292 1078 Vbi
1311 1039 1455 1079 laueri«¹

789 1107 880 1133 mus.
936 1093 976 1131 Si
1003 1095 1121 1141 voles,
1150 1094 1295 1148 lanato]
1328 1095 1450 1146 Quasi

789 1147 1052 1189 satisfacientis
1071 1149 1124 1189 est
1136 1150 1348 1204 (Wieling.
1363 1152 1450 1191 vult

787 1206 879 1259 legi,
901 1204 1025 1260 Qast
1036 1206 1321 1257 fitisfacientes.
1376 1210 1455 1247 Po-

788 1261 858 1301 test
876 1271 1007 1300 tamen
1029 1262 1189 1300 retineri
1209 1263 1375 1314 vulgaris
1395 1264 1452 1303 le-

790 1317 883 1363 ffi0,
912 1316 939 1354 fi
957 1329 1025 1366 pro
1038 1316 1256 1370 >relinquant
1279 1316 1454 1358 substitu-

790 1384 829 1410 as
848 1371 1054 1424 relinquat,
1088 1373 1196 1423 quod
1226 1372 1281 1411 est
1296 1374 1339 1411 in
1359 1374 1454 1415 edd.

790 1428 977 1477 venen),
1014 1440 1101 1466 cum
1120 1424 1239 1467 solum
1260 1429 1371 1467 illurn
1389 1441 1457 1470 re«

789 1483 968 1534 linquant
997 1494 1086 1522 cum
1116 1484 1279 1536 virgine.
1343 1486 1455 1525 Acci-

785 1541 850 1591 pio
881 1537 1011 1592 mstis]
1041 1537 1084 1578 ld
1104 1537 1168 1586 est,
1188 1539 1282 1577 tristi
1299 1539 1456 1580 fimilis:

791 1605 830 1632 vt
855 1595 975 1645 (Aen.
997 1606 1045 1642 11,
1079 1596 1188 1647 67.)‚
1216 1596 1389 1648 Namque
1405 1607 1455 1637 vt

791 1649 980 1702 conspeetu
997 1652 1038 1688 in
1056 1649 1172 1689 medio
1191 1648 1367 1690 turbatus
1396 1654 1457 1691 in-

787 1709 900 1746 ·ermis
939 1704 1129 1757 Constitit.
1195 1707 1344 1759 Accipio
1382 1710 1454 1747 tri-

782 1760 869 1815 stis]
901 1762 1010 1800 Bene
1036 1760 1176 1812 Tristis,
1211 1772 1395 1814 tanquam
1412 1778 1460 1803 a«

792 1816 875 1856 liud
895 1817 1018 1869 tnagis
1041 1817 1175 1865 vellet,
1201 1816 1276 1855 hoc
1294 1818 1367 1865 est,
1397 1820 1456 1858 la.

790 1885 894 1921 uare,
913 1882 978 1910 aut
995 1872 1158 1912 ludere:
1186 1875 1326 1912 metuit
1345 1875 1457 1916 enim

790 1942 854 1978 ne,
886 1927 991 1981 quod
1010 1929 1129 1981 cupit,
1155 1929 1341 1981 prodatur
1358 1944 1455 1985 gau-

791 1984 872 2028 dio.
927 1987 977 2025 D.

846 2053 900 2095 49
934 2041 986 2080 Os
997 2040 1312 2096 tuumimpudens]
1342 2041 1455 2082 Licet

789 2097 931 2136 iocanti
949 2107 990 2136 et
1006 2098 1129 2136 amIco
1143 2098 1365 2136 conuicium
1377 2097 1454 2148 (ofi

780 2151 910 2204 ficium
929 2153 1031 2192 male
1048 2153 1172 2192 edidit
1182 2152 1371 2193 Westerh.
1389 2155 1455 2208 Z.)

789 2207 962 2249 iocunde
982 2207 1126 2249 facere.
1182 2211 1231 2250 D.

848 2276 902 2316 50
929 2263 1028 2318 Qcis
1053 2264 1135 2317 effic
1155 2264 1293 2319 status]
1323 2264 1456 2305 Statu-

789 2333 834 2359 ra
859 2320 1009 2371 corpori
1037 2318 1275 2359 adscribitur:
1319 2323 1454 2362 Status

791 2375 843 2415 ad
885 2375 1060 2415 habitum
1098 2375 1274 2416 refertur.
1344 2381 1453 2431 Ergo

782 2431 907 2484 status
927 2431 981 2472 est
998 2435 1140 2480 σχῆμαῑ
1171 2432 1340 2483 Statura,
1369 2434 1457 2473 lon-

793 2488 931 2543 gitudo
968 2489 1150 2541 corporiS.
1231 2489 1280 2528 Te
1317 2487 1455 2541 afinum

793 2545 955 2597 tantum]
989 2546 1096 2596 Quia
1113 2543 1185 2583 boc
1199 2545 1457 2586 ministerium

790 2599 1044 2643 delicatorum
1062 2597 1256 2643 seruorum
1279 2600 1346 2642 est.
1374 2603 1424 2641 D.

901 2657 965 2701 Cc
993 2668 1021 2701 2
1373 2656 1458 2700 flav
