1815 3168
243 97 338 158 698

650 94 807 141 ACT.
841 93 896 139 V.
936 90 1134 138 SCEN.
1164 89 1220 136 11.

277 242 342 288 45
378 227 495 271 Tam
521 222 721 269 facillime
747 223 881 287 patris
907 235 1058 285 pacem
1082 219 1127 264 in
1149 218 1267 279 leges
1280 214 1480 266 conficiet
1499 217 1609 266 suas.

377 302 520 349 Etiam
533 298 637 344 haut
651 298 746 350 scio,
760 315 811 343 an
824 312 1003 344 vxorem
1017 293 1143 340 ducat
1155 311 1166 349 3
1180 311 1226 340 ac
1239 298 1348 357 Syro
1361 294 1418 340 nil
1435 297 1612 355 gratiae.

379 374 502 425 Quid
524 375 608 420 hoc
630 371 807 419 autem?
844 371 968 418 senex
988 370 1073 416 exit
1095 369 1233 415 foras:
1266 385 1348 430 ego
1369 369 1506 430 fugio.
1541 369 1612 416 ad·

476 449 563 496 huc
587 448 706 513 quod
729 443 943 494 faffium'st

373 528 544 578 Miror,
578 526 789 571 continuo
809 534 903 570 ‘non
924 517 1076 568 iuffisse
1098 519 1239 585 abripi
1256 536 1341 568 me.
1375 519 1428 567 ad
1452 523 1612 567 Mene-

476 601 654 647 demum
676 599 794 645 hunc
815 613 1013 663 pergam.

270 678 342 743 '49
374 681 490 726 Eum
518 677 627 722 mihi
647 684 920 740 precatorem
951 689 1084 740 paro:
1123 672 1211 721 seni
1243 669 1391 721 nostro
1416 669 1513 718 fidei
1546 672 1611 717 ni-

472 752 537 799 hil
568 751 725 800 habeo.

237 898 437 950 adolfi-ens
453 898 612 935 maxime
622 895 689 948 spe
697 894 794 945 sttus
815 895 898 943 erit,

243 953 534 1007 Tamfizcillume
542 956 662 1005 patris
677 963 747 991 etc.
770 952 900 1003 Guye-

239 1025 300 1053 tus
323 1011 488 1050 correxit
509 1009 575 1061 Spe
596 1011 700 1055 citus,
723 1007 748 1044 i.
770 1019 802 1045 e.
814 1019 901 1044 mo·

239 1080 321 1117 tus,
354 1063 544 1118 depulsus.
603 1066 686 1116 Ego
708 1075 901 1114 reponen-

239 1126 332 1164 dum
363 1134 458 1176 puto
475 1151 484 1167 ‚
518 1133 675 1172 namque
701 1118 901 1169 adoltfiens

237 1195 351 1234 quam
379 1183 418 1218 in
439 1180 588 1216 minima
608 1174 676 1228 spe
697 1174 795 1227 situs
816 1177 901 1222 eriz,

237 1237 329 1278 Tam
358 1234 598 1275 difficillume
623 1233 747 1284 patris
778 1242 902 1283 pacem

237 1297 280 1333 in
308 1294 402 1347 leges
439 1287 603 1340 conficiet
627 1287 733 1339 fietu.
786 1287 903 1328 Calli-

236 1350 410 1390 diffimus
431 1347 539 1386 enim
559 1342 711 1392 seruus,
741 1344 806 1394 qui
827 1342 903 1381 hoc

237 1406 400 1446 conlilio
422 1416 505 1442 non
526 1402 654 1440 minus
674 1414 756 1439 rem
785 1397 901 1445 suam,

236 1477 354 1514 qnam
374 1458 612 1510 Clitiphonis
637 1457 726 1510 agit,
760 1455 829 1495 Sat
850 1469 903 1494 re-

237 1522 312 1567 ete,
341 1517 491 1568 inquit,
519 1512 764 1567 excogitaui3
796 1509 902 1563 spem

236 1576 382 1616 bonam
394 1569 627 1612 adolescenti
638 1569 753 1608 inieci
763 1565 800 1607 se
812 1566 902 1606 faci-

237 1634 277 1673 le
297 1644 345 1670 ex
365 1630 439 1669 hoc
456 1627 558 1666 malo
571 1622 826 1672 emersmmm
850 1636 902 1662 ne

236 1689 264 1729 fi
291 1688 420 1727 animo
431 1685 548 1737 plane
565 1683 710 1722 deiecto
727 1680 781 1726 sit,
794 1679 900 1731 quid-

235 1747 294 1784 uis
313 1746 546 1794 imperatum
564 1738 697 1779 faciat:
727 1738 794 1776 ille
813 1748 900 1775 vxo-

237 1815 323 1842 rem
350 1807 600 1844 interuemat,
632 1807 709 1847 ego
732 1805 899 1832 crucem.

235 1860 300 1899 Sic
327 1856 435 1894 enirn
465 1864 573 1890 nunc
606 1848 899 1902 perterrefiaffiis

233 1925 397 1954 onrem
424 1909 554 1961 capit,‘
571 1908 638 1946 ille
666 1918 801 1958 pacem
827 1904 895 1943 fibi

234 1971 433 2022 impetrat,
483 1977 558 2018 ego
595 1974 749 2015 poenae
778 1961 895 2000 relin-

233 2040 342 2080 quor.
401 2027 440 2063 Β.

290 2094 343 2135 45
376 2080 503 2119 Pacem
522 2078 561 2114 in
580 2074 688 2130 leges]
719 2075 768 2113 H.
790 2086 821 2111 e.
844 2069 897 2111 se-

232 2138 406 2178 cundum
428 2147 490 2173 eas
509 2133 619 2185 leges
650 2141 691 2170 et
708 2129 896 2169 conditio-

233 2209 326 2243 nes,
359 2204 452 2244 quas
480 2190 572 2228 dare
602 2187 700 2239 patri
727 2185 895 2225 voluerit

231 2253 274 2292 in
297 2264 341 2290 ea
360 2260 455 2301 pace
471 2244 658 2284 ineunda.
695 2244 795 2282 Nam
807 2254 894 2280 cum

231 2322 308 2361 pax
327 2308 428 2344 intei-
445 2303 593 2353 aliquos
605 2298 814 2346 conficitur,
828 2298 893 2336 lex

232 2365 362 2415 aliqua
384 2370 448 2400 aut
471 2357 644 2397 conditio
671 2356 711 2394 in
733 2367 778 2393 ea
798 2352 894 2393 faci-

234 2419 337 2459 enda
356 2416 451 2457 solet
469 2414 647 2466 allegari,
675 2413 700 2451 i.
724 2424 758 2450 e.
781 2409 893 2450 adhi-

232 2477 328 2516 beri.
386 2468 524 2514 Sensus
554 2482 649 2522 ergo
681 2467 784 2506 illius
814 2480 894 2505 ora-

234 2533 349 2572 tionis
370 2528 444 2569 est:
474 2526 590 2565 Filius
610 2533 894 2575 componetpa-

234 2602 319 2629 cem
340 2587 560 2639 cumffpatrffi
584 2578 648 2622 suo
669 2579 836 2629 arbitrio,
847 2587 894 2630 ⁸et

1364 750 1608 795 ACTVS

947 891 1161 934 secundum
1187 905 1252 933 eas
1279 893 1388 946 leges
1419 901 1459 930 et
1478 888 1610 929 condi-

948 951 1075 989 tiones
1096 950 1210 1000 pacis,
1224 962 1317 1000 quas
1328 948 1501 987 voluerit.
1532 947 1580 987 C.

1004 1008 1058 1057 46
1085 1008 1147 1043 An
1165 1018 1318 1043 vxorem
1329 1003 1454 1051 ducat]
1487 1002 1612 1044 Chre-

949 1074 1033 1101 mes
1053 1058 1251 1100 discedens
1271 1071 1308 1100 et
1325 1060 1485 1112 patriam
1496 1058 1612 1098 relin-

951 1129 1073 1169 quens
1119 1116 1237 1155 ducet
1278 1128 1435 1154 vxorern
1469 1111 1610 1153 scilicet

951 1172 1164 1214 Sostratam.
1221 1174 1275 1211 Ac
1303 1171 1401 1223 Syro
1437 1169 1494 1209 nil
1524 1184 1612 1225 gra-

952 1230 1043 1277 tiae]
1073 1230 1136 1267 Tu
1165 1227 1342 1277 Clitipho
1368 1227 1420 1265 ita
1451 1225 1519 1265 tibi
1545 1239 1612 1276 pa-

952 1296 1085 1325 rentes
1116 1283 1385 1323 reconciliabis
1396 1296 1407 1329 3
1441 1294 1516 1334 ego
1547 1294 1612 1320 au-

953 1352 1033 1380 tem
1060 1340 1115 1379 nil
1133 1338 1213 1379 sum
1235 1340 1382 1393 gratiae
1402 1337 1504 1390 apud
1524 1338 1611 1377 illos

954 1396 1161 1445 habiturus,
1182 1395 1217 1434 h.
1231 1409 1265 1435 e.
1280 1393 1518 1435 nullomodo
1529 1403 1612 1446 pot·
1667 1396 1670 1398 ’

954 1467 1023 1493 ero
1043 1453 1117 1491 illis
1140 1462 1266 1505 gratus
1286 1449 1376 1491 esse.
1436 1451 1482 1491 C.

1007 1512 1065 1549 Ac
1105 1508 1200 1558 Syro
1229 1507 1326 1547 nihil
1349 1506 1404 1560 fit
1442 1505 1610 1562 gratiae]

953 1568 1091 1607 Certus
1118 1561 1197 1603 sum
1229 1563 1335 1615 quod
1357 1577 1405 1602 ex
1427 1562 1500 1601 hoc
1521 1575 1612 1608 conf

952 1621 1034 1661 filio
1056 1622 1095 1659 in
1117 1622 1277 1674 gratiam
1298 1620 1353 1659 est
1370 1618 1470 1658 filius
1481 1631 1611 1657 reuer-

951 1676 1074 1724 surus,
1111 1689 1149 1716 vt
1166 1673 1319 1716 fortasse
1342 1677 1455 1714 etiam
1474 1686 1613 1713 conce-

951 1734 1016 1773 dat
1035 1735 1198 1783 veniam,
1228 1743 1266 1772 et
1287 1744 1443 1772 vxorem
1469 1730 1610 1770 ducere

950 1791 1168 1842 compellat.
1221 1792 1262 1829 E.

1002 1850 1074 1886 Pro
1110 1859 1158 1885 an
1186 1857 1322 1884 omnes
1351 1842 1468 1883 nostri
1499 1855 1602 1882 anne.

947 1902 1076 1944 Reese.
1133 1905 1175 1941 B.

1000 1972 1054 2012 47
1084 1957 1197 2014 Qid
1212 1969 1330 1996 autem
1345 1954 1465 2009 hoc?]
1498 1957 1606 1995 Haec

945 2028 1021 2054 vox
1043 2014 1096 2053 est
1121 2014 1302 2053 timentis.
1360 2013 1405 2052 C.

1000 2078 1052 2123 48
1098 2070 1161 2109 Ad
1199 2067 1451 2108 Menedemum
1492 2066 1605 2121 hunc]

946 2125 1015 2167 Ms.
1048 2130 1087 2167 R.
1127 2126 1211 2164 hinc
1239 2139 1333 2165 nunc
1360 2124 1408 2162 ad
1435 2124 1609 2162 Menede-

945 2196 1042 2223 mum
1059 2195 1221 2237 pergam.
1274 2187 1315 2223 L.
1371 2209 1373 2211 .

998 2243 1117 2292 Lege,
1137 2238 1271 2278 Miror
1290 2249 1364 2276 non
1385 2234 1465 2287 iuffi*
1475 2249 1528 2274 me
1539 2233 1602 2274 ab·

942 2297 1017 2348 ripi
1036 2295 1145 2334 hinc:
1173 2307 1270 2334 nunc
1291 2293 1340 2333 ad
1348 2293 1602 2332 Menedemum

943 2353 1035 2391 hunc
1066 2364 1230 2405 pergam.
1285 2347 1411 2389 Nostri
1441 2347 1600 2396 habent,

943 2407 1078 2449 Miror
1110 2421 1183 2446 non
1210 2404 1336 2460 iuffiffi’
1368 2405 1452 2444 ilico
1483 2405 1605 2457 arripi

943 2479 1021 2504 me:
1053 2464 1137 2502 hinc
1159 2474 1229 2502 etc.
1286 2466 1326 2503 Β.

944 2551 953 2555 .,
995 2532 1049 2573 49
1088 2520 1172 2559 Seni
1207 2518 1329 2570 nostro
1362 2515 1471 2569 fidei]
1508 2519 1601 2558 Non

943 2576 1098 2618 credam
1131 2572 1216 2615 feni
1242 2573 1344 2629 quali
1370 2569 1602 2627 ignoscenti,

1537 2641 1602 2670 ita-
