1815 3168
326 182 423 233 2'40
721 172 760 218 A
773 171 807 217 C
819 172 880 216 T.
907 163 974 215 Ὗ.

1023 167 1214 214 SCEN.
1243 169 1300 214 V.

458 299 595 356 Quod
615 300 858 365 voluptates
881 312 1035 343 eorum
1058 297 1265 361 propriae
1285 294 1397 341 sunt.
1466 286 1594 342 ¹Nam
1612 294 1689 339 mi·

554 378 600 422 hi
628 376 923 422 immortalitas

386 469 412 517 ς
456 448 641 504 Parta⁷st,
663 450 690 497 {i
717 448 835 496 nulla
856 446 1083 509 aegritudo
1104 447 1208 493 huic
1227 445 1385 507 gaudio
1399 440 1692 491 intercesserit.

359 533 381 551 '¹
427 542 431 548 ’
461 528 545 577 Sed
571 544 704 591 quem
727 543 809 587 ego
831 525 940 579 mihi
974 521 1241 588 potissmium
1265 532 1415 586 optem
1439 537 1583 574 nunc,
1622 511 1692 565 cui

556 604 662 650 haec
686 619 872 653 narrem,
904 599 1021 645 dari?

462 676 572 727 CH.
612 678 733 732 Quid
757 674 863 722 illud
886 674 1016 736 gaudi
1040 672 1130 720 est?
1170 672 1250 720 ΡΑ
1266 687 1319 720 Μ.
1354 676 1533 718 Dauom
1550 669 1694 718 viden.

561 749 756 807 nemo'st,
778 769 912 816 quem
931 750 1118 803 mallem,
1145 751 1360 796 omnium.

330 991 460 1034 Omne
475 989 593 1042 ‘quod
614 988 802 1028 habemus
818 999 882 1026 aut
904 1000 988 1027 mu·

329 1062 435 1090 tuum
457 1048 520 1095 est,
540 1056 604 1084 aut
622 1045 834 1096 proprium.
897 1045 987 1082 Mu-

330 1120 432 1146 tuum
459 1103 514 1143 est
539 1099 723 1154 quiequid
752 1098 800 1138 ad
834 1109 989 1150 tempus

328 1161 527 1205 habemus,
563 1170 637 1196 nec
657 1155 902 1208 postmodum
922 1167 990 1193 no-

329 1218 444 1258 strum
462 1215 630 1255 futurum
651 1211 714 1258 est,
746 1223 783 1250 vt
803 1225 903 1259 vxor,
923 1211 990 1250 do-

329 1287 425 1320 muS,
452 1272 549 1318 villa,
571 1268 692 1317 serui,
721 1279 760 1306 et
780 1278 928 1306 caetera
946 1268 987 1305 in
1020 1300 1021 1304 ,

331 1329 437 1369 hunc
469 1327 650 1367 modum:
693 1324 916 1376 Proprium,
951 1334 990 1361 vt

329 1388 448 1425 virtus
481 1382 621 1429 animi,
656 1391 695 1419 et
722 1380 869 1418 bonum
898 1377 990 1432 sem-

332 1438 551 1495 piternum,
564 1437 668 1490 quod
687 1437 845 1488 proprie
869 1435 919 1474 de
938 1435 988 1473 di—

329 1501 362 1538 is
390 1497 551 1539 dicitur:
578 1507 660 1533 non
696 1493 804 1531 enim
831 1490 990 1531 aliunde

331 1563 546 1605 venerunt,
588 1549 653 1589 sed
687 1549 789 1600 apud
828 1546 864 1586 se
892 1545 994 1599 i'psos

333 1604 418 1650 sunt
437 1606 598 1659 semper.
646 1609 694 1646 Et
713 1606 923 1656 Epicurum
944 1601 994 1642 se-

333 1679 442 1707 cutus
466 1665 541 1703 hoc
561 1663 676 1701 dixit:
706 1663 867 1712 Proprie
897 1673 1003 1712 ergo·

334 1724 384 1762 de
430 1722 501 1761 diis
530 1719 799 1772 sempiternum
845 1717 993 1755 dicitur.

333 1783 431 1820 Nam
452 1779 558 1815 inter
564 1774 829 1827 sempiternum
850 1784 890 1812 et
911 1784 995 1824 per»

328 1848 481 1890 petuum
502 1830 763 1870 hocinterest:
788 1830 891 1880 quod
901 1828 995 1879 stm-

327 1893 518 1946 piternum
545 1886 593 1926 ad
620 1887 736 1932 deos,
772 1895 994 1937 perpetuum

335 1946 496 2000 proprie
528 1943 575 1982 ad
601 1942 781 1980 homines
808 1940 992 1992 pertinet.

335 2006 430 2056 Ego·
455 2001 606 2039 deorum
633 2000 750 2036 vitam
777 1995 990 2048 propterea]

335 2062 448 2100 Hanc
488 2053 719 2094 sententiam
752 2064 872 2091 totam
907 2054 993 2091 Me-

337 2113 475 2155 nandri
504 2111 553 2149 de
571 2108 761 2150 Eunucho
774 2106 990 2147 'transtulin

338 2181 379 2210 et
402 2169 475 2208 hoc
502 2166 557 2206 est
585 2166 690 2218 quod
710 2165 866 2212 dicitur,
898 2164 993 2202 Con-

338 2226 517 2268 taminari
554 2236 628 2261 non
671 2223 791 2260 decere
827 2218 992 2271 fabulas.

338 2283 421 2339 Ego
445 2281 595 2320 deorum
613 2278 749 2331 vitam]
780 2280 868 2316 Non
887 2275 992 2323 dixit,

340 2338 446 2392 quod
485 2335 550 2375 scit
577 2332 640 2383 (fi't
667 2336 747 2379 Z.):
788 2331 851 2372 secl
889 2331 994 2383 quod

340 2408 477 2435 verum
494 2393 617 2445 p'utet.
652 2394 701 2431 Et
720 2388 774 2428 est
794 2386 907 2435 δόγμα
927 2393 995 2425 ἐπι-

339 2450 482 2498 astigam
515 2446 620 2499 quod
646 2461 668 2486 a
688 2446 846 2484 caeteris
873 2443 997 2496 philo·

277 2518 279 2520 “
340 2506 468 2559 sophis
486 2503 720 2554 repudiatur,
741 2502 790 2540 de
808 2501 886 2540 otio
906 2499 995 2539 deo-

342 2577 427 2603 rum
437 2575 479 2601 ae
490 2560 654 2613 perenni
667 2559 877 2610 voluptate.
916 2559 966 2596 D.

394 2620 564 2658 Deorum
598 2614 733 2668 vitam]
779 2612 997 2664 Apollodo-

342 2689 427 2717 rus:
468 2673 488 2717 ἐ
517 2675 601 2712 viro
628 2670 673 2710 τό
700 2673 764 2720 ζῇν
794 2671 846 2710 ἐςί
872 2669 918 2709 τὸ,
939 2685 998 2708 κα·

1569 840 1692 885 Nam

1036 983 1165 1032 λεῖμενσν
1189 987 1282 1026 Θεῶν
1307 984 1439 1027 ἆληθῶς
1458 980 1540 1029 βιόν.
1564 983 1604 1020 in
1616 984 1695 1022 He·

1037 1054 1182 1081 autont.
1210 1042 1372 1080 Deorum
1389 1042 1506 1079 vitam
1525 1040 1616 1091 apti.
1650 1040 1693 1078 L.

1091 1100 1213 1150 Lege·
1233 1097 1347 1135 metri
1382 1096 1502 1148 gratia
1535 1109 1574 1133 ea
1599 1106 1693 1146 pro-

1033 1163 1152 1206 pter-3
1198 1151 1246 1190 {ic
1280 1151 1409 1190 laudat
1443 1153 1571 1190 locum
1608 1152 1694 1191 Ser-

1039 1210 1137 1248 uiu's.
1195 1212 1234 1247 B.

1090 1278 1119 1317 4
1149 1264 1329 1315 Propriae
1342 1262 1449 1316 sunt]
1467 1262 1695 1314 Perpetuae',

999 1322 1003 1326 ’
1038 1318 1310 1374 sempiternae,
1331 1331 1430 1370 quae
1449 1332 1532 1357 non
1543 1316 1697 1357 suntac-

1039 1376 1307 1417 commodatae
1323 1374 1370 1414 ad
1381 1386 1544 1426 tempuS,
1557 1387 1599 1412 ac
1607 1370 1698 1417 mu'.

1037 1446 1140 1474 tuae.
1172 1432 1219 1472 fic
1239 1443 1278 1471 et
1297 1429 1422 1483 supra,
1453 1430 1609 1470 Nihilne
1633 1430 1698 1483 cst}
1755 1437 1757 1439 ’
1814 1429 1815 1440 ’

1031 1492 1226 1543 proprium
1245 1484 1446 1540 cuiquom‘.²
1503 1490 1551 1527 D.

1101 1560 1124 1600 ς
1155 1545 1194 1584 Si
1205 1544 1301 1583 nulla
1313 1543 1508 1597 aegritudo
1519 1543 1603 1583 huic
1610 1556 1700 1598 gau-

1044 1603 1126 1656 dio]
1166 1602 1319 1642 Scilicet
1348 1599 1557 1639 secundum
1588 1597 1700 1651 supra

1045 1659 1182 1698 diuam
1201 1655 1427 1697 sententiam
1439 1687 1447 1703 ,
1475 1656 1515 1696 Si
1534 1658 1698 1707 propria,

1044 1716 1190 1766 inquit,
1225 1713 1319 1754 haec
1356 1712 1474 1752 fuerit
1511 1712 1698 1764 voluptas,

1046 1771 1141 1811 deus
1161 1768 1251 1809 sum.
1307 1772 1356 1809 D.

1095 1827 1214 1866 Parta
1225 1825 1289 1879 est]
1308 1829 1355 1866 V.
1369 1826 1412 1867 C.
1424 1824 1564 1863 Parata
1574 1822 1629 1874 est.
1651 1823 1695 1862 L.

1098 1886 1124 1924 6
1155 1882 1229 1920 Sed
1237 1894 1342 1934 quem
1358 1881 1441 1935 ego]
1462 1877 1698 1919 Adolescen-

1042 1949 1125 1977 tum
1153 1936 1222 1976 iste
1239 1935 1396 1974 affeclus
1423 1935 1495 1984 est,
1523 1935 1624 1973 velle
1641 1936 1697 1973 in-

1042 1994 1172 2032 dicare
1191 1992 1383 2044 gaudium.
1428 1989 1548 2031 Vnde
1566 1991 1606 2028 in
1619 1994 1698 2031 Eu·

1040 2047 1170 2089 nucho
1191 2047 1385 2088 Chaerea:
1415 2048 1490 2087 Sed
1503 2050 1699 2087 neminem-

1040 2120 1085 2156 ne
1129 2103 1305 2157 curiosum
1338 2106 1559 2143 interuenire
1600 2116 1698 2142 nunc

1041 2161 1156 2204 mihi?
1209 2164 1253 2201 E.

1098 2218 1235 2256 Faerni
1273 2215 1363 2254 libri
1403 2214 1577 2262 habent,
1625 2214 1700 2255 Sed

1043 2287 1144 2327 quem
1170 2286 1233 2325 ego
1260 2272 1350 2311 mihi
1367 2269 1587 2324 potiffimum
1615 2285 1699 2310 exo-

1038 2342 1138 2384 ptem
1156 2341 1260 2376 nuuc,
1283 2340 1354 2367 etc.
1385 2326 1454 2365 nifi
1474 2326 1699 2378 quodBem-

1043 2386 1157 2425 binus
1188 2386 1285 2438 legit
1319 2396 1445 2436 optem.
1503 2382 1599 2432 Sed,
1646 2397 1699 2423 ne

1043 2440 1168 2481 versus
1189 2441 1345 2485 laboret,
1369 2452 1475 2491 pono
1496 2452 1583 2478 curn
1603 2439 1698 2478 duo-

1042 2498 1113 2538 bus
1134 2496 1246 2536 codd.
1269 2498 1325 2535 cui
1344 2509 1452 2539 nunc.
1505 2497 1547 2534 B.

1097 2565 1126 2607 7
1166 2552 1276 2607 Ἇιὲά,
1313 2552 1405 2591 illud
1445 2552 1562 2607 gaudi
1597 2549 1696 2604 est?]

1044 2613 1090 2651 In
1121 2610 1222 2658 aliis,
1260 2609 1361 2651 Daui
1384 2605 1548 2662 persona
1576 2604 1698 2646 infer-

1046 2677 1118 2706 tur.
1171 2668 1221 2708 D.
