1815 3168
354 181 448 232 342

733 162 888 215 A'CT.
919 166 969 215 11.
1002 167 1195 214 SCEN.
1225 166 1301 214 111.

387 311 454 359 45
492 299 633 348 Heus,
657 294 781 348 heus,
805 293 886 341 tibi
910 294 1022 348 dico,
1045 294 1250 347 Chaerea,
1269 293 1437 356 inquit.
1471 292 1629 343 restiti:

491 366 605 420 Scin’
629 370 735 438 quid
757 387 842 433 ego
869 380 912 418 te
935 368 1166 419 volebam?
1204 369 1287 420 dic.
1308 386 1399 418 cras
1427 368 1487 418 est
1507 373 1619 418 mihi

357 593 500 636 minuit
534 592 758 632 diffionem.
813 585 932 634 Recte
964 600 1021 633 et-

358 650 435 690 iam
455 648 738 689 deformitatem
765 646 944 687 describit
969 646 1023 688 se-

356 706 442 753 nis,
480 707 545 757 qui
574 717 727 758 praeter
756 706 932 757 (propter
957 707 1021 756 Z.)

358 772 546 809 aetatem,
575 761 657 813 post
685 761 888 813 pulchram
910 761 1022 813 virgi-

357 831 473 866 nem,
511 816 667 857 soedior
705 816 917 856 videbatur.
974 819 1024 857 Et

360 887 478 925 quam
505 875 731 925 importune
762 872 922 911 omnia?
951 886 1023 925 pro

356 930 518 982 puella,
562 927 681 968 senex
719 928 905 967 occurrit:
952 928 1045 979 pro¹

359 986 517 1037 virgine
529 1013 538 1027 ‚
572 986 750 1022 incur-uus
763 1012 772 1030 ,
816 984 1023 1024 tremulus:

357 1055 432 1093 pro
453 1037 622 1091 pulchra.
643 1038 755 1077 labiis
767 1037 1024 1093 demisES‚ge-

355 1108 497 1135 mens:
529 1104 568 1134 et
587 1108 675 1133 cum
695 1105 842 1133 amator
860 1093 913 1143 fit,
935 1096 1021 1134 ina·

354 1154 462 1191 niter
483 1148 716 1190 adolescenti
738 1147 819 1200 ipse
836 1149 1023 1190 iudicium

353 1208 548 1258 loquitur:
571 1206 663 1245 dum
682 1205 948 1246 festinandum
966 1205 1023 1255 fit,

355 1274 586 1302 remoratur.
668 1261 794 1302 Labiz's
842 1259 1021 1316 demtffis]

353 1321 508 1361 Maiora
542 1318 667 1362 labra,
699 1318 805 1357 vnde
836 1317 1018 1357 labeones.

353 1376 438 1416 Alii
467 1374 565 1414 labia
595 1373 799 1421 inferiora,
835 1384 878 1413 et
912 1372 1021 1412 labra

355 1430 567 1483 superiora.
629 1431 677 1469 D.

414 1500 467 1540 45
492 1487 606 1534 Heus,
618 1485 714 1532 heus,
730 1483 801 1524 tibi
818 1485 900 1524 dico
912 1483 1024 1524 Chae-

355 1544 443 1597 rea]
485 1542 573 1582 Tibi
603 1542 683 1581 dico
716 1541 900 1587 Chaerea,
938 1553 1022 1580 non

356 1599 543 1643 adderet,
576 1598 646 1637 nifi
677 1597 827 1638 videret
853 1596 1023 1645 Chaere-

357 1670 421 1695 am
461 1654 761 1696 diffimulantem
795 1653 1022 1705 praeterire.

357 1712 507 1765 Inquit]
542 1712 670 1751 Aliter
697 1711 823 1763 inquit
851 1722 1021 1761 pronun-

356 1767 540 1807 ciandum
561 1766 624 1807 est,
658 1765 734 1805 hoc
753 1765 818 1812 est,
849 1766 1020 1804 concita-

354 1835 410 1865 te.
465 1826 566 1862 Nam
610 1820 711 1861 senis
753 1821 873 1862 verba
909 1821 1022 1862 aliter

353 1877 598 1933 proferenda
615 1875 711 1917 sunt.
771 1879 822 1917 D.

411 1933 496 1973 Tibi
514 1933 614 1987 dico]
645 1936 692 1973 Et
717 1931 780 1970 hic
799 1946 914 1984 quam
931 1931 1020 1971 stul-

354 2001 417 2039 te,
445 2001 504 2037 vt,
542 2003 628 2029 cum
655 1989 732 2027 iam
760 1988 1028 2037 reuocauerit,

354 2047 544 2096 adiiceret
582 2044 651 2084 tibi
685 2044 776 2082 dico.
825 2042 892 2083 sed
922 2044 1020 2082 inde

352 2102 571 2149 subiunxit,
603 2113 692 2139 curn
719 2101 851 2151 vtique
867 2109 1019 2151 paratus

356 2157 454 2199 effet
467 2153 691 2198 adolescens
702 2155 748 2195 ad
761 2155 1017 2204 audiendum,

354 2216 453 2255 Scin’
501 2213 593 2267 quid
635 2226 701 2268 ego
743 2225 778 2251 te
822 2210 1017 2250 volebam?

355 2273 490 2320 Quam
511 2270 620 2308 enim
631 2269 784 2307 stultum
796 2266 859 2316 est,
881 2278 920 2306 vt
928 2280 1017 2306 cum

353 2337 449 2366 ante
473 2325 617 2365 debeat
636 2324 786 2371 dicere,
814 2324 933 2362 veluti
959 2324 1017 2362 in-

355 2393 529 2435 terroget
546 2394 593 2420 ac
611 2381 723 2428 dieat,
755 2380 832 2420 Scis
849 2380 938 2432 quui
955 2393 1017 2434 ego

356 2452 393 2479 te
412 2437 603 2477 volebam?
621 2440 676 2476 lta
695 2436 847 2474 cnaeus
863 2435 917 2475 est
926 2436 1015 2475 ado·

356 2492 504 2534 lescens
532 2490 768 2544 respondere
794 2501 834 2530 vt
872 2491 1021 2532 diceret

356 2551 448 2590 Dic.
511 2552 619 2588 Inter
647 2549 747 2588 vices
776 2560 916 2587 vocum
942 2561 1018 2587 ma—

357 2621 436 2661 gna
457 2604 611 2644 tarditas
632 2604 858 2644 declaratur.
913 2604 1017 2644 Con-

356 2674 413 2704 tra
430 2659 642 2714 respondet
657 2660 748 2713 ille,
776 2661 868 2704 Cras
887 2660 1017 2719 &ll-mig

1609 447 1727 496 Iudi-

1071 592 1112 632 hi
1147 591 1336 632 iudicium.
1391 592 1440 631 Et
1475 589 1551 629 hoc
1576 589 1731 632 stultum

1072 649 1135 697 est,
1157 647 1261 699 quod
1281 649 1351 695 ait3
1383 645 1485 698 quod
1506 658 1585 685 cras
1605 647 1732 687 fuerat

1071 704 1261 748 futurum,
1274 702 1400 756 pridie
1410 702 1621 742 nunciauit.
1652 705 1730 742 De-

1071 761 1167 800 inde
1191 759 1297 799 tarda
1324 758 1492 798 narratio
1521 758 1593 806 est,
1626 759 1732 811 quod

1073 817 1178 856 dicit.
1234 815 1295 867 Efl
1312 814 1404 855 mibi
1420 815 1608 854 iudicium.
1654 818 1733 855 De-

1073 873 1196 924 nique
1214 871 1327 911 dolor
1347 868 1598 911 adolescentis
1610 881 1648 918 et
1658 870 1732 910 hae

1075 929 1300 968 narratione
1342 928 1586 978 exprimitur,
1625 927 1733 979 quod

1075 985 1188 1033 dicit,
1218 983 1327 1038 Qid
1359 987 1466 1023 tum?
1504 986 1635 1034 Atque
1664 984 1732 1022 ille

1076 1039 1195 1079 verba
1213 1053 1319 1093 pene
1338 1053 1421 1079 non
1439 1036 1648 1079 necefl'aria
1666 1039 1732 1082 ad-

1072 1097 1182 1144 iecit,
1215 1109 1300 1135 cum
1319 1094 1542 1148 respondet,
1574 1096 1624 1135 Vt
1650 1096 1736 1135 dili-

1068 1165 1199 1208 genter
1217 1154 1365 1191 nuncies
1377 1155 1501 1204 patri,
1521 1153 1732 1192 -aduoccztus

1071 1221 1176 1248 mane
1217 1207 1310 1247 mihi
1344 1206 1406 1259 ‘ff
1438 1221 1480 1246 vt
1511 1210 1733 1248 meminerit.

1073 1265 1260 1314 Denique
1289 1261 1378 1301 istac
1410 1262 1459 1301 fic
1488 1262 1661 1315 expressa
1691 1274 1733 1303 et

1072 1318 1149 1359 hoc
1167 1318 1338 1370 intelligi
1357 1318 1467 1357 datur
1485 1331 1572 1357 cum
1596 1319 1734 1359 adiun-

1071 1375 1138 1422 xit,
1158 1373 1263 1413 Dum
1283 1372 1367 1412 haec
1385 1373 1486 1421 dicit,
1507 1373 1599 1413 abiit
1623 1372 1731 1416 horti,

1071 1423 1204 1482 Atque
1214 1429 1362 1476 iniecit,
1382 1443 1475 1483 rogo
1486 1432 1665 1482 numquid
1675 1445 1733 1470 ve-

1073 1486 1133 1525 lit.
1181 1485 1302 1536 Quod
1320 1484 1478 1536 quidem
1496 1484 1651 1526 fortafl'e
1669 1500 1735 1528 ve-

1071 1541 1226 1582 rifimile
1244 1541 1418 1580 videatur
1436 1538 1525 1590 effe,
1553 1556 1640 1582 eum
1667 1544 1734 1594 qui

1071 1607 1297 1650 properaret
1316 1607 1468 1636 tacente
1487 1610 1534 1637 eo
1553 1600 1620 1650 qui
1638 1601 1732 1639 reti-

1071 1654 1204 1703 nebat,
1222 1654 1384 1705 amplius
1401 1654 1645 1707 interrogare
1664 1669 1732 1694 vo-

1070 1707 1192 1750 luifl'e.
1251 1711 1399 1749 Verum
1438 1709 1512 1749 hoc
1550 1710 1598 1749 ad
1630 1711 1732 1751 festi·

1071 1776 1232 1806 nantem
1258 1765 1383 1818 magis
1416 1767 1595 1818 pertinet.
1656 1769 1731 1809 Cui

1069 1823 1188 1887 (Qi)
1199 1822 1305 1861 enim
1317 1820 1423 1870 dixit,
1434 1822 1542 1877 Rogo
1552 1837 1595 1861 ne·
1606 1824 1730 1875 (num)

1069 1879 1160 1931 qusd
1176 1878 1285 1926 velit,
1314 1877 1524 1926 metuebat,
1552 1890 1605 1916 ne
1623 1876 1729 1919 forte

1072 1931 1338 1972 discedentem
1369 1930 1492 1972 rursus
1519 1931 1638 1972 senex
1667 1949 1727 1974 re-

1071 1999 1237 2028 uocaret.
1300 1989 1485 2040 Denique
1526 2002 1614 2029 cum
1655 1991 1727 2031 ille

1068 2041 1341 2096 respondifl'et,
1369 2045 1486 2092 reete;
1517 2055 1611 2084 tunc
1633 2045 1727 2086 dicit

1069 2098 1294 2141 adolescens
1312 2099 1416 2140 abeo.
1475 2101 1564 2140 Cum
1585 2102 1654 2141 huc
1671 2117 1725 2142 re-

1055 2156 1179 2209 spicio
1199 2156 1248 2196 ad
1268 2157 1463 2210 virginem,
1517 2156 1604 2196 Post
1621 2159 1726 2198 locu-

1066 2214 1218 2252 tionem
1256 2211 1322 2250 diu
1348 2211 1518 2252 habitam
1557 2212 1723 2267 respicio,

1066 2269 1207 2320 inquit,
1229 2267 1277 2307 ad
1297 2281 1384 2324 eam
1402 2282 1518 2320 quam
1536 2267 1724 2322 sequebar

1067 2325 1271 2378 virginem.
1329 2327 1370 2365 E.

1119 2382 1176 2434 46
1217 2379 1315 2419 Scin’
1348 2381 1440 2434 quid
1468 2395 1530 2436 ego
1567 2396 1603 2422 te
1626 2384 1724 2424 vole-

1067 2435 1202 2490 bam?]
1240 2437 1316 2475 Hic
1346 2437 1561 2477 ostenditur
1591 2437 1723 2479 odiosa

1068 2493 1220 2532 tarditas
1255 2489 1377 2540 fenis,
1412 2493 1514 2546 apud
1538 2493 1723 2535 festinan-

1065 2558 1146 2587 tem
1162 2547 1390 2589 Chaeream.
1445 2553 1542 2590 Nam
1563 2564 1648 2590 non
1667 2551 1722 2591 di-

1064 2605 1132 2652 cit,
1161 2601 1225 2643 sed
1251 2606 1443 2657 promittit
1459 2603 1498 2645 se
1519 2605 1720 2648 diam-um.

1063 2661 1159 2705 Cras
1184 2660 1233 2714 est
1263 2661 1358 2705 mihi
1382 2662 1577 2718 iudicium]
1615 2664 1721 2703 Huic

1585 2732 1719 2782 morae
