1815 3168
753 190 1047 239 ANDRIA.
1510 203 1573 249 93

247 330 318 376 ¹20
354 320 389 371 Ρ
405 336 434 369 A
452 336 508 369 M.
552 325 716 384 Neque
733 318 811 383 pol
831 316 994 366 consilii
1013 316 1162 363 locum
1180 314 1335 369 habeo,
1354 330 1496 378 neque
1507 331 1579 361 au-

449 397 539 443 xilii
567 397 754 461 copiam.

216 616 399 672 sponfitm,
414 616 551 668 inquit,
571 627 673 655 tuam
683 613 878 654 amat.11oe

225 675 331 714 enim
353 672 418 722 est,
438 671 542 723 quod
561 672 687 710 adhuc
707 671 775 709 tibi
788 683 879 709 vxor

224 744 307 770 non
330 728 384 768 fit.
439 727 557 768 Vnde
577 727 754 766 adulterii
772 726 878 764 nulla

222 784 383 836 suspicio
412 783 487 833 est,
526 783 630 834 quod
655 783 719 822 illa
744 779 879 834 sponsa

225 841 290 889 est,
309 841 370 880 hie
379 850 479 879 amat
486 850 645 878 tantum.
687 837 764 878 Sed
773 842 879 879 Pam-

224 897 355 949 philus
373 908 520 935 memor
538 893 683 934 confilii
701 893 753 932 sui
765 904 805 932 et
815 905 880 932 vo-

224 953 390 999 luntatis,
411 951 558 1001 quaerit
576 961 697 990 vtrum
708 948 878 991 Charino

227 1010 355 1060 aliqua
381 1005 616 1047 cousuetudo
640 1005 684 1044 fit
713 1019 801 1044 cum
821 1017 877 1043 ea.

226 1064 305 1105 Sed
323 1062 511 1105 Charinus
536 1059 712 1102 nesciens
733 1059 881 1099 confili-

228 1134 312 1168 um,
357 1132 423 1158 cur
457 1118 556 1158 haec
583 1116 881 1171 interrogauerit

199 1216 205 1220 ,
227 1174 456 1228 Pamphilus,
472 1174 690 1227 simpliciter
701 1183 819 1226 negat
829 1170 881 1210 fa-

230 1232 346 1271 etum.
408 1230 576 1272 Volebat
609 1240 737 1270 autem
774 1231 882 1268 Pam-

229 1286 359 1340 philus
383 1284 534 1325 causam
552 1278 765 1338 {impliciter
775 1295 883 1336 repe·

231 1343 319 1391 rire,
338 1354 406 1380 cur
424 1354 510 1380 eam
529 1354 610 1380 non
622 1341 782 1379 duceret
796 1352 885 1378 vxo-

232 1411 326 1445 rem,
348 1410 462 1448 quam
484 1396 652 1436 nolebat.
709 1394 831 1446 Quod
848 1405 888 1432 vt

233 1454 303 1493 ille
322 1453 524 1501 intellexit,
543 1449 583 1491 se
601 1451 649 1491 ad
661 1463 794 1503 preces
805 1463 887 1489 ver-

234 1510 291 1557 tit,
323 1519 362 1547 et
382 1508 479 1559 petit
497 1521 545 1548 ex
566 1520 676 1547 more
698 1506 888 1558 postulan-

235 1566 342 1611 tium,
363 1577 438 1616 quo
456 1560 604 1614 semper
625 1563 758 1614 prima,
789 1573 888 1612 quae

235 1621 381 1660 maiora
402 1617 505 1664 sunt,
531 1619 718 1670 petimus:
746 1616 890 1657 deinde

237 1689 286 1715 ea
315 1688 415 1726 quae
433 1675 618 1713 volumus.
674 1675 794 1719 Nam,
836 1672 888 1710 vti

235 1729 345 1781 supra
377 1729 473 1768 dixit
489 1729 700 1776 Charinus,
720 1727 827 1773 nihil
853 1740 889 1764 a-

239 1786 322 1826 liud
347 1800 369 1824 a
385 1785 584 1837 Pamphilo
611 1785 788 1834 cupiens,
818 1780 888 1821 nist

238 1853 278 1881 vt
305 1842 448 1892 aliquot
476 1839 604 1881 saltem
624 1840 777 1892 ‹imptiis
805 1850 886 1890 pro-

235 1896 353 1938 ferret
384 1895 481 1936 dies.
536 1899 623 1937 Hoc
653 1897 768 1948 igitur
802 1906 890 1932 cum

238 1952 427 1993 desiderio
450 1951 513 2000 stt,
551 1951 697 2004 aliquid
725 1950 889 2002 amplius

236 2009 364 2062 primo
383 2007 566 2061 postulat,
592 2007 685 2048 ficut
709 2007 890 2046 diximus,

239 2065 344 2115 Quia
373 2064 489 2106 moris
525 2063 580 2102 est
605 2073 643 2103 vt
669 2075 738 2115 per
762 2072 890 2113 partes

239 2121 383 2172 primo,
414 2119 562 2159 deinde
590 2118 692 2171 quod
719 2119 891 2157 volumus

237 2174 495 2230 postulemus3
523 2186 562 2214 vt
580 2175 604 2214 si
626 2185 813 2228 negatum
840 2171 894 2211 su·

220 2232 333 2281 erit,
363 2230 467 2284 quod
502 2233 628 2283 ptimo
654 2232 814 2283 petitum
840 2227 891 2276 lit,

244 2287 320 2327 iam
339 2287 475 2341 pudori
491 2287 535 2327 fit
553 2302 575 2327 a
591 2300 668 2340 quo
681 2286 821 2338 petitur
832 2284 894 2322 de-

245 2355 402 2396 negare.
457 2343 585 2382 Primo
619 2343 717 2395 petit
749 2353 803 2381 ne
827 2339 895 2378 du-

246 2408 323 2447 cat,
352 2395 517 2439 secundo
543 2398 570 2438 fi
590 2399 741 2449 ici-non
758 2394 896 2449 potest,

247 2465 315 2492 aut
331 2452 400 2493 tibi
417 2457 565 2507 nuptiae
582 2454 647 2494 hae
661 2453 757 2505 fiant
778 2450 894 2500 cordi,

248 2505 378 2549 saltem
414 2510 558 2561 aliquot
602 2509 772 2562 proferat
802 2509 898 2555 dies,

250 2562 343 2601 dum
361 2563 610 2615 proficiscatur
629 2567 773 2617 aliquo.
811 2568 898 2605 Hoc

227 2637 232 2643 ·
251 2617 305 2659 est
323 2619 426 2673 quod
449 2620 570 2662 suerat
587 2622 768 2673 petitum:
801 2619 899 2660 fimi·

1493 463 1580 511 Sed

926 614 1015 652 liter
1032 623 1072 650 et
1088 614 1187 650 Iuno
1202 607 1250 650 ab
1271 607 1399 650 Aeolo
1414 606 1584 659 ,postula-

927 669 992 715 uit,
1012 667 1179 719 primum
1199 664 1500 717 quodmagnum
1514 661 1581 700 est.

926 723 1063 776 Vix-gil.
1094 724 1215 773 (Aen.
1248 737 1277 769 1,
1305 726 1393 773 73.)
1450 720 1584 758 Incute

926 783 1003 819 vim
1021 780 1152 827 ventis,
1161 775 1442 828 ficbmerfigl'q‘ue
1466 773 1583 812 obrue

922 847 1068 889 puppes.
1106 836 1160 874 lta
1178 830 1452 878 secundoloco,
1477 827 1585 881 quod

928 889 1095 938 volebat,
1114 889 1232 941 petit:
1264 891 1347 927 Aut
1373 900 1443 940 age
1460 886 1584 936 diuer-

917 947 1005 998 fies,
1033 959 1098 984 aut
1121 944 1243 996 disiice
1272 953 1428 994 corpora
1450 952 1585 994 ponto.

926 1006 1014 1043 Hoc
1029 1013 1200 1053 namque
1222 997 1470 1045 desiderabat,
1489 1001 1586 1038 Tro-

927 1059 1007 1100 iani
1027 1057 1075 1097 ad
1094 1057 1240 1097 ltaliam
1258 1067 1311 1094 ne
1327 1054 1520 1101 venirent,
1541 1064 1587 1090 ac

929 1124 1135 1168 propterea
1146 1110 1471 1164 dispergerentur.
1484 1108 1588 1147 Huic

928 1172 1046 1224 igitur
1062 1168 1246 1221 petitioni
1258 1163 1466 1218 respondet
1475 1167 1588 1204 Pam-

929 1226 1059 1279 philus
1068 1225 1272 1277 patienter,
1293 1234 1332 1261 vt
1341 1221 1453 1261 amici
1463 1232 1588 1268 more,

931 1296 1016 1321 non
1049 1281 1141 1333 quia
1167 1279 1352 1330 petiuerit
1375 1276 1590 1324 Charinus,

930 1335 997 1377 sed
1013 1337 1104 1389 quia
1123 1333 1204 1388 ipse
1222 1347 1310 1374 eam
1326 1333 1427 1374 nolit
1443 1331 1589 1372 ducere

932 1405 1106 1434 vxor-em.
1159 1393 1203 1431 E.

989 1448 1185 1489 Auxilium
1222 1456 1330 1497 pone
1364 1443 1450 1496 post
1483 1439 1590 1493 const*-

936 1502 1040 1543 lium.
1099 1503 1199 1542 Nam
1213 1511 1258 1540 =vt
1285 1497 1369 1552 spes
1388 1500 1516 1538 minus
1536 1497 1591 1539 est

937 1558 1074 1606 salute,
1107 1558 1161 1597 ita
1199 1555 1397 1596 confilium
1434 1555 1590 1594 auxilio.

938 1614 1098 1657 Deinde
1123 1612 1350 1651 commotius
1379 1610 1592 1663 pronunci-

937 1682 1030 1710 atur.
1082 1668 1270 1718 Denique
1295 1666 1400 1705 idem
1419 1665 1515 1705 ordo
1534 1665 1591 1705 est

934 1727 977 1765 in
1011 1722 1258 1775 responfione
1275 1719 1403 1761 versus
1429 1719 1594 1772 sequen-

935 1782 995 1821 tis.
1053 1784 1097 1821 B.

991 1849 1046 1878 20
1076 1835 1208 1888 Neque
1230 1833 1297 1888 pol
1319 1830 1456 1883 confilii
1479 1832 1593 1873 locum

938 1891 1073 1940 habeo,
1111 1903 1222 1944 neque
1255 1890 1392 1928 auxilii
1427 1887 1591 1941 copiam]

937 1947 1055 2001 Apud
1073 1957 1267 1986 amantem
1295 1957 1426 1996 neque
1444 1943 1594 1983 confilii

936 2003 1114 2046 facultas:
1144 2002 1248 2052 apud
1275 2002 1437 2054 inopem
1464 2012 1596 2051 neque

939 2061 1049 2110 copia
1082 2059 1222 2097 auxilii.
1279 2059 1350 2097 His
1379 2055 1529 2095 duobus
1556 2068 1596 2094 e-

939 2115 1084 2155 stendit
1117 2115 1230 2154 etiam
1265 2110 1344 2151 sese
1370 2123 1594 2151 amatorem.

939 2174 1081 2223 Neque
1110 2170 1173 2220 pol
1200 2167 1348 2207 confilii
1376 2167 1503 2206 locum
1528 2165 1603 2206 hav
1649 2194 1653 2195 γ

939 2227 1027 2277 beo,
1048 2228 1138 2277 quia
1157 2238 1265 2264 amo:
1297 2236 1431 2274 neque
1446 2224 1593 2270 auxilii,

941 2284 1031 2337 quia
1048 2280 1124 2320 sum
1143 2277 1269 2320 miser.
1298 2301 1301 2304 ⁴
1326 2281 1376 2321 D.

999 2337 1147 2388 Constb'i
1170 2337 1290 2376 Iocum
1309 2347 1424 2387 neque
1441 2333 1596 2387 auxilii]

942 2395 1096 2436 Plautus
1121 2394 1163 2432 in
1187 2391 1343 2431 Trucul.
1398 2391 1597 2445 Magisque

944 2452 1033 2490 adeo
1058 2453 1089 2488 ei
1112 2446 1342 2496 confiliarius
1374 2444 1432 2485 hic
1464 2451 1598 2485 amicus

947 2507 1006 2559 est,
1030 2519 1142 2558 quam
1158 2504 1391 2544 auxiliarius.
1445 2505 1487 2543 L,
1602 2537 1603 2543 χ

969 2596 975 2600 ⁷
1001 2565 1076 2611 Pro
1131 2558 1273 2611 corgfi'lii
1319 2557 1410 2610 lege
1461 2556 1598 2610 consili.

946 2620 1045 2662 Nam
1083 2627 1228 2658 veteres
1267 2625 1405 2654 omnes
1434 2613 1475 2653 in
1501 2613 1631 2654 Sub-³⁷·

1505 2669 1600 2708 stan-
