1815 3168
771 133 928 179 ACT.
958 132 1006 177 11.
1040 130 1230 176 SCEN.
1258 132 1309 176 11.

489 258 738 313 Veniss'ent:
762 260 843 307 ‘sed
866 277 1044 312 vereor,
1075 274 1133 305 ne
1165 257 1323 304 mulier
1353 274 1423 304 me
1456 256 1626 305 absente
1649 259 1721 307 hic

590 347 794 402 corrupta
818 334 880 381 sit.

490 410 788 463 Concurrunt
809 411 970 458 multae
991 410 1240 476 opiniones,
1264 426 1374 475 quae
1396 408 1506 455 mihi
1529 410 1724 456 animum

592 498 830 549 exaugeant
843 503 852 529 ε

491 564 695 617 Occasio,
742 564 888 616 locus,
933 571 1070 616 aetaS,
1111 570 1272 614 mater,
1318 562 1440 608 cuius
1475 559 1551 608 sub
1584 562 1723 624 impe·

588 634 725 694 rio’st,
761 639 894 686 mala:

1567 727 1592 772 5
1639 705 1722 758 Cui

356 857 399 887 et
415 863 436 889 a
453 855 643 897 tempore,
675 841 780 893 quod
798 838 1017 880 adolescen-
1059 840 1252 894 pinianem
1270 838 1362 880 hanc
1382 837 1475 891 qua'e
1496 835 1586 874 mihi
1601 838 1726 874 animo

303 908 306 911 ’
354 906 459 951 tula3
489 915 531 941 ac
561 910 769 952 propterea
785 898 886 935 varia
905 898 1015 949 inge-

355 963 438 1001 nio.
497 955 660 996 Deinde
678 953 846 997 addidit,
873 953 1016 992 Mater.

354 1020 444 1057 Hoc.
473 1024 620 1052 nomen
649 1021 783 1058 parum
811 1006 886 1051 est3
927 1020 1018 1045 nam

355 1072 562 1111 adderetur
582 1063 675 1116 (nisi
689 1063 923 1113 addaturz.)
943 1076 1016 1100 ma-

355 1130 402 1168 la.
461 1124 539 1165 Sed
558 1134 611 1162 ne
634 1117 757 1159 rursus
775 1116 863 1157 suae
881 1119 1016 1156 volun-

357 1184 444 1223 tatis
467 1194 506 1221 et
530 1178 666 1218 iudicii
695 1206 704 1215 .
734 1206 743 1215 .
771 1173 904 1226 (adde,
937 1172 1018 1224 effi’t

355 1240 487 1280 mulier
517 1237 602 1286 Z.):
638 1231 729 1272 ideo
749 1230 909 1276 adiecit,
946 1232 1017 1269 Cu.

358 1301 418 1337 ius
433 1291 508 1346 fieb
532 1292 686 1342 imperio
715 1287 788 1338 est:
821 1287 893 1325 Cui
922 1285 1019 1324 nihil

355 1356 430 1394 iam
439 1361 589 1404 praeter
597 1347 759 1398 pretium
772 1343 876 1382 dulce
886 1341 942 1393 est.
971 1345 1016 1382 E.

414 1421 441 1451 2
472 1400 667 1454 VeniJJe'nt]
706 1400 854 1442 Mulier
879 1409 917 1436 et
944 1395 1016 1436 ser-

357 1477 443 1505 uus.
499 1461 758 1503 Sedrvereor,
798 1468 842 1493 ne
867 1453 1015 1508 mulier]

355 1525 471 1563 Bene
511 1515 673 1556 amantis
708 1511 890 1563 exprimit
925 1508 1018 1549 affe-

358 1580 485 1617 &umt
525 1572 593 1624 qui
627 1567 778 1620 semper
814 1567 945 1606 omnia
974 1567 1017 1604 in

358 1631 530 1681 deterius
569 1624 785 1678 suspicatur.
859 1621 1016 1675 Vereor]

357 1689 492 1732 Vereri
508 1685 647 1724 dicitur
658 1713 667 1731 ‚
701 1680 768 1732 qui
785 1678 1020 1718 rationabili-

357 1758 419 1787 ter
437 1751 601 1783 terretur
611 1752 623 1788 3
648 1735 871 1785 formidare,
889 1735 956 1787 qui
975 1732 1017 1773 fi-

355 1817 413 1844 ne
428 1801 599 1839 ratione.—
645 1795 694 1836 C.

414 1862 488 1898 Pro
516 1850 691 1903 veniffimt
725 1861 878 1900 repone
903 1846 1019 1897 veng'sl

346 1913 438 1967 set:
464 1922 502 1950 vt
522 1904 875 1958 infrav.9.adeffbt-.
920 1906 960 1942 B.

417 1982 440 2022 3
473 1964 581 2007 Mihi
609 1964 768 2002 animum
786 1958 1014 2013 exaugeam]

357 2026 501 2080 Augeri
521 2020 656 2059 dicitur
673 2019 828 2065 animus,
857 2014 1014 2066 quando

355 2085 479 2122 multa
503 2085 758 2123 concurrunt,
787 2071 927 2123 quibus
952 2070 1017 2109 fle-

357 2140 468 2178 &itur
489 2135 531 2173 in
552 2145 638 2171 eam
656 2140 820 2183 partem,
844 2128 1015 2178 inquam

356 2194 575 2236 inclinatur.
633 2189 680 2228 C.

412 2253 458 2289 In
488 2244 669 2297 margine
689 2239 820 2282 Bemb.
843 2241 1014 2278 Faernus

356 2308 434 2346 hoc
452 2302 623 2343 scholion
635 2298 799 2348 reperit:
829 2296 938 2351 Qae
948 2296 1016 2334 mi·

354 2363 394 2402 hz'
414 2362 580 2400 animum
597 2366 822 2408 exaugeam,
851 2365 942 2403 quae
960 2365 1014 2389 me

357 2425 536 2460 terreant.
573 2415 732 2452 animum
761 2421 880 2447 autem
907 2408 1012 2451 dicit,

355 2488 465 2528 qnam
491 2470 545 2510 illi
563 2466 730 2522 praesim
757 2464 865 2518 effi'cit
899 2476 1015 2503 metus

346 2531 548 2584 sollicitam
586 2523 857 2579 cogitationem.
915 2523 1014 2559 Ver-

355 2585 438 2628 sum
467 2597 542 2637 ego
569 2582 621 2620 ita
647 2575 917 2631 reponendum
938 2572 1016 2615 effe

358 2643 535 2684 aestimo:
569 2637 810 2697 Confingant
829 2632 955 2682 multa,
978 2645 1031 2695 ⁰2

1066 899 1290 952 exutigeant.
1347 897 1446 936 Cum
1459 938 1461 941 ¹
1474 905 1657 946 exaugere
1687 905 1725 930 a-

1067 955 1216 1000 nimum,
1235 957 1348 998 ἂέξειν,
1372 964 1452 988 non
1474 947 1722 1001 aegritudini,

1068 1006 1134 1047 sed
1163 1008 1307 1060 gaudio
1336 1005 1557 1052 conueniat,
1578 1004 1725 1043 Palme—

1067 1064 1145 1102 rius
1163 1073 1200 1102 et
1220 1063 1282 1101 ali-i
1301 1062 1445 1101 dudum
1464 1059 1724 1100 emendarunt

1065 1131 1287 1173 exangeant.

1067 1187 1164 1229 gere
1180 1176 1315 1213 animo.
1372 1174 1469 1212 Nam
1486 1172 1606 1211 latine
1632 1170 1723 1209 dici-

1067 1242 1138 1279 tur,
1158 1242 1304 1283 angere
1323 1228 1479 1275 damno,
1497 1226 1724 1274 commodis,

1066 1286 1302 1334 honoribus,
1338 1285 1484 1323 laetitia
1515 1293 1587 1321 etc.
1643 1285 1724 1322 De·

1065 1343 1165 1383 inde
1192 1341 1354 1380 mutatio
1379 1343 1421 1378 τέ
1439 1340 1622 1392 opiniones
1640 1351 1725 1389 pro-

1065 1410 1202 1452 pterea
1218 1398 1271 1437 est
1283 1394 1500 1444 necessaria,
1511 1393 1615 1446 quod
1626 1401 1728 1444 quae

1066 1454 1280 1507 sequuntur
1308 1452 1356 1492 ad
1385 1451 1583 1504 opinionis
1610 1451 1726 1502 ratio-

1065 1507 1158 1552 'nem
1179 1525 1263 1551 non
1286 1507 1441 1561 poffunt
1457 1508 1559 1546 recle
1576 1505 1724 1546 referri.

1066 1570 1214 1624 Augere
1262 1565 1508 1619 figspicionem
1563 1563 1725 1602 occurrit

1065 1627 1166 1666 Eun.
1187 1637 1258 1672 111,
1282 1636 1315 1671 Ι,
1334 1625 1401 1676 46.
1460 1623 1500 1660 Β.

1120 1695 1148 1734 4
1179 1681 1323 1727 Locus,
1352 1675 1501 1728 occ-asto,
1527 1672 1643 1720 aetas]
1669 1674 1724 1714 Hi
1772 1704 1775 1708 ,
1814 1666 1815 1670 “

1066 1738 1144 1777 1οεί
1167 1749 1217 1775 ex
1233 1747 1315 1775 arte
1333 1733 1531 1774 Rhetorica
1549 1730 1724 1770 etiamad

1067 1794 1225 1833 maioris
1243 1792 1301 1832 rei
1319 1788 1652 1829 confirmationem
1663 1800 1724 1825 va-

1065 1851 1203 1889 lerent.
1264 1848 1406 1891 Locus,
1435 1841 1581 1893 occofi'o,
1610 1855 1722 1890 aetas,

1064 1904 1196 1951 mater]
1226 1907 1468 1955 Argumenta
1478 1900 1725 1939 deducuntur

1066 1971 1133 2000 aut
1168 1974 1189 1998 a
1223 1958 1337 1998 rebus
1370 1967 1434 1996 aut
1474 1970 1495 1994 a
1535 1952 1720 2007 personis.

1064 2020 1174 2057 Haec
1199 2016 1316 2061 enim,
1334 2011 1450 2062 causa,
1479 2022 1645 2062 tempus,
1665 2010 1724 2048 lo-

1065 2086 1140 2118 cuS,
1158 2070 1313 2119 occasio,
1326 2069 1629 2114 instrumentum,
1640 2078 1724 2105 mo-

1065 2129 1146 2177 dus,
1165 2138 1205 2166 et
1225 2137 1371 2166 caetera
1395 2138 1522 2163 rerum
1542 2120 1723 2162 acciden-

1065 2186 1130 2232 tia,
1152 2198 1172 2222 a
1192 2181 1360 2235 personis
1384 2180 1627 2219 deducuntur
1644 2176 1722 2217 hoc

1064 2239 1194 2280 modo.
1252 2242 1348 2278 Nam
1378 2235 1515 2275 iimiles
1550 2228 1722 2286 par‘enti-

1065 2297 1136 2335 bus
1154 2305 1218 2334 aut
1236 2293 1442 2333 maioribus
1463 2290 1535 2330 suis
1557 2288 1724 2341 filiiple·

1061 2364 1230 2402 rumque
1268 2349 1499 2389 creduntur:
1543 2357 1581 2386 et
1619 2359 1720 2384 non·

1063 2420 1262 2459 nunquam
1293 2405 1338 2444 ad
1359 2403 1520 2444 honeste
1546 2402 1723 2453 turpiter-

1063 2477 1140 2516 que
1176 2462 1400 2501 viuendum.
1473 2459 1659 2499 Similiter
1694 2471 1718 2496 a

1064 2521 1223 2560 natione
1243 2531 1412 2569 quoque,
1432 2516 1563 2567 patria,
1581 2523 1720 2561 aetate,

1065 2575 1297 2615 educatione
1308 2586 1345 2612 et
1356 2570 1554 2623 disciplina
1566 2567 1720 2608 sumun-

1066 2643 1137 2673 tur.
1192 2631 1323 2680 Locus,
1343 2627 1490 2681 occasio,
1510 2639 1621 2675 aetas,
1644 2639 1719 2663 ma-

1646 2695 1715 2729 ter,

1345 1117 1422 1156 Sed
1441 1117 1578 1156 melius
1599 1114 1652 1154 est
1672 1116 1724 1153 le·
1780 1147 1788 1155 .,
1813 1090 1815 1107 l
