1815 3168
540 134 543 135 ⁷
591 136 1006 186 EVNVCHVS.

1377 158 1474 205 475

250 265 389 313 Domi
411 265 694 330 opperiamur
713 267 876 328 potius,
903 280 1034 327 quam
1056 263 1128 312 hic
1139 277 1238 314 ante
1253 266 1442 316 ostium?

251 339 299 388 C
317 359 365 386 H·
399 344 543 386 Immo
563 342 792 407 percupio.

349 414 538 468 obsecro,
568 414 647 461 es?

249 483 363 537 Til.
410 494 530 537 Nam
564 490 670 554 quid
697 484 791 542 ita?

350 564 465 611 aedis
499 569 661 627 cogitas

831 339 869 389 P
887 356 937 386 Y.
974 355 1105 404 quam
1126 352 1175 387 tu
1195 359 1291 389 rem
1315 342 1476 399 aRura,

812 487 930 540 ΡΥ.
967 490 1159 552 rogitas?
1198 491 1318 540 hunc
1349 504 1398 540 tu
1430 496 1479 545 in

250 641 462 704 Recipere
489 640 700 705 posthac?
731 634 833 688 TH.
854 656 934 688 cur
954 641 1079 688 non?
1119 641 1204 689 ΡΥ.
1241 643 1368 690 crede
1391 643 1480 693 hoe

348 732 469 761 meae
497 714 613 769 fidei,

153 785 221 838 60
255 789 389 836 Dabit
407 790 478 837 hic
502 792 688 855 aliquam
710 807 908 857 pugnam
930 790 1092 840 denuo.
1129 784 1238 840 ΤΗ.
1276 811 1354 848 au,
1386 804 1480 842 tace

345 865 536 926 obsecro.

170 948 248 988 Alii
274 948 360 988 libri
381 963 466 990 cum
483 949 668 1000 habeant,
686 951 775 991 dum

114 1005 147 1041 is
166 1008 278 1053 venit,
301 1006 378 1052 alii,
399 1007 484 1046 dum
503 1010 602 1046 venit
613 1011 645 1047 is
659 1021 675 1050 ,⁴
701 1020 773 1047 nos

113 1073 204 1098 cum
236 1063 388 1100 Faerno
418 1059 614 1113 sequimur
644 1064 773 1102 leelin-

113 1129 207 1155 nem
226 1117 357 1156 Bemb.
379 1117 461 1165 vbi,
491 1123 538 1168 is,
568 1120 686 1171 plane
706 1118 772 1158 ab·

113 1172 178 1210 est.
246 1174 454 1214 Caeterum
493 1173 595 1227 vifize
632 1175 771 1215 melius

111 1238 302 1279 putamus,
321 1242 438 1280 quam
455 1232 532 1270 vin.
587 1233 629 1270 B.

144 1288 223 1337 --56
268 1284 388 1324 Domi
419 1288 650 1338 opperiamur
673 1288 773 1338 poti-

112 1351 178 1386 us,
232 1352 342 1391 quam
379 1339 438 1380 hic
474 1355 560 1381 ante
592 1340 770 1395 ostium]

112 1396 205 1435 Non
232 1396 367 1448 ignara
394 1396 666 1436 illecebrarum
694 1410 772 1436 me-

114 1452 248 1499 retrix,
288 1465 370 1490 non
406 1448 529 1490 solum
557 1450 773 1492 Chaeream

110 1507 273 1547 retinet:
305 1519 437 1547 verum
459 1508 574 1546 etiam
593 1517 713 1554 vocat,
734 1520 773 1545 v-

111 1563 154 1602 bi
185 1563 291 1616 virgo
323 1561 388 1602 est.
442 1565 492 1604 Et
518 1561 603 1602 satis
631 1563 772 1602 callide

110 1620 327 1671 interrogat
355 1632 406 1658 an
436 1618 549 1659 velit:
579 1617 679 1670 quasi
706 1621 773 1658 ne-

108 1673 200 1714 sciat
220 1675 331 1713 velle.
381 1675 433 1715 D.

135 1741 139 1745 ·
169 1741 221 1782 57
232 1730 344 1770 Immo
351 1730 546 1785 percupio]
557 1730 771 1780 Amator-ie,

110 1798 195 1826 nou
219 1785 333 1829 Volo:
365 1784 429 1826 sed
451 1788 642 1839 Perrupio.
676 1788 727 1829 D.

166 1841 283 1880 Immo
307 1842 498 1896 percupio]
537 1842 656 1894 Cupit
681 1842 771 1882 ado-

109 1894 257 1937 lescens
281 1907 319 1936 vt
329 1897 486 1951 ingredi
496 1898 587 1937 velit
597 1898 768 1945 domum,

107 1953 295 2005 quoniam
342 1953 422 1992 illic
457 1967 504 1992 ea
534 1954 663 2005 puella
702 1953 769 2001 est,

108 2021 225 2060 quarn
266 2008 397 2049 videre
433 2008 631 2050 desiderat.
689 2009 768 2051 Sed

107 2063 182 2103 hoc
211 2065 403 2105 intellexit
429 2065 588 2119 Pythias
616 2075 655 2105 et
682 2079 770 2119 pro-

108 2132 259 2174 pugnat
283 2121 436 2170 dicens‚
471 2123 598 2178 ¹Quam
624 2134 667 2162 tu
690 2135 767 2163 rem

109 2177 250 2226 actura,
268 2175 423 2229 obficro,
449 2179 507 2222 es?
528 2191 531 2197 ‘
562 2181 604 2218 E.

168 2240 217 2283 58
247 2233 357 2272 Hunc
383 2247 424 2273 tu
453 2236 493 2273 in
518 2232 640 2287 aedes]
677 2236 766 2274 Pro-

110 2299 258 2327 nomen
278 2290 320 2328 in
340 2288 398 2329 his
416 2289 500 2340 plus
518 2289 630 2339 valet,
649 2302 765 2341 quam

110 2341 294 2383 accusatio
305 2345 513 2399 (appellatio
532 2346 603 2398 Z).
653 2346 764 2385 Hunc

109 2410 156 2438 tu
183 2400 222 2439 in
257 2401 356 2440 aedes
385 2400 586 2456 cogita52]
632 2403 760 2442 Mire:

110 2467 199 2493 cum
219 2455 281 2494 illa
299 2457 373 2496 iam
391 2458 501 2506 velit,
528 2457 681 2513 Cogitas
708 2457 761 2497 di·

108 2509 188 2558 xit,
228 2511 360 2551 volens
392 2523 432 2553 vt
461 2516 662 2567 recogitet.
714 2514 762 2554 In

105 2567 216 2604 aedes
236 2569 374 2621 cogitas
391 2572 548 2621 recipere
563 2569 714 2622 posthac
726 2569 759 2623 ἲ]
778 2595 790 2605 .

107 2623 184 2662 Per
208 2623 370 2662 ancillae
397 2624 511 2664 verba
537 2625 617 2665 vult
637 2625 762 2665 osten-

107 2676 265 2734 dere-(F
269 2688 363 2731 orte,
382 2679 500 2722 Poeta
515 2679 670 2734 ostendit
685 2682 756 2735 Z),

1383 868 1480 916 ΡΥ.

823 965 939 1004 quam
965 951 1010 992 fit
1036 953 1320 993 tractandorum
1336 952 1481 993 adoles-

821 1010 994 1048 centium
1014 1011 1137 1061 perita
1157 1010 1351 1050 meretrix.
1381 1013 1432 1050 D.

877 1107 930 1150 59
966 1094 1174 1151 Posthac?]
1211 1097 1297 1138 Post
1326 1096 1480 1138 hoc-fa-

822 1152 924 1192 &um
942 1184 951 1201 ‚
995 1153 1078 1205 post
1125 1151 1223 1194 hanc
1267 1154 1478 1193 audaciam.

821 1208 944 1248 Crede
963 1208 1028 1247 hoc
1045 1222 1140 1247 meae
1160 1208 1269 1264 fidei]
1301 1211 1479 1250 Puellari-

820 1273 880 1303 ter
902 1264 1009 1313 dixit,
1033 1266 1138 1304 Meae
1151 1263 1254 1316 fidei.
1310 1268 1359 1306 D.

874 1346 931 1384 60
968 1342 1093 1383 Dabit
1126 1343 1185 1382 hic
1219 1344 1381 1397 ah’quam
1406 1357 1481 1399 pu-

820 1410 932 1452 gnam
968 1399 1101 1452 denuo]
1153 1402 1222 1439 Pro
1249 1400 1398 1451 stupro:
1439 1413 1480 1441 vt

823 1455 943 1504 (Aen.
963 1467 1015 1500 xx,
1035 1455 1168 1507 736.)‚
1197 1456 1247 1493 At
1268 1469 1341 1494 non
1361 1460 1401 1496 in
1414 1458 1480 1496 Ve-

821 1521 944 1548 nerem
961 1507 1103 1563 lignes,
1130 1511 1378 1564 noc‘turnaque
1405 1512 1479 1551 bel«

820 1563 868 1604 la.
924 1568 988 1614 Vr,
1011 1565 1226 1617 Vereturque
1256 1566 1343 1606 bella
1369 1581 1403 1608 et
1422 1571 1480 1607 in-

819 1632 907 1675 gens
920 1621 1087 1671 facinus.
1142 1624 1195 1661 Vt
1212 1623 1385 1672 Lucilius,
1413 1625 1480 1664 Vi-

821 1677 950 1723 cimus,
983 1689 1003 1714 o
1022 1675 1136 1730 socii,
1166 1690 1202 1716 et
1222 1691 1392 1733 magnam
1405 1691 1477 1731 pu-

815 1733 1012 1787 gnauimu’
1064 1743 1237 1786 pugnam.
1331 1734 1477 1790 Dabit]

773 1791 777 1795 ”
818 1791 965 1829 Autem
1003 1790 1160 1840 proprie
1193 1801 1263 1841 pro
1289 1789 1475 1832 inducet:

817 1846 1006 1939 2533}ss
1033 1845 1477 1943 315321'11253'2155m3322'2

817 1953 992 2010 obsecro]
1042 1957 1104 1995 Au
1149 1932 1370 1997 interieffl'o
1419 1958 1476 2000 est

817 2010 1044 2063 perturbate
1072 2011 1267 2051 mulieris:
1302 2023 1343 2053 vt
1369 2014 1476 2067 apud

816 2068 984 2108 Graecos
1004 2064 1049 2107 ἱέ.
1106 2068 1157 2107 D.

868 2121 989 2163 Dabit
1018 2122 1075 2161 bic
1102 2122 1264 2176 aliquam
1285 2125 1475 2182 pugnam]

813 2179 1013 2231 Proprium
1032 2177 1194 2218 verbum
1213 2178 1277 2228 est,
1300 2192 1338 2219 et
1355 2180 1475 2221 fami-

812 2235 908 2274 liare
925 2234 974 2274 ad
994 2234 1291 2287 exprimendum
1303 2232 1476 2289 semper‚·

813 2291 941 2342 (celere
951 2290 1008 2342 Z.)
1031 2302 1113 2329 cum
1125 2289 1269 2342 aliquid
1280 2289 1363 2332 fieri
1374 2293 1470 2333 dici-

811 2357 883 2387 tur.
939 2349 994 2388 Vt
1005 2346 1134 2400 (Virg.
1156 2347 1228 2387 Ge.
1245 2359 1313 2396 111,
1341 2350 1468 2403 265),

811 2401 966 2443 imbelles
997 2402 1091 2442 dant
1109 2402 1254 2456 praelia
1282 2406 1388 2444 cerui.
1425 2416 1468 2446 et

809 2457 884 2509 hic,
895 2456 1000 2499 dabit
1016 2459 1178 2511 aliquam
1187 2470 1359 2513 pugnam.
1387 2463 1433 2501 Ε.

866 2513 990 2556 Dabit
1016 2512 1074 2553 hie:
1100 2514 1263 2568 aliquam
1277 2516 1465 2572 pugnam]

808 2571 924 2612 Plaut.
933 2569 1109 2612 Bacchid.
1119 2582 1163 2618 11,
1175 2583 1211 2623 3,
1224 2583 1286 2625 39.
1342 2575 1383 2613 L.

864 2627 988 2668 Bentl.
1022 2626 1183 2666 collocat
1211 2627 1292 2666 ita:
1336 2628 1461 2669 Dabit

808 2682 870 2723 hic
884 2693 1050 2741 pugnam
1067 2682 1232 2737 aliquan
1250 2692 1324 2724 etc.
1361 2687 1401 2727 Z.
