1815 3168
306 148 325 180 1
337 147 397 180 0‘2

670 134 846 199 ACT.
881 135 932 185 11.
971 135 1168 181 sceN.
1202 134 1257 178 11.

440 258 525 308 ΡΛ
542 273 592 307 Μ.
629 260 820 309 Obsecro
850 260 916 315 te,
956 278 1087 325 quam
1119 262 1314 324 primum
1329 259 1416 307 hoc
1433 274 1505 306 me
1526 256 1661 305 libera

537 335 739 383 miserum
759 350 894 384 metu.
932 335 977 382 D
992 350 1023 382 A
1040 349 1088 380 v.
1124 334 1251 385 hem!

351 428 371 460 1
385 426 409 473 ς
440 409 614 459 Libero.
645 429 823 459 onrem
845 411 924 459 tibi
947 429 1039 458 non
1060 410 1133 458 dat
1154 413 1241 458 iam
1253 411 1479 458 Chremes.
1513 405 1595 456 ΡΑ
1610 422 1664 455 Μ.

540 489 615 549 qui
634 486 744 532 scis?
777 486 824 534 D
843 503 871 532 A
890 499 936 532 v.
973 488 1071 534 scio.

434 566 565 609 Tuus
585 572 708 625 pater
745 563 879 610 modo
902 580 974 609 me
1002 561 1260 629 prehendit3
1297 562 1368 614 ait,
1390 558 1471 608 tibi
1486 574 1670 611 rvxorem

543 637 642 683 dare
668 637 750 684 sese

309 889 422 943 supra
448 891 596 931 dixerat
612 892 833 946 Pamphilus
852 893 971 946 Jsthuc

310 948 437 1001 ipfitm,
463 949 605 1000 repetit
621 960 802 1001 tanquam
828 964 970 990 vanum

311 1004 467 1043 dietum.
529 1004 645 1043 Nihil
668 1008 815 1059 pericli]
849 1009 972 1059 Rogat

311 1071 351 1100 vt
381 1071 485 1100 metu
515 1060 655 1100 liberet
673 1062 876 1102 dominum
902 1062 972 1102 ser-

311 1129 394 1163 uus,
419 1127 458 1155 et
478 1113 665 1156 summam
688 1119 855 1157 collocat.
895 1118 973 1157 Pri·

313 1186 421 1211 mum
444 1171 544 1211 hanc
566 1187 647 1213 rem
667 1172 820 1226 semper
842 1173 971 1213 sacere

315 1227 434 1267 debet
454 1240 588 1277 orator,
611 1231 664 1268 vti
684 1243 775 1269 ante
793 1233 970 1281 partium,

314 1297 417 1336 quae
451 1285 575 1337 longo
606 1298 755 1338 genere
789 1285 971 1323 narrandi

315 1339 631 1390 explicabuntur,
668 1338 812 1380 summa
844 1341 975 1391 primi-

314 1407 374 1434 tus
396 1395 620 1433 collocetur:
654 1406 694 1433 et
713 1394 787 1434 hoc
807 1396 976 1434 maxime

315 1453 356 1490 in
385 1451 520 1496 initio,
546 1461 586 1490 vt
610 1449 760 1490 facilius
788 1464 847 1490 res
874 1464 976 1489 com-

316 1506 512 1558 prehendi
559 1506 682 1558 poffit.
709 1521 711 1523 ·
752 1507 816 1548 Est
855 1507 978 1560 igit-ur

318 1561 487 1603 summa:
526 1564 681 1603 onrem
705 1564 856 1602 nondat
870 1564 981 1602 Chre-

319 1633 390 1659 mes
404 1618 646 1670 filiamficam
665 1619 868 1672 Pamphilo.
899 1619 981 1658 eius

319 1674 406 1715 casu
441 1674 612 1722 videatur
649 1675 714 1714 ista
750 1684 984 1729 argumenta

322 1729 535 1783 collegisse3
567 1741 632 1770 aut
660 1744 709 1770 ex
732 1743 878 1772 euentu
898 1745 982 1769 nar-

325 1799 381 1827 rat
422 1785 592 1834 causam,
648 1787 981 1839 quemadmodum

323 1843 372 1882 ad
393 1841 536 1881 indicia
555 1843 724 1882 veritatis
746 1844 982 1895 peruenerit.

323 1901 438 1939 Tunc
462 1909 573 1949 paret
593 1896 739 1938 cauffae
754 1931 763 1947 ,
802 1896 983 1950 quemad-

323 1955 485 1995 modum
517 1954 659 1994 malum
696 1954 906 2007 praedixit,
946 1962 984 1993 et

325 2009 474 2051 deinde
530 2023 630 2060 quae
683 2009 982 2062 consequuntur.

328 2066 481 2119 Quibus
507 2066 548 2104 in
576 2065 739 2105 versibus
760 2066 927 2105 declarat
945 2059 1004 2103 fi-'

326 2123 369 2163 bi
388 2122 596 2162 maximam
616 2120 914 2161 sollicitudinem
931 2119 986 2160 fu-

327 2177 410 2228 iffe,
429 2176 677 2229 posteaquam
688 2189 833 2230 patrem
844 2190 988 2231 cogno-

329 2236 433 2276 uerit
476 2233 674 2284 Pamphilo
713 2235 870 2287 nuptias
905 2245 988 2272 non

329 2303 480 2344 parare.
536 2294 580 2330 E.

388 2351 511 2399 Atque
529 2345 617 2396 zstuc
638 2344 773 2400 ipficm]
806 2343 983 2386 Priscian.

332 2403 447 2442 lib.2.
478 2404 599 2453 Atque
625 2401 691 2440 hoc
711 2403 838 2454 ipficm.
893 2405 932 2442 L.

390 2471 442 2510 14
485 2457 640 2507 Obsecro
676 2472 731 2507 te,
768 2471 878 2512 quam
909 2457 987 2509 pri·

334 2527 431 2554 mum
474 2513 542 2552 hoc
581 2526 635 2552 me
671 2513 783 2553 libera
817 2514 990 2565 mfirum

335 2576 449 2624 metu]
491 2573 591 2623 Cum
618 2569 798 2622 precibus
829 2582 869 2610 et
896 2580 990 2611 tem.-

1498 744 1647 793 Hodie
1660 761 1671 789 :

1020 906 1092 947 pus
1119 891 1329 932 admiscuit.
1388 894 1436 932 Et
1459 889 1566 929 bene
1585 886 1675 927 Iibe-

1020 965 1075 990 ra.
1105 948 1276 1002 perfetta
1296 949 1403 987 enim
1425 944 1609 993 securitas,
1632 945 1676 984 li-

1021 1006 1162 1045 beratio
1186 1006 1421 1045 nominatur.
1465 1001 1576 1055 Hem]
1606 1002 1676 1040 Ee-

1021 1075 1066 1102 ce
1079 1076 1086 1100 :
1099 1060 1371 1101 demonstratio
1385 1058 1438 1097 est
1450 1057 1548 1097 faeti.
1589 1061 1642 1098 D.

1081 1130 1128 1170 15
1165 1117 1326 1156 onrem
1347 1114 1418 1155 tibi
1436 1128 1510 1153 non
1529 1114 1593 1152 dat
1604 1113 1679 1150 iam

1023 1174 1214 1227 Chremes]
1261 1171 1442 1212 Oratorie
1482 1184 1504 1208 a
1535 1167 1679 1208 summa

1023 1230 1172 1280 coepit:
1206 1229 1312 1266 cuius
1341 1237 1464 1278 partes
1487 1226 1614 1264 multis
1626 1223 1682 1261 di.

1023 1295 1171 1325 centur.
1230 1284 1310 1321 Iam
1344 1296 1418 1321 nrm
1450 1282 1530 1331 dat]
1571 1283 1682 1319 Bene

1024 1343 1113 1378 iam.
1168 1338 1289 1388 Quod
1335 1336 1361 1375 fi
1398 1349 1483 1375 non
1519 1331 1679 1382 dixiffet,

1025 1393 1268 1446 intelligeret
1287 1392 1523 1445 Pamphilus,
1544 1391 1606 1432 vel
1618 1403 1686 1441 po-

1026 1450 1105 1490 stea
1116 1449 1368 1491 Chremetem
1388 1448 1503 1487 filiam
1526 1444 1602 1486 esse
1622 1445 1685 1484 da-

1029 1518 1168 1546 turum.
1230 1504 1308 1545 Sed
1328 1503 1459 1543 addito
1480 1506 1573 1551 iam,
1607 1503 1688 1554 ple-

1031 1578 1081 1603 na
1108 1560 1288 1601 securitas
1315 1560 1378 1599 est.
1408 1562 1487 1600 Iam
1507 1560 1612 1598 enim
1630 1570 1689 1596 res

1031 1618 1230 1658 nunciatio
1289 1616 1343 1656 est
1406 1614 1686 1669 perpetuitatis,

1033 1674 1133 1719 Scio]
1162 1672 1406 1725 Praeparatio
1433 1671 1487 1713 est
1504 1670 1688 1710 auditoris

1033 1731 1079 1770 ad
1106 1743 1191 1770 eam
1222 1729 1505 1776 narrationem,
1531 1739 1632 1778 quae
1649 1739 1690 1764 o-

1030 1785 1171 1826 stendit
1183 1795 1410 1838 argumenta
1428 1781 1601 1824 falsarum
1618 1795 1688 1821 nu-

1031 1843 1208 1895 ptiarum.
1268 1843 1317 1880 D.

1088 1901 1198 1937 Vnus
1237 1895 1320 1934 cod.
1357 1909 1405 1936 ex
1432 1894 1564 1947 Regiis
1591 1893 1691 1932 locat

1032 1951 1268 1992 numerosius
1286 1952 1348 1999 ita,
1370 1950 1441 1990 tibi
1450 1963 1604 1989 vxorem
1614 1962 1690 1988 non

1035 2009 1101 2048 dat
1120 2010 1192 2046 iam
1214 2006 1391 2047 Chremes.
1439 2005 1598 2047 Deinde
1604 2005 1688 2056 fiio

1036 2064 1090 2104 est
1118 2064 1266 2103 inutile.
1298 2076 1380 2102 non
1406 2064 1511 2102 enim
1537 2058 1691 2113 respon-

1035 2119 1102 2159 det
1132 2119 1450 2173 interrogationi,
1481 2130 1580 2169 quae
1608 2130 1691 2157 non

1037 2175 1103 2225 est,
1122 2175 1317 2226 anfiiret,
1346 2173 1410 2214 sed
1427 2174 1607 2228 quomodo
1613 2172 1691 2225 fii-

1036 2245 1109 2276 ret.
1143 2230 1318 2271 Praefero
1345 2231 1463 2285 igitur
1486 2231 1570 2270 lest.
1599 2229 1693 2269 vari-

1038 2302 1100 2327 am
1116 2288 1214 2338 scies
1228 2319 1236 2335 ,
1265 2299 1364 2339 quae
1381 2286 1435 2325 est
1454 2287 1496 2325 in
1515 2286 1692 2339 margine

1039 2344 1124 2384 cod.
1143 2345 1294 2396 Colleg.
1316 2345 1433 2394 Coi-p.
1448 2342 1538 2382 Chr.
1595 2345 1635 2380 B.

1096 2404 1145 2443 16
1173 2399 1242 2438 Me
1257 2399 1466 2452 prehendit]
1487 2403 1568 2445 ,Pro
1583 2409 1692 2449 pren-

1037 2456 1104 2495 dit.
1159 2454 1306 2495 Addita
1323 2451 1554 2507 aspiratione
1573 2452 1694 2506 gemi-

1038 2511 1149 2551 nauit
1176 2509 1368 2564 syllabam.
1428 2514 1476 2550 Et
1492 2536 1494 2538 v
1497 2508 1696 2562 prehendit

1039 2568 1158 2617 dixit,
1185 2567 1287 2620 quali
1315 2567 1504 2608 vitantem
1522 2578 1565 2605 ac
1594 2562 1696 2616 fugi·
1762 2601 1771 2605 ,

1547 2630 1694 2662 entem·
