1815 3168
301 154 392 213 398

433 272 800 323 Abducit-secum
833 269 1026 316 ancillas:
1065 285 1251 335 paucae,
1282 285 1393 333 quae
1417 269 1582 316 circum
1614 270 1662 315 il·

536 351 620 398 lam
645 346 790 400 ess'ent,
810 357 1001 398 manent,
1682 340 1685 341 ⁷

676 146 837 191 ACT.
868 144 943 189 111.
970 141 1164 188 SCEN.
1195 142 1246 187 V.

435 427 669 477 Nouitiae,
711 421 896 489 puellae.
947 422 1160 468 continuo
1189 419 1295 467 haec
1338 419 1575 472 adornant,
1618 430 1666 467 vt

536 502 664 547 lauet.

343 593 404 642 35
439 577 688 628 Adhortor,
724 582 981 639 properent.

538 652 734 697 conclaui
757 649 885 701 sedet,

1021 570 1129 617 dum
1159 579 1423 637 apparatur,
1457 571 1582 630 virgo
1619 571 1669 617 in

438 724 694 792 SuspeEtans
726 724 915 771 tabulam
955 722 1172 786 quandam
1193 718 1384 790 Pistam,
1425 719 1501 770 vbi
1528 721 1668 766 inerat

536 800 710 868 pfflura
738 801 865 847 haec:
900 802 1056 846 Iouem

306 1023 425 1062 blem.
464 1017 605 1061 Achill.
624 1018 758 1057 Tatius
783 1017 848 1057 lib.
874 1030 965 1057 nx.

307 1080 402 1121 aab?
442 1082 613 1117 Λευκίππη
644 1074 682 1111 δὲ
710 1071 756 1110 ταὶ
786 1072 895 1112 πολλοὶ
924 1079 968 1116 εἷς

307 1138 372 1183 γῆν
403 1131 537 1179 ἔβλεπεν
566 1140 654 1169 8ῒο.μ
695 1132 736 1168 L.

365 1201 416 1241 33
455 1186 620 1227 Abducit
641 1184 767 1235 ficum
793 1181 964 1238 ancillas]

305 1244 555 1286 Memoriter:
595 1254 686 1280 nam
717 1241 866 1279 dixerat
889 1239 968 1282 abi-

308 1314 380 1342 ens
394 1329 404 1348 ,
440 1300 513 1339 Vos
532 1313 587 1338 me
593 1298 813 1349 fiquimeni.
870 1296 968 1335 Pau-

307 1371 381 1405 cae,
402 1369 497 1410 quae
516 1356 612 1394 circa
631 1352 732 1391 illam
743 1352 868 1406 essent]
899 1355 970 1393 Re·

309 1415 421 1453 lictae
439 1411 667 1458 nonnullae,
686 1418 726 1446 vt
752 1408 868 1446 lauari
889 1404 971 1459 pos-

309 1470 352 1509 fit
377 1483 422 1508 ea
443 1468 565 1520 virgo,
585 1477 687 1517 quae
708 1462 774 1503 sub
794 1464 876 1502 vitii
895 1463 971 1516 (ofi

302 1524 398 1578 ficii,
421 1523 630 1575 Wieling.)
653 1520 763 1559 huius
774 1519 971 1559 occafione

311 1591 479 1632 nuptura
498 1577 562 1618 est.
618 1580 704 1618 Hoc
723 1577 831 1616 enim
850 1587 972 1615 totum

309 1637 358 1676 fic
387 1635 539 1675 inducit
566 1637 704 1680 Poeta,
736 1643 776 1678 vt
800 1645 885 1672 non
902 1631 972 1671 ab·

309 1694 464 1732 horreat
482 1705 503 1729 a
523 1689 707 1743 legitimis
729 1689 888 1740 nuptiis,
928 1689 971 1727 in

310 1762 357 1788 ea
376 1745 607 1800 praesertim,
629 1758 729 1798 quae
741 1758 833 1784 vxor
850 1743 973 1783 futura

269 1836 273 1841 ,
312 1804 376 1844 est.
434 1803 610 1850 Manem]
650 1805 723 1841 Pro
752 1810 971 1850 remanent,

313 1865 500 1907 ἂφκίςεσις.
558 1861 608 1898 D.
857 1895 861 1898 .

368 1912 657 1963 Abducitsecum
667 1910 835 1962 ancillas]
851 1910 971 1963 Quod

315 1969 394 2023 ipsa
429 1970 613 2009 meretrix
649 1966 848 2006 descendit
886 1968 970 2018 (de-

301 2025 489 2079 scenderit
518 2027 589 2077 Z.)
609 2023 658 2063 ad
678 2035 851 2069 coenam,
866 2022 971 2074 quod

313 2096 459 2134 paucae
481 2082 578 2120 circa
597 2081 787 2132 virginem
797 2091 971 2122 remane-

314 2150 402 2184 :111t3
433 2137 596 2177 eaedem
608 2136 783 2174 nouitiae
802 2136 970 2186 puellae,

294 2190 323 2232 'i
331 2207 366 2233 ta
394 2206 431 2234 vt
456 2204 496 2234 et
516 2205 666 2232 morem
684 2201 841 2240 propter
859 2193 971 2230 noui-

314 2262 433 2289 tatem
450 2247 642 2296 nesciant,
671 2258 710 2286 et
730 2257 886 2298 propter
911 2259 973 2286 ae-

313 2317 431 2346 tatem
443 2305 704 2344 nihilvaleant
712 2300 898 2354 suspicari.
925 2306 970 2347 E.

351 2357 435 2416 '34'
462 2363 644 2411 qucitiae
668 2358 826 2411 puellae]
865 2356 974 2407 Αῧξη-

312 2434 363 2462 σις
390 2420 576 2465 ηοιιὶιίαε,
609 2428 647 2454 et
667 2414 815 2467 puellae.
875 2417 971 2460 Con-

302 2470 421 2514 'rinno
448 2475 535 2514 haec
562 2472 762 2519 adornant,
794 2484 837 2509 vt
855 2471 972 2526 lauet]

315 2531 420 2585 Haec
438 2529 648 2581 pluraliter,
677 2540 747 2579 pro
769 2527 846 2566 hae.
876 2539 914 2566 vt
931 2529 974 2566 in

314 2587 577 2633 Phormione,
608 2582 809 2627 Haecfz'llae
825 2597 929 2624 erant
948 2587 975 2622 i-

317 2645 451 2684 aiones.
504 2641 708 2697 ‚Adorvgant
740 2644 890 2691 autem,
917 2652 975 2686 ex

1567 873 1672 925 Quo

1016 1017 1148 1057 medio
1178 1015 1392 1072 fignificatu
1404 1044 1414 1064 ,
1451 1027 1522 1067 pro
1540 1018 1673 1067 'appa-

1016 1084 1110 1125 rant.
1165 1077 1216 1114 D.

1070 1127 1171 1167 Haec
1212 1128 1429 1176 adornant,
1476 1141 1520 1166 vt
1555 1126 1671 1180 lauet]

1017 1182 1250 1224 Vid.lunius
1270 1182 1592 1237 Philarg.Georg.
1607 1196 1671 1231 ιιι,
1690 1182 1697 1188 ‘

1017 1251 1113 1292 305.
1169 1242 1212 1280 L.

1074 1307 1138 1348 35*
1163 1296 1267 1335 Dum
1303 1304 1526 1347 apparatur,
1562 1296 1670 1347 virgo

1017 1353 1058 1394 in
1080 1351 1247 1390 conclaui
1251 1350 1378 1405 fidet]
1408 1345 1674 1401 Impersonali-

1019 1417 1080 1445 ter
1096 1407 1206 1448 dixit.
1265 1412 1317 1450 Et
1341 1407 1428 1447 dum
1453 1417 1673 1459 apparatur,

1020 1476 1090 1515 pro
1118 1464 1205 1503 dum
1235 1458 1537 1517 apparetur;·et
1555 1461 1673 1513 fidet,

1023 1532 1093 1570 pro
1106 1517 1273 1572 fidebat.
1333 1519 1454 1573 Virgo
1482 1521 1521 1556 in
1540 1516 1676 1556 concla-

1021 1578 1062 1614 ui
1079 1576 1207 1631 fidet]
1245 1576 1425 1616 conclaue
1450 1573 1502 1612 est
1532 1571 1678 1625 separa-

1022 1633 1097 1671 tior
1131 1633 1237 1671 locus
1260 1631 1304 1670 in
1341 1628 1588 1670 interioribus
1624 1640 1680 1667 te-

1022 1688 1110 1727 &ist
1136 1688 1199 1727 vel
1224 1687 1331 1739 quod
1351 1689 1451 1727 intra
1477 1699 1569 1725 eum
1592 1685 1678 1724 loca

1020 1745 1140 1784 multa
1171 1754 1210 1783 et
1244 1743 1421 1783 cubicula
1457 1741 1580 1781 clausa
1606 1740 1678 1782 fint

1020 1800 1272 1840 adhaerentia
1290 1799 1472 1839 triclinio.
1529 1799 1582 1838 D.

1081 1858 1195 1911 Virgo
1218 1858 1258 1895 in
1276 1855 1460 1907 conclaui]
1496 1852 1677 1893 conclaue

1021 1912 1182 1951 dicimus
1200 1912 1341 1959 locum,
1363 1923 1482 1961 quem
1508 1910 1528 1931 '¹
1555 1909 1677 1961 (exci-

1020 1968 1076 2006 dit
1103 1966 1226 2017 forte,
1253 1966 1362 2020 ostia)
1387 1965 1506 2005 multa
1531 1963 1679 2017 patefa-

1021 2024 1138 2062 ciunt.
1193 2026 1239 2063 E.

1038 2114 1041 2115 γ
1075 2081 1128 2132 36
1161 2075 1551 2131 Suspectans-tabulam
1569 2089 1681 2128 quan·

1021 2134 1268 2188 dampiftam]
1299 2137 1428 2174 Bene:
1460 2132 1608 2172 accedit
1620 2145 1679 2171 re·

1020 2201 1141 2243 pente
1184 2191 1327 2242 pictura
1356 2189 1404 2229 ad
1434 2188 1679 2228 hortamenta

1020 2245 1313 2300 aggrediendae
1349 2245 1538 2298 virginis:
1582 2243 1676 2283 ideo

1021 2306 1110 2355 q-uia
1131 2316 1213 2342 non
1233 2302 1281 2341 ad
1302 2300 1375 2340 hoc
1387 2300 1679 2342 veneratChae-

1020 2373 1102 2408 rea,
1129 2369 1169 2397 vt
1193 2358 1380 2397 continuo
1400 2358 1550 2396 vitiaret
1568 2356 1680 2406 puel-

1021 2417 1117 2462 lam*²
1148 2412 1214 2459 sed
1247 2413 1480 2462 vtfvideret,
1513 2413 1678 2460 audiret,

1023 2468 1191 2522 effetque
1207 2484 1283 2509 vna
1293 2483 1304 2516 3
1329 2483 1419 2508 cum
1435 2468 1535 2512 nihil
1545 2467 1681 2519 ampli-

1024 2540 1065 2566 us
1085 2528 1282 2580 cogitaret,
1293 2524 1402 2565 ausus
1414 2522 1678 2576 incitatusque,

1025 2583 1115 2622 dum
1150 2583 1336 2634 picturam
1375 2591 1565 2620 cerneret.
1620 2579 1680 2618 10-

1023 2653 1102 2680 uem
1119 2652 1189 2695 quo
1208 2639 1333 2695 patto]
1365 2639 1469 2679 Mira
1485 2636 1678 2682 intuendo,

1603 2703 1679 2743 qua
