1815 3168
286 181 383 227 226

681 168 836 218 A'CT.
868 171 924 217 V.
959 167 1155 215 SCEN.
1187 166 1262 214 111.

423 296 616 358 Quiduis
639 301 785 364 cupio,
809 299 916 345 dum
940 314 996 344 ne
1019 295 1069 343 ab
1093 296 1178 343 hoc
1203 309 1274 341 me
1293 292 1382 341 falli
1397 293 1653 358 comperiar,

521 373 732 423 Chreme.

425 450 531 503 Cu.
570 456 653 498 Pro
686 458 862 514 peccato
894 463 1057 507 magno
1080 443 1310 511 paululum
1334 443 1534 510 supplicii
1563 442 1657 490 satis

505 521 582 574 'est
614 527 743 591 patri.

379 673 687 729 ACTVS
752 666 1087 738 QVINTl
1142 665 1442 717 SCENA
1498 664 1585 717 lv.

500 762 667 804 CRITO.
698 758 952 800 CHREMES.
982 758 1119 800 SIMO.
1148 755 1456 798 PAMPHILVS.

298 901 417 1016 M
432 924 449 951 1
472 923 503 950 T
529 921 561 948 T
581 920 605 946 E
649 913 784 948 orare.
806 913 890 944 vna
910 895 1068 944 harum
1090 895 1267 959 quaeuis
1289 892 1405 939 causa
1428 906 1511 945 me,
1541 900 1589 939 vt
1607 891 1664 938 fa-

554 978 676 1028 ciam,
700 982 874 1020 monet:

303 1163 438 1204 volens
465 1153 584 1209 vsque
618 1153 667 1195 ad
694 1151 965 1206 cognitionem

303 1220 408 1261 filiae
428 1213 514 1254 suae
540 1212 730 1259 retinere,
763 1223 844 1247 nou
872 1206 965 1247 facit

303 1272 412 1318 irasci
428 1268 627 1321 Pamphilo
649 1267 698 1305 ob
725 1273 966 1304 contemtum

304 1331 409 1372 filiae
428 1326 524 1371 suae,
544 1336 580 1364 et
600 1322 681 1374 post
698 1321 772 1360 hoc
793 1320 900 1359 abire
916 1318 967 1358 de

310 1386 456 1428 medio.
514 1381 578 1420 Da
604 1376 765 1431 veniam]
810 1378 967 1417 Conce-

308 1444 373 1491 de,
396 1439 567 1491 indulge.
624 1434 711 1474 Sine
739 1446 773 1472 τε
793 1431 859 1471 hoc
882 1443 969 1471 exo-

307 1498 403 1552 rem]
447 1494 488 1534 ld
516 1492 591 1538 est,
627 1501 665 1530 vt
694 1501 759 1528 me
786 1500 964 1540 purgem,

313 1568 396 1595 non
415 1553 508 1603 (Pro
527 1561 603 1588 non
619 1543 689 1587 Ms.
710 1542 833 1586 Hulst.
853 1542 972 1582 habet

313 1612 434 1651 hunc.-
463 1606 620 1646 recT'cius:
648 1612 852 1652 Vtrumque
865 1599 973 1638 enim

317 1673 519 1720 rogauerat
562 1657 810 1710 Pamphilus)
859 1654 974 1695 addu-

317 1736 414 1762 cam.
468 1722 517 1760 D.

369 1789 420 1831 31
453 1775 511 1814 Ab
541 1771 610 1811 hoc
636 1783 693 1811 me
718 1766 811 1821 fizlli
839 1779 976 1820 compe-

315 1833 415 1886 riar]
445 1833 481 1870 O
499 1840 660 1881 paterna
669 1826 790 1878 pietas
804 1825 811 1863 !
825 1821 904 1874 ipse
916 1836 976 1862 ae-

317 1888 465 1930 cusator
486 1884 563 1933 est,
589 1894 628 1923 et
646 1880 827 1934 redargui
854 1876 894 1918 se
916 1891 978 1917 cu-

321 1947 392 2000 pit.
448 1944 498 1982 D.

378 1998 484 2054 Qtid
518 1998 577 2036 vis
607 1994 730 2047 cupio,
768 2005 812 2031 ne
841 1989 885 2030 ab
911 1989 979 2029 hoc

323 2070 379 2098 me
404 2055 496 2108 falli
535 2052 762 2103 comperiar,
811 2046 977 2099 Chreme]

322 2113 406 2155 Pati
417 2110 547 2150 omnia
558 2108 659 2154 volo,
679 2102 888 2143 dummodo
901 2115 983 2141 non

326 2162 543 2222 cognoscar,
564 2162 695 2202 abhoc
707 2173 770 2199 me
786 2158 880 2201 salli.
911 2161 954 2198 E.

383 2237 436 2275 32
474 2219 629 2261 Paulum
650 2216 846 2269 ficpplicii]
896 2213 985 2267 Sup-

326 2282 479 2335 plicium
514 2277 606 2315 dicit
633 2271 762 2326 ipsam?
782 2267 985 2311 accusatio-

330 2350 436 2377 nem.
490 2337 541 2375 D.

390 2389 580 2432 Paululum
606 2383 801 2438 fitpplicii]
839 2381 988 2423 Aduer-

332 2450 397 2489 bia
406 2446 629 2497 frequenter
640 2440 738 2480 fiunt
749 2440 910 2478 nomina
938 2468 947 2477 .
981 2468 988 2476 .

336 2504 571 2555 accipiuntur
597 2500 654 2550 (et
672 2495 769 2546 cafid
785 2495 990 2548 adiungun-

336 2574 401 2602 tur
424 2560 498 2609 Z.).
528 2567 570 2595 vs:
593 2552 785 2607 paululum
814 2562 854 2591 et
869 2551 984 2601 Jiztis.

337 2614 518 2658 Horatius
537 2611 696 2666 (1,}2,1.⁷)
732 2607 920 2657 Iamfiztis
938 2607 993 2646 ni-

337 2675 395 2717 uis
412 2668 509 2726 mzfit
527 2679 646 2722 pater.
702 2667 751 2707 Et
770 2661 825 2706 est
849 2662 988 2705 diffini-

1586 1040 1672 1090 Vel

1012 1148 1067 1189 tio
1086 1161 1109 1187 a
1128 1145 1256 1193 causa,
1287 1147 1324 1187 id
1343 1148 1405 1197 est,
1427 1161 1449 1187 a
1467 1146 1569 1196 filio,
1603 1145 1669 1185 cui

1013 1203 1163 1256 semper
1208 1203 1414 1256 indulgere
1463 1203 1664 1242 conuenit.

1016 1263 1143 1314 (Haec
1172 1269 1252 1298 tota
1277 1271 1369 1298 nota
1409 1258 1511 1298 abest
1547 1272 1569 1297 a
1595 1254 1668 1299 Ms.

1014 1317 1207 1368 Vtroque).
1263 1318 1309 1356 E.

1070 1372 1145 1413 Etfi
1164 1371 1253 1411 libri
1271 1371 1415 1423 antiqui
1425 1369 1572 1410 habent
1583 1376 1676 1422 pau·-

1018 1429 1159 1469 lulum:
1208 1425 1334 1467 versus
1369 1439 1498 1467 tamen
1538 1427 1673 1479 exigit,

1020 1496 1059 1525 vt
1091 1498 1178 1524 cum
1206 1483 1487 1523 recentioribus
1520 1482 1678 1534 quibus-

1021 1542 1110 1582 dam
1121 1540 1226 1580 libris
1238 1537 1440 1591 sequamur
1446 1538 1604 1592 paulum.
1633 1541 1674 1578 Β.

1080 1610 1098 1640 1
1130 1598 1252 1637 Mitte
1270 1596 1396 1649 orare]
1428 1596 1501 1635 Hic
1531 1595 1573 1633 in
1590 1595 1678 1634 See·

1021 1667 1111 1694 nam
1130 1652 1376 1706 progreditur
1394 1652 1526 1692 Crito:
1556 1652 1598 1689 in
1617 1663 1679 1688 cu-

1023 1712 1082 1750 ius
1105 1707 1230 1748 verbis
1248 1722 1330 1747 non
1349 1707 1467 1747 modo
1481 1703 1682 1758 quodipse

1025 1765 1232 1819 promittit,
1270 1762 1334 1803 sed
1363 1764 1478 1803 etiam
1508 1761 1613 1814 quod
1642 1772 1682 1800 et

1026 1821 1253 1872 Pamphilus
1276 1820 1426 1866 dixerit,
1450 1817 1682 1857 demonstra·

1027 1890 1099 1917 tur.
1154 1880 1202 1917 Et
1223 1876 1288 1915 hie
1314 1876 1439 1914 omnis
1464 1887 1571 1913 error
1591 1885 1683 1924 ape-

1027 1934 1146 1972 rietur
1177 1930 1340 1971 fabulae.
1405 1929 1525 1968 Mitte
1563 1942 1682 1968 orare.

1027 2002 1099 2028 vna
1120 1987 1252 2026 harum
1262 1987 1410 2039 quaeuis
1423 1984 1547 2038 caufiz]
1577 1987 1686 2024 Pam-

1029 2043 1139 2097 philo
1167 2042 1268 2081 dicit.
1290 2051 1328 2080 et
1348 2040 1513 2080 dicendo
1533 2053 1605 2079 vna
1624 2039 1689 2080 ha-

1031 2113 1113 2140 rum
1126 2127 1136 2146 ‚
1163 2097 1328 2137 ostendit
1344 2097 1484 2136 multas
1500 2093 1578 2137 effe
1595 2109 1688 2135 cau-

1031 2153 1105 2195 sas:
1140 2155 1258 2193 etiam
1284 2166 1393 2205 pares
1418 2151 1690 2205 magnitudine

1032 2208 1120 2260 effe,
1141 2210 1308 2250 dicendo
1328 2211 1487 2262 quaeuis.
1546 2211 1594 2251 D.

1088 2268 1208 2307 Mitte
1225 2266 1352 2319 orare]
1383 2265 1557 2314 (Initium
1576 2263 1690 2303 huius

1035 2324 1161 2364 Scena
1177 2324 1230 2366 ‚in
1251 2319 1320 2363 Ms.
1344 2321 1464 2360 altero
1496 2321 1689 2359 lacerum:

1033 2380 1076 2418 in
1101 2379 1218 2418 altero
1238 2377 1578 2426 eaedemlaeunae,
1592 2389 1695 2427 quae

1035 2436 1079 2475 in
1100 2435 1241 2485 editis).
1272 2437 1380 2473 Haec
1400 2434 1524 2472 Scena
1558 2432 1692 2484 cogni-

1036 2492 1189 2530 tionem
1224 2489 1340 2529 habet
1375 2489 1545 2539 puellae,
1586 2486 1692 2539 quod

1039 2548 1133 2587 ciuis
1162 2545 1461 2587 Atheniensium
1485 2544 1546 2592 fit,
1587 2554 1625 2582 vt
1652 2557 1693 2582 o-

1039 2604 1141 2644 mnis
1170 2616 1274 2643 error
1299 2603 1338 2641 iu
1368 2600 1567 2639 comoedia
1595 2596 1693 2638 solui

1040 2660 1161 2715 poffit.
1220 2659 1341 2701 Senes
1358 2659 1477 2712 igitur
1497 2656 1574 2696 duo
1595 2651 1694 2750 sulm,

1577 2712 1612 2756 C
1641 2722 1699 2751 re·
