1815 3168
340 144 434 193 542

768 129 919 175 ACT.
944 129 978 177 Ι,
1023 128 1210 176 SCEN.
1243 131 1283 180 1.

471 257 661 306 Nullum
680 259 863 304 remittis
885 267 1086 320 ternpus;
1127 273 1270 320 neque
1289 268 1332 305 te
1353 260 1545 324 respicis⁶

471 337 594 380 Haec
617 350 708 380 non
733 332 945 397 voluptati
964 332 1043 378 tibi
1064 328 1159 385 effe,
1181 332 1273 379 satis
1297 345 1414 381 certo
1435 334 1541 382 scio:

378 428 439 458 20
475 414 535 456 At
555 411 671 455 enim
692 407 820 460 dices,
843 416 1056 469 quantum
1077 407 1147 454 hic
1168 410 1313 472 operis
1338 408 1423 462 fiat,
1446 413 1658 474 poenitet.

474 484 611 539 Quod
634 486 679 530 in
703 499 836 549 opere
861 481 1064 530 faciundo
1087 499 1244 547 operae
1263 485 1477 532 consumis
1499 497 1611 539 tuac,

389 703 463 745 Etfi
480 705 676 744 Bentleius
695 705 905 745 leffionem
925 717 991 745 aut

339 761 485 814 aliquid
503 762 636 813 fizcere
661 762 837 814 denique,
876 776 992 813 quam

338 819 485 869 reperit
506 820 547 856 in
566 831 643 856 vno
655 818 739 856 cod.
752 829 793 857 et
804 829 890 858 vett.
904 817 992 856 edd.

337 885 379 913 et
405 885 503 924 quae
533 888 554 912 a
579 876 732 913 Donato
762 873 809 912 ad
838 873 992 913 Phorm.

334 942 374 975 1,
400 941 448 977 2,
474 941 540 981 71.
571 928 623 967 est
641 926 833 979 expreffa,
865 927 993 967 sensus

335 985 457 1038 gratia
511 983 810 1034 praeferendam
866 995 992 1035 putat:

335 1039 499 1092 vulgaris
525 1050 654 1078 tamen
677 1040 809 1087 lecim,
841 1052 928 1078 cum
954 1049 994 1077 et

334 1095 536 1137 Ciceronis
555 1095 775 1134 auctoritate
795 1094 845 1133 de
866 1096 950 1133 Fin.
965 1108 993 1142 1,

337 1163 371 1192 1.
393 1163 433 1190 et
446 1148 572 1189 sensus
584 1150 809 1202 praestantia
820 1163 994 1202 compro-

332 1207 465 1256 betur,
494 1205 586 1246 haut
613 1206 732 1245 dubie
752 1207 910 1246 retineri
929 1205 994 1245 de·

332 1263 415 1302 bet.
473 1265 571 1302 Nam
595 1263 700 1302 ferre
724 1261 892 1314 aliquid,
928 1260 992 1303 seu

335 1318 485 1373 gestare
505 1318 704 1358 laboribus
727 1319 871 1358 rusticis
903 1332 992 1370 pro·

332 1376 386 1414 be
415 1376 612 1414 conuenit.
671 1376 880 1417 Caeterum
910 1374 994 1426 post

332 1433 488 1484 denique
524 1431 888 1484 interpungendum
926 1430 990 1470 est.

330 1491 432 1528 Nam
460 1488 669 1528 Terentius
698 1487 797 1526 hanc
834 1488 988 1539 particu-

330 1545 409 1584 lam
432 1541 526 1582 solet
542 1544 583 1582 in
606 1542 686 1582 fine
700 1541 915 1582 sententiae
924 1556 991 1594 po-

331 1612 441 1646 nere,
461 1611 498 1641 vt
515 1600 670 1639 Phorm.
691 1600 718 1639 l.
738 1599 766 1639 1.
790 1610 828 1640 et
840 1601 943 1639 Eun.
962 1612 991 1649 1,
1028 1597 1072 1650 fi
1083 1601 1129 1639 id
1145 1598 1331 1651 conficmas
1348 1601 1388 1638 in
1399 1602 1697 1650 exercendisser-
1755 1620 1760 1623 ·

330 1669 371 1705 2,
395 1664 464 1710 78·
521 1659 562 1697 z.

386 1775 434 1817 18
468 1768 661 1816 lec-minis,
691 1781 801 1821 neque
819 1781 855 1808 te
873 1766 989 1821 respi-

328 1824 401 1878 cis]
430 1824 539 1864 Nihil
564 1823 841 1876 fignificantius
871 1823 921 1863 de
937 1837 987 1863 eo

327 1881 394 1930 qul
412 1879 513 1918 nihil
532 1879 598 1918 fibi
619 1880 751 1931 parcit,
768 1892 845 1918 nec
855 1877 987 1918 fuimi-

325 1934 484 1974 seretur.
544 1939 644 1975 Nam
664 1936 730 1986 qui
750 1936 833 1974 ali1s
860 1932 985 1974 remit-

324 1993 379 2031 tit
398 1990 555 2042 aliquid,
573 1990 613 2029 id
632 1991 687 2029 est
706 1991 920 2039 condonat,
951 1992 984 2030 is

324 2047 381 2086 est
401 2047 520 2086 facilis
542 2057 580 2085 et
597 2047 699 2085 mitis
710 2058 878 2086 naturae.
911 2047 955 2088 C.

385 2105 515 2156 Neque
535 2116 570 2141 te
588 2102 753 2156 respicis]
783 2102 848 2142 Ad
874 2101 982 2150 illud,

322 2160 386 2198 vel
406 2158 510 2210 quod
537 2157 656 2198 senex
684 2158 755 2208 est,
786 2158 848 2198 vel
878 2157 983 2210 quod

323 2215 445 2255 diues.
502 2217 546 2255 E.

381 2338 436 2368 20
470 2329 525 2367 At
549 2328 643 2366 enim
671 2322 787 2380 dices]
833 2325 983 2380 Anthy-

322 2382 528 2434 pophorae
564 2380 786 2434 respondet.
853 2383 983 2422 Poeni-

321 2439 397 2492 tet]
446 2441 488 2479 Id
527 2439 600 2486 est,
647 2451 781 2489 parum
819 2439 980 2479 videtur.

321 2494 495 2534 Poenitet
513 2495 621 2533 enirn
642 2508 732 2533 eum
753 2495 821 2545 qui
845 2509 981 2546 parum

321 2562 439 2603 putat.
500 2550 606 2588 Alibi
633 2553 794 2590 Terent.
848 2550 980 2601 Nostri

321 2607 461 2659 nosmet
472 2608 651 2661 poenitet.
707 2603 844 2659 Vix-gil.
855 2606 897 2661 in
909 2610 977 2650 Bu-

1654 563 1699 610 Si

1041 705 1114 745 col.
1139 705 1206 757 (11,
1233 705 1318 758 34.)
1351 705 1432 745 Nec
1459 718 1494 744 te
1513 707 1699 758 poeniteat

1042 763 1178 801 calamo
1200 760 1339 813 triuzffe
1357 762 1536 801 labellum.
1591 762 1700 802 Cice-

1041 831 1084 857 ro
1107 818 1154 856 ad
1174 816 1295 856 filium
1317 817 1416 869 (Off.
1436 831 1467 866 1,
1492 819 1559 865 1.)‚
1592 821 1699 873 Qa-

1043 875 1091 914 ad
1115 887 1170 922 te,
1199 885 1376 927 quantum
1401 871 1594 927 proficias,
1624 888 1699 914 non

1036 928 1257 982 poenitebit.
1317 931 1361 971 C.
1569 927 1572 930 “

1084 987 1148 1040 ¹At
1174 989 1267 1024 enim
1293 985 1403 1039 dices]
1446 985 1618 1036 Optima,
1660 995 1699 1023 vt

1043 1040 1219 1087 diximus,
1238 1041 1401 1090 ratione,
1419 1039 1573 1091 ipsefibi
1585 1055 1698 1092 quae-

1041 1095 1208 1134 stionem
1227 1093 1328 1144 facit,
1357 1108 1396 1135 et
1413 1098 1525 1135 vtitur
1541 1095 1705 1149 respon-'

1043 1150 1171 1191 dentis
1190 1152 1356 1204 ratione,
1390 1161 1430 1190 vt
1448 1165 1537 1192 eum
1557 1166 1698 1205 prouo-

1043 1220 1130 1246 care
1148 1207 1259 1259 possit
1277 1207 1326 1246 ad
1343 1208 1598 1258 loquendum,
1627 1209 1694 1260 qui

1041 1262 1266 1315 frequenter
1285 1260 1429 1314 preffus
1451 1263 1587 1304 dolore
1604 1278 1694 1304 con-

1043 1317 1196 1359 ticescit.
1252 1318 1325 1358 Sed
1338 1319 1431 1362 dices
1448 1318 1548 1368 mihi,
1561 1320 1696 1372 inquit,

1036 1378 1202 1428 poenitet
1217 1389 1283 1422 me,
1306 1388 1485 1428 quantum
1502 1375 1560 1414 hic
1572 1380 1695 1428 operis

1035 1430 1131 1483 fiat:
1155 1432 1222 1470 'cui
1246 1428 1476 1483 respondet,
1511 1441 1696 1482 tanquam

1042 1487 1117 1526 hoc
1140 1487 1207 1526 {ibi
1228 1487 1464 1539 propositum
1481 1486 1542 1527 fit:
1572 1489 1642 1527 Sed
1656 1492 1697 1528 in.

1041 1555 1146 1595 opere
1169 1545 1346 1596 jaciendo
1383 1543 1480 1596 quod
1496 1544 1690 1595 tonsionis,

1041 1656 1111 1702 uis,
1124 1657 1210 1709 plus
1227 1670 1331 1712 agas.
1385 1659 1428 1695 E.

1095 1717 1204 1766 Lege
1231 1725 1315 1751 cum
1339 1713 1494 1751 Mureto
1520 1712 1575 1751 At
1603 1715 1698 1752 enim

1041 1783 1106 1817 me,
1128 1781 1307 1822 quantum
1322 1766 1380 1807 hic
1392 1769 1512 1821 operis
1521 1767 1698 1822 fiat‚poe·

1038 1827 1143 1864 nitet.
1198 1828 1295 1864 Nam
1307 1834 1575 1875 praeterquam
1589 1824 1693 1875 quod

1036 1882 1130 1920 dices
1151 1877 1300 1919 sensum
1316 1878 1452 1926 turbat,
1473 1888 1513 1918 et
1529 1881 1571 1918 in
1582 1880 1692 1920 codd.

1035 1937 1223 1975 incertam
1236 1934 1353 1974 habet
1362 1932 1502 1984 sedem,
1521 1949 1597 1974 nec
1606 1938 1692 1977 Ser-

1034 1993 1118 2031 uius
1137 1991 1185 2030 ad
1204 1991 1338 2042 Eclog.
1357 2003 1414 2035 11,
1445 2003 1509 2043 34.
1534 2002 1572 2030 et
1589 1997 1690 2032 Aen.

1032 2061 1063 2098 1,
1086 2059 1164 2099 552
1177 2078 1186 2096 ,
1216 2046 1278 2085 vbi
1295 2049 1457 2098 poenitet
1477 2048 1691 2099 explicatur

1033 2116 1103 2155 per
1112 2114 1240 2155 parum
1252 2103 1413 2152 videtur,
1424 2102 1520 2142 illud
1530 2103 1620 2143 verb
1627 2110 1689 2145 um

1030 2160 1139 2213 legit.
1193 2160 1234 2199 B.

1088 2227 1140 2257 21
1172 2215 1288 2265 Quod
1305 2217 1343 2253 in
1361 2226 1467 2267 opere
1481 2215 1687 2270 fiaciundo]

1035 2272 1155 2324 Opera
1173 2270 1226 2310 est
1248 2271 1356 2319 ειεἾίο,
1379 2283 1417 2309 et
1435 2269 1686 2323 personaipia

1035 2340 1136 2378 quae
1155 2338 1250 2378 opus
1270 2327 1430 2379 peragit.
1492 2327 1616 2380 Opus,
1645 2327 1687 2366 fi-

1035 2385 1096 2422 nis
1109 2382 1162 2421 est
1180 2393 1219 2421 et
1236 2380 1376 2421 stu-stus
1394 2396 1550 2434 operae.
1580 2386 1687 2424 Non-

1031 2452 1231 2490 nunquam
1259 2450 1349 2491 opus
1367 2452 1437 2490 pro
1458 2450 1565 2491 opera
1582 2440 1688 2480 vide-

1030 2506 1090 2534 tur
1117 2495 1250 2545 accipi.
1303 2495 1439 2547 Virgil.
1455 2497 1577 2548 (Aen.
1591 2509 1686 2543 vnr,

1028 2552 1143 2605 41¹5·)
1172 2548 1356 2590 Mollibus
1380 2565 1397 2589 e
1416 2550 1547 2603 stratis
1575 2558 1683 2606 opera

1026 2607 1077 2648 ad
1087 2604 1248 2660 fizbrils'a
1258 2605 1409 2662 surgit.
1471 2609 1518 2651 C.
