1815 3168
505 135 1052 180 -HEAVTONTINL

1365 135 1458 195 623

141 283 201 313 20
235 265 349 310 Dico
373 260 675 308 adolescentis.
694 257 782 325 3Υ,
812 260 935 322 Sy1·‚e
956 258 1034 306 tibi
1057 270 1181 305 timui
1200 259 1325 306 male

239 335 347 385 CH.
385 339 474 389 Qui
505 333 647 399 pasius
682 334 741 382 est
769 334 815 381 id
845 332 953 380 fieri.
1004 330 1091 380 SY-
1131 335 1237 398 quid
1274 335 1462 384 facerct²

334 408 379 456 C
395 424 441 455 H.
481 427 562 470 rog
567 428 628 456 as.
621 412 639 441 ³

237 486 416 550 Aliquid
436 487 662 548 reperiret,
687 483 872 546 fingeret
894 484 1100 532 fallacias:

235 561 366 611 Vnde
389 557 489 606 esset
507 560 774 613 adoiesceuti,
797 563 954 605 amicae
975 559 1094 622 quod
1118 557 1248 611 daret,

236 643 384 700 Atque
409 636 527 682 hunc
551 631 767 689 difficilem
788 637 978 680 inuitum
999 634 1185 680 seruaret
1207 634 1365 681 senem.

135 731 196 778 25
234 711 318 760 SY.
343 713 509 758 Garris
535 706 632 756 CH.
653 711 758 757 haec
779 705 889 756 faffia
909 709 960 755 ab
984 706 1060 755 illo
1083 708 1324 780 oportebat,
1337 714 1463 770 Syre.'

234 785 323 835 SY.
361 786 460 832 Eho
482 784 657 847 quaeso,
703 785 863 832 laudas
878 786 954 848 qui
977 785 1107 831 heros
1136 776 1314 834 salunt?
1354 780 1461 830 CH.

328 863 373 907 in
411 861 511 907 loco

232 940 331 996 Ego
351 952 456 981 vero
475 933 620 981 laudo.
643 931 730 981 SY.
759 932 878 982 reOce
899 935 1009 984 sane.
1032 931 1130 982 CH.
1152 937 1318 999 quippe
1330 937 1430 998 quia

232 1016 497 1072 Magnarum
518 1010 639 1073 saepe
663 1011 706 1056 id
727 1011 971 1058 remedium
997 1011 1321 1070 aegritudinum
1341 1009 1399 1057 est
1415 1028 1430 1055 z«

229 1091 324 1133 Iam
346 1086 448 1131 huic
472 1081 682 1132 mansisset
703 1089 853 1132 vnicus
877 1096 1031 1146 gnatus
1058 1085 1192 1131 domi.

137 1181 198 1227 30
238 1159 324 1208 Sv.
362 1164 524 1228 Iocone
545 1160 725 1206 anserio
749 1161 869 1207 illaec
890 1161 1012 1212 dicat,
1034 1161 1199 1206 nescio:

231 1234 327 1284 Nifi
350 1236 458 1284 mihi
480 1236 656 1299 quidem
676 1235 795 1293 addit
814 1237 1023 1290 animum,
1048 1252 1137 1300 quo
1151 1235 1460 1297 lubeatmagis.

156 1470 211 1500 20
240 1457 344 1510 Syre,
370 1456 458 1511 tibi]
486 1460 535 1497 Et
553 1456 599 1496 fic
614 1453 753 1497 secum.

100 1514 143 1554 Id
164 1515 235 1562 est,
271 1526 323 1552 ne
344 1513 435 1564 quid
453 1515 541 1552 mali
560 1514 754 1553 accideret

100 1570 183 1609 tibi.
204 1583 292 1609 nam
312 1570 387 1607 iam
405 1568 503 1607 mihi
519 1567 649 1608 neseio
662 1569 753 1621 quid

100 1623 288 1678 praesagit
308 1626 457 1663 animus
477 1626 578 1664 mali.
635 1626 678 1666 C.

148 1695 219 1735 24
266 1681 489 1735 Diffi'ctlem]
543 1678 752 1721 Mei-osum.

99 1738 277 1778 seruaret
283 1737 427 1790 senem]
464 1741 569 1777 Bene
576 1737 753 1788 firuaret

101 1794 197 1832 dixit
218 1795 268 1830 de
287 1806 335 1831 eo
361 1795 426 1855 qoi
447 1794 602 1842 penitus
621 1791 660 1832 se
662 1806 752 1856 'per

101 1851 224 1897 deret
246 1860 282 1888 et
304 1849 498 1887 continuis
520 1851 754 1888 exc1·ucia1et

98 1880 305 1945 laboribus,
359 1906 404 1945 C

152 1963 205 2003 26
235 1960 345 1999 Eho!
378 1958 525 2012 quaesb]
563 1958 643 1999 Eho
672 1973 753 1998 mo-

100 2017 150 2056 do
162 2016 376 2056 interiefflo
389 2016 440 2054 est
457 2017 731 2069 interrogantis
742 2029 755 2063 3

100 2075 192 2112 alias
220 2072 443 2110 admirantis
463 2072 555 2110 alias
571 2073 618 2111 ad
638 2070 675 2112 se
692 2086 755 2111 vo-

99 2127 399 2171 cantisdnloco]
431 2128 674 2179 Opportune.
706 2129 753 2169 C.

152 2181 198 2224 liz
253 2185 332 2222 loco
378 2197 465 2222 vero
508 2184 636 2234 laudo]
683 2186 754 2226 Ba-

102 2254 157 2280 ne
183 2239 321 2279 adiecit
346 2242 386 2278 in
409 2240 504 2287 loco,
537 2253 590 2278 ne
615 2252 754 2292 perpe-

99 2308 205 2335 tuam
239 2294 513 2334 malefaciendi
557 2296 756 2335 licentiam

100 2351 218 2392 seruis
239 2351 357 2390 daret.
411 2355 457 2392 E.

158 2421 213 2460 27
241 2405 382 2470 Qippe
408 2409 493 2460 quin
512 2407 752 2462 magnarum]

99 2467 201 2506 Nam
222 2464 310 2514 quia
328 2461 665 2515 fallunttempooe,
677 2478 756 2502 ma-

101 2521 250 2560 ximum
264 2515 376 2569 saepe
393 2516 604 2566 remedium
616 2519 681 2566 est,
703 2533 755 2559 ne

101 2577 257 2629 grauior
275 2573 478 2626 aegritudo
500 2576 680 2615 videatur.
712 2579 754 2615 Ε.

154 2634 199 2671 In
249 2628 513 2681 antiquiffimis
558 2631 663 2676 Libas
700 2630 753 2672 est

1295 1362 1298 1365 Δ
1356 1316 1457 1361 CH.

801 1458 948 1514 Qippe
998 1458 1073 1509 qui.
1128 1454 1257 1498 Reffie.
1328 1456 1455 1500 schol

802 1514 934 1555 Bemb.
965 1515 1036 1563 ait,
1065 1519 1251 1560 Ποιςέλκονε
1292 1512 1458 1554 abundat

831 1573 882 1609 ui.
936 1572 977 1610 B·

803 1585 826 1623 q
858 1631 909 1673 28
941 1625 1042 1678 Qeia
1061 1637 1276 1680 magnarum
1285 1624 1398 1699 saepe
1416 1625 1458 1664 id

802 1682 999 1721 remedium
1030 1681 1369 1735 aegritudinumst]
1420 1683 1457 1719 1-

803 1736 912 1791 psum
930 1737 1092 1776 fallerje
1085 1737 1458 1788 ntemp‹›1·e‚qui-

803 1794 891 1833 darn
914 1793 963 1832 de
981 1793 1116 1831 officiis
1138 1790 1363 1840 scribentes,
1393 1806 1459 1832 re·-

803 1851 904 1888 &um
933 1859 1178 1900 putauer.unt
1234 1850 1344 1887 Mam
1372 1851 1459 1888 Me-

801 1906 878 1944 dici
898 1916 1076 1958 aegrotos
1097 1902 1213 1956 saepe
1230 1902 1376 1943 fallunt.
1408 1904 1459 1947 C.

855 1973 909 2014 29
937 1961 1017 1999 Iam
1044 1959 1145 2014 huic]
1185 1963 1233 2003 V.
1263 1962 1310 2003 C.
1352 1960 1457 2000 Nam

802 2016 897 2056 huic.
954 2021 999 2058 L.

859 2070 1000 2112 Versus
1026 2070 1133 2112 causa
1163 2085 1314 2125 repone
1357 2072 1459 2112 Huic

803 2130 880 2169 iam
898 2127 1084 2181 manfiffbt.
1139 2131 1179 2168 Β.

855 2197 910 2237 30
938 2184 1068 2225 Iocone
1091 2198 1140 2224 tm
1153 2183 1256 2237 firio
1282 2184 1360 2232 illa]
1390 2188 1460 2226 An

804 2239 963 2279 confilio
984 2239 1128 2279 isthaec
1146 2240 1264 2288 dicar,
1292 2254 1340 2278 an
1358 2241 1463 2288 ioco,

804 2297 1032 2348 intelligere
1055 2309 1136 2337 non
1149 2294 1319 2347 pofl'um:
1342 2309 1465 2336 vnum

805 2351 1074 2399 tantummodo
1115 2352 1315 2405 intelligo,
1354 2351 1462 2403 quod

804 2407 900 2447 mihi
920 2407 969 2446 ad
989 2406 1073 2457 hoc,
1094 2408 1197 2459 quod
1213 2405 1388 2459 disposui,
1400 2422 1461 2447 cu-

803 2465 922 2503 mulat
942 2464 1192 2504 voluntatem.
1245 2467 1289 2504 E.

859 2522 968 2572 Lege
1007 2532 1096 2559 cum
1136 2517 1286 2559 duobus
1323 2518 1460 2559 nostris

803 2575 865 2616 Ille
889 2574 975 2614 haec
993 2577 1103 2614 dicat.
1159 2579 1201 2616 B.

856 2644 878 2687 3
889 2644 905 2675 1
938 2631 1022 2687 Qu
1034 2632 1156 2674 lubeat
1167 2633 1306 2687 magis]
1334 2629 1377 2669 Id
1390 2629 1455 2692 est,

1333 2698 1458 2739 magts
