1815 3168
530 73 954 120 EVNVCHVS.

1330 92 1431 143 417

199 203 443 263 Virginem,
477 215 607 262 quam
629 198 758 245 herae
783 198 902 246 dono
923 197 1100 247 dederat
1118 200 1269 256 miles,
1307 205 1428 252 vitia·

296 280 375 322 uit.
412 273 507 321 ΡΗ.
549 273 655 338 quid
679 275 737 320 ais

750 274 773 319 ἶ)

196 353 294 404 ΡΥ.
340 352 474 415 Perii!
518 348 614 396 Pu.
656 348 896 395 temulenta
928 365 988 396 es.
1030 346 1129 398 ΡΥ.
1169 352 1334 399 vtinam
1370 352 1428 402 {ie

294 424 388 479 sint,
412 427 488 488 qui
509 424 616 488 mihi
638 424 749 470 male
768 423 946 471 volunt!

195 501 306 552 Do.
347 505 418 547 Au
450 499 648 553 obsecro,
691 515 787 547 mea
808 499 1009 563 Pythias,
1047 499 1157 565 quid
1190 499 1299 549 istuc
1323 519 1427 552 nam

292 574 477 624 monstri
503 575 618 623 fuit?

115 778 220 835 Qus
254 776 384 819 turbas
415 774 536 830 dedit]
574 774 617 815 ld
646 773 712 826 est,

61 848 220 889 quantas
243 833 446 875 seditiones
464 832 574 876 fecit!
592 833 715 872 Dein-

59 894 111 934 de
129 891 308 945 negatio:
348 889 554 929 Temulenta
572 901 606 927 es
617 918 626 936 ‚
656 888 715 927 in-

60 949 157 1000 quit,
182 961 283 999 quae
301 946 396 984 stuto
428 947 445 964 ‘
474 943 606 982 obices
627 947 716 989 (Lo-

59 1018 143 1051 cus,
172 1016 289 1055 quem
309 999 500 1041 Westerh.
529 1010 568 1038 vt
585 997 716 1051 despe-

58 1074 180 1102 ratum
207 1055 390 1105 deseruit,
425 1054 611 1095 sanandus
641 1056 712 1095 fic:

57 1120 183 1170 Atque
194 1114 322 1167 statim
338 1111 548 1153 ahie-{tiones
567 1112 630 1164 Z.)
651 1110 713 1150 ad-

56 1173 194 1226 iungit.
247 1174 292 1212 E.

112 1227 212 1270 Cod.
271 1222 458 1265 Petrenfis
509 1223 678 1277 Rogasne
696 1221 715 1261 ’ἒ

58 1278 223 1335 Repone
252 1279 412 1335 Rbgan?
441 1289 480 1318 vt
507 1290 596 1322 cum
623 1277 716 1315 duo-

59 1340 130 1378 bus
151 1337 253 1389 seqq.
277 1334 509 1376 Trochaicns
528 1332 591 1380 fit{
624 1343 664 1370 et
680 1346 714 1370 a·

60 1397 159 1434 crior
181 1393 244 1432 fiat
265 1392 487 1442 increpatiO,
520 1389 716 1427 celeritate

60 1448 151 1504 ipsa.
209 1452 246 1488 B.

116 1518 164 1547 12
195 1504 303 1561 Qid
318 1505 387 1552 ais]
420 1504 506 1541 Hoc
525 1499 717 1538 admiran-

58 1565 104 1602 tis
124 1561 178 1601 est
197 1559 330 1612 magis,
349 1558 718 1609 quaminterrogan-

58 1621 115 1659 tis.
171 1620 217 1657 D.

114 1672 187 1714 Etsi
216 1672 256 1710 in
283 1668 414 1712 Bemb.
450 1678 490 1707 et
522 1666 626 1707 Bafil.
661 1666 716 1705 est

58 1729 173 1770 Dono
211 1727 360 1766 dederat
381 1739 391 1772 ;
438 1735 567 1762 tamen
604 1720 715 1761 sonus

57 1784 139 1837 ipse
157 1781 405 1822 commendat
429 1779 618 1828 ordinem,
638 1778 714 1817 De·

56 1844 163 1882 derat
180 1842 289 1879 dono.
350 1840 390 1876 B.

120 1909 166 1949 13
205 1893 416 1934 Temulenta
444 1888 495 1936 es]
525 1889 658 1938 Ebria,
690 1903 712 1929 a

58 1965 200 1998 temet0,
213 1963 289 2001 quo
300 1948 461 1987 nomine
471 1947 620 1996 antiqui
631 1958 712 1998 gra-

58 2022 109 2048 ue
124 2010 251 2046 vinum
265 2002 524 2056 appellabant,
546 2014 594 2040 eo
605 2000 712 2052 quod

59 2073 223 2114 tentaret
239 2070 431 2105 mentem,
458 2057 500 2096 id
524 2057 587 2105 est,
609 2058 708 2096 labe-

59 2120 223 2160 faetaret
242 2118 336 2170 Virg
367 2121 421 2145 -“
444 2113 629 2166 tenuisque
645 2114 711 2152 La-

58 2176 142 2230 geos
172 2177 358 2213 sentazura
376 2170 481 2222 pedes
502 2170 601 2216 olan,
628 2170 709 2208 vin-

63 2236 232 2283 c'turaque
251 2229 413 2277 linquam
434 2227 519 2274 (Ge.
542 2238 587 2273 n,
609 2228 710 2277 93.).

66 2284 345 2336 Vtinamsz'csz'nt
371 2285 437 2337 qui
448 2280 539 2321 nubi
547 2282 636 2320 male
649 2295 710 2319 vo-

63 2338 165 2390 lunt]
202 2345 317 2380 b'ene.
351 2353 429 2377 non
459 2338 603 2377 ebriam
625 2334 713 2385 effe,

64 2391 106 2438 in
127 2397 368 2436 maledictum
378 2396 507 2434 vertit:
540 2393 642 2445 quali
656 2406 714 2432 ve-

64 2469 107 2501 ιὴυ
127 2453 371 2504 temulentam
393 2449 489 2499 effe,
519 2450 714 2489 felicitatis

64 2510 118 2552 fit.
177 2502 238 2549 An
261 2510 330 2559 (Ac
349 2511 410 2559 Z.)
430 2520 511 2545 non
531 2516 651 2560 negat
678 2503 716 2545 se

68 2563 327 2619 effoebi-iam,
348 2560 413 2606 sed
427 2559 509 2606 non
526 2563 633 2618 vino,
654 2575 716 2606 ve-

1361 669 1423 719 15

764 788 850 815 rum
871 775 978 816 malo
1012 774 1158 816 ebriam
1182 776 1265 815 vult
1283 777 1426 818 intelli-

765 833 832 885 gi?
862 832 979 883 (Edd.
1006 835 1148 871 Vener.
1177 833 1326 884 Benese
1346 848 1426 875 nom

764 887 902 927 ebriam
931 887 992 939 esse
1018 891 1058 927 in
1086 887 1312 929 maledie-ium
1339 903 1427 931 ver-

765 943 850 983 bum.
871 943 1031 997 probat:
1072 943 1282 996 quasivero
1309 959 1426 985 temu-

764 1001 863 1040 lenta
882 1000 942 1052 effi·
962 1000 1198 1050 infelicitatis
1217 999 1276 1049 fit
1290 1002 1427 1054 procul

765 1055 897 1095 dubio:
925 1057 1016 1109 quia
1047 1069 1122 1096 non
1147 1069 1274 1109 negat,
1293 1058 1339 1108 se
1359 1059 1425 1110 ff

763 1111 922 1152 ebriam:
949 1111 1024 1161 secl
1047 1124 1122 1150 non
1150 1126 1255 1158 vum,
1292 1127 1425 1154 verum

762 1166 857 1207 malo
882 1167 1017 1206 ebriam
1027 1166 1104 1205 vult
1113 1166 1284 1224 intelligi.
1313 1170 1424 1209 Wie-

763 1224 909 1280 lingiup
936 1223 1113 1271 coniicit,
1145 1223 1254 1263 Bene.
1314 1225 1423 1266 Nam

764 1278 902 1317 ebriam
929 1292 957 1317 e.
984 1281 1009 1317 i.
1037 1291 1083 1317 m.
1103 1292 1137 1316 v.
1158 1293 1184 1332 q
1217 1294 1253 1319 v.
1277 1293 1353 1321 non
1370 1295 1424 1322 te·

764 1335 963 1374 mulenmm
984 1333 1055 1386 else,
1076 1331 1101 1373 s.
1120 1332 1179 1387 fi).
1233 1338 1283 1376 D.

819 1445 926 1485 Ordo
952 1445 1092 1483 melior
1116 1443 1203 1485 hic:
1228 1446 1333 1487 Mihi
1356 1449 1425 1502 qui

762 1501 852 1542 male
870 1503 1011 1541 volunt.
1064 1504 1106 1541 Β.

823 1622 874 1664 14
909 1612 998 1652 Mea
1028 1610 1202 1662 Pythias]
1233 1612 1345 1661 Mea,
1381 1622 1424 1658 et

763 1681 840 1706 mea
857 1680 909 1713 tu,
930 1677 970 1706 et
985 1665 1128 1714 amabo,
1149 1678 1186 1707 et
1203 1669 1276 1707 alia
1297 1666 1425 1707 huius-

764 1723 936 1767 cemodi,
966 1722 1190 1761 mulieribus
1219 1734 1306 1774 apta
1338 1721 1424 1764 sunt

763 1779 1042 1820 blandimenta.
1096 1777 1204 1832 Quid
1246 1778 1424 1830 zstucnam

760 1836 909 1885 monstri
934 1833 1072 1887 ficit?]
1125 1834 1287 1885 Quippe
1319 1849 1424 1875 mon-

752 1889 874 1942 strum
907 1889 962 1928 est
992 1903 1112 1929 omne
1141 1900 1275 1928 contra
1308 1900 1424 1930 natu·-

761 1960 853 1985 ram.
912 1945 953 1985 Si
981 1946 1100 1998 igitur
1118 1944 1331 1987 Eunuchus
1353 1946 1422 1995 est,

761 2013 800 2041 et
818 2003 963 2041 vitiauit
982 2002 1188 2054 virginem,
1207 2012 1340 2040 contra
1359 2014 1423 2045 re-

759 2072 843 2097 rum
862 2068 1036 2096 naturam
1060 2057 1204 2095 saelum
1223 2056 1288 2105 est,
1309 2068 1348 2096 et
1358 2070 1422 2097 re.

760 2115 819 2154 &e
835 2112 1044 2152 monstrum
1066 2112 1128 2151 est.
1171 2115 1220 2153 Et
1240 2113 1334 2152 ordo
1352 2113 1423 2162 est,

760 2170 870 2220 Quid
904 2167 1089 2207 istucnam
1120 2167 1279 2206 monstri
1315 2169 1420 2208 tuit?

761 2225 973 2279 (Quidnam
1017 2223 1102 2275 rstuc
1139 2222 1287 2275 monstri
1317 2224 1420 2277 fuit.

759 2281 855 2322 Edd.
876 2284 979 2321 Ven.
999 2281 1132 2328 reete).
1185 2282 1234 2322 D.

816 2390 1039 2440 Bembinus,
1067 2389 1207 2432 Bafilic.
1229 2400 1266 2428 et
1280 2389 1358 2429 duo
1370 2402 1423 2431 ex

764 2448 901 2487 nostris
930 2458 1019 2490 vett,
1048 2448 1170 2495 reste,
1203 2446 1304 2500 quod
1329 2447 1423 2497 istuc

762 2519 846 2545 nam
876 2503 1073 2555 monstrum
1093 2504 1210 2557 suit?
1249 2502 1421 2552 caeteri,

764 2561 858 2618 quid
876 2559 1041 2656 mogfiri.
1099 2561 1145 2604 B.
