1815 3168
319 181 418 233 304

724 163 882 210 ACT.
917 162 968 207 Π.
1009 161 1200 207 SCEN.
1236 162 1273 208 1.

450 288 816 358 Iam'repperiss'c,
836 288 1146 336 adolescentem
1170 287 1278 335 adeo
1300 272 1518 335 nobilem:

325 392 342 423 1
358 388 415 435 25
450 374 508 418 Et
533 372 567 416 is
590 367 722 416 hodie
747 377 981 414 venturum
1004 363 1056 410 ad
1077 380 1146 410 me
1168 361 1388 410 constituit
1407 362 1603 413 domum.

453 444 702 494 Concedam
727 442 975 492 hincintm,
998 449 1126 503 atque
1138 436 1405 504 exspefiabo,
1429 438 1534 485 dum
1547 440 1682 488 venit.

354 592 620 667 ACTVS
678 585 1031 641 SECVNDI
1086 583 1342 636 SCENA
1395 584 1649 636 PRIMA.

650 677 983 720 PHAEDRIA.

1033 673 1350 718 PARMENO.

316 815 392 931 F
408 841 432 868 A
452 839 478 868 c
500 857 514 875 ,
545 822 604 867 ita
626 827 672 866 vt
693 813 800 869 iuffi,
824 814 1093 861 deducantur
1113 810 1192 859 isti.
1228 808 1355 861 PAR.
1385 809 1553 859 faciam.
1586 807 1621 859 P
1635 823 1685 859 H.

624 903 666 938 at
694 891 942 951 diligenter.

451 963 574 1020 PAR.
599 970 710 1015 Fiet.
734 964 824 1012 ΡΗ.
849 975 891 1011 at
903 975 1085 1011 mature.
1105 959 1233 1010 PAR.
1256 959 1344 1009 fiet.
1364 960 1452 1011 PH.
1473 957 1688 1010 satin'hoc

551 1035 855 1090 mandatum'st
876 1038 986 1087 tibi?
1019 1037 1155 1085 PAR.
1192 1037 1289 1086 Ah!

450 1117 689 1182 Rogitare?
729 1112 846 1179 quafi
869 1110 1042 1161 difficile
1065 1110 1129 1159 fit.

317 1346 322 1355 =
373 1335 457 1377 124
492 1318 594 1361 Adeo
634 1314 809 1370 nobilem]
855 1312 972 1363 Adeo,

316 1395 388 1434 pro
405 1379 523 1419 nimis
542 1374 703 1428 pofitum
722 1373 788 1419 est,
819 1381 886 1410 aut
904 1383 977 1423 pro

315 1436 515 1489 'expletiua
534 1430 732 1484 particula.
787 1430 837 1468 D.

371 1492 478 1532 Adeo
503 1486 679 1541 nobilem]
710 1486 817 1526 Seru.
844 1485 978 1523 Aene-

315 1549 369 1592 id.
399 1562 456 1588 1v.
483 1545 532 1586 ad
552 1545 666 1583 illum
686 1537 779 1582 vers.
798 1541 865 1594 96.
895 1540 978 1580 Nec

314 1619 371 1647 me
390 1605 483 1644 adeo
500 1599 617 1655 fallit.
674 1601 715 1639 L.

376 1672 454 1715 125
483 1661 585 1697 Tres
615 1654 729 1695 codd.
765 1664 854 1692 cum
886 1649 974 1691 edd.

313 1728 407 1758 vett.
447 1714 593 1755 habent
617 1714 668 1751 Et
694 1712 727 1751 is
768 1721 832 1750 sn:
869 1706 976 1747 hodie

315 1785 388 1815 etc.
414 1783 452 1812 vt
472 1775 567 1813 Hec.
593 1781 628 1817 Ι,
651 1779 689 1815 2,
713 1777 803 1808 120.
823 1780 827 1782 “
858 1767 898 1805 Β.

375 1831 453 1872 126
493 1830 616 1879 Atque
653 1817 864 1874 exspee'iabo
891 1819 977 1858 dum

313 1886 436 1939 venit]
465 1885 653 1923 Futurum
672 1879 797 1917 actum
816 1876 975 1928 promit·

314 1952 399 1982 tere
431 1938 568 1980 voluit:
610 1947 695 1974 non
724 1946 801 1984 quo
836 1931 974 1982 aliquis

315 1997 442 2051 gestus
460 1995 504 2034 fit
514 1989 768 2044 exspectantis
788 1988 975 2040 <Scriptu-

313 2068 355 2093 ra
374 2061 574 2102 corrupta,
608 2048 668 2087 cui
690 2060 712 2084 a
730 2043 839 2083 libris
859 2042 975 2081 nullis

314 2110 527 2161 quicquam
557 2102 748 2145 medelae.
822 2102 974 2151 Legen-

313 2166 424 2210 dumv
444 2163 605 2215 opinor:
644 2158 846 2198 Venturum
874 2155 975 2194 ac‘lu-

312 2235 394 2262 tum
423 2221 638 2272 promittere
666 2212 816 2254 noluit:
862 2223 976 2264 neque
1019 2256 1021 2258 ¹

312 2278 455 2331 aliquis
499 2273 618 2331 gestus
666 2269 714 2324 est
765 2266 974 2323 exspec'tan-

313 2337 399 2387 tis).
452 2334 501 2373 D.

372 2403 390 2432 1
426 2387 500 2428 Fac
520 2387 575 2426 ita
593 2395 637 2424 vt
652 2379 752 2437 iuffi]
778 2382 859 2422 Iam
876 2393 975 2420 ama·

312 2446 457 2486 toi-ium
490 2440 777 2491 multiloquium
809 2448 847 2476 et
873 2436 976 2475 vani-

313 2502 489 2553 loquium
535 2497 711 2538 continet
746 2493 813 2533 ista
849 2493 971 2532 affio:

314 2571 406 2598 nam
437 2568 476 2595 et
505 2553 648 2607 repetit
678 2549 783 2604 quod
812 2549 889 2588 iam
917 2546 972 2586 di-

312 2614 416 2655 &um
444 2611 517 2651 est:
549 2620 590 2649 et
617 2608 655 2648 id
677 2607 767 2647 facit
786 2605 908 2659 magis
932 2613 972 2643 et

313 2666 446 2710 odiose
468 2667 583 2705 nimis
602 2665 734 2717 (leget
760 2675 795 2700 et
819 2662 971 2714 idfizce-

313 2740 348 2767 te
365 2727 493 2782 magis,
514 2735 550 2762 et
568 2720 690 2774 odiose
708 2719 858 2773 minus).
892 2719 940 2762 D.

1501 1189 1682 1237 Vtinam

1079 1311 1155 1352 Fac
1179 1311 1235 1352 ita
1259 1322 1305 1350 vt
1330 1308 1433 1365 iuffi]
1463 1313 1573 1351 Haec
1599 1314 1686 1353 Sce-

1026 1381 1078 1408 na
1097 1378 1207 1408 tenet
1225 1369 1349 1420 prima
1376 1376 1487 1420 parte
1504 1368 1693 1408 mandata*

1025 1422 1138 1470 serui,
1166 1423 1355 1464 ducantur
1374 1422 1422 1463 ad
1441 1425 1685 1465 meretricem

1027 1480 1093 1520 illa
1112 1479 1215 1519 dona
1227 1511 1237 1530 ,
1268 1492 1368 1533 quae
1387 1490 1479 1520 ante
1490 1492 1685 1533 compara·

1027 1537 1094 1576 uit.
1147 1539 1193 1577 E.
1287 1575 1292 1578 .

1081 1592 1157 1632 Fac
1190 1593 1246 1632 ita
1279 1605 1322 1632 vt
1357 1590 1460 1647 iuffi]
1495 1591 1681 1633 Diomed.

1025 1648 1092 1688 lib.
1117 1660 1150 1691 1.
1172 1660 1253 1701 cap.
1272 1660 1311 1700 4.
1368 1651 1409 1689 L.

1082 1717 1108 1747 2
1137 1704 1259 1744 Satin*
1286 1705 1356 1744 hoc
1373 1703 1604 1759 mandatum]
1633 1708 1685 1746 A·

1024 1771 1153 1814 perte,
1184 1761 1332 1813 inquit,
1373 1760 1472 1801 dieta
1497 1760 1584 1801 sunt
1614 1760 1683 1800 ista

1025 1818 1103 1858 tibi.
1158 1820 1202 1857 E.

1082 1886 1106 1926 3
1134 1872 1207 1921 Ab,
1226 1870 1427 1927 rogitare?
1456 1871 1566 1925 quast
1583 1871 1681 1924 diffl-

1026 1926 1171 1981 cilestt]
1200 1928 1317 1967 Deest
1335 1930 1411 1977 vis,
1439 1928 1500 1966 vel
1532 1930 1684 1983 pergis.-

1025 1995 1064 2023 vt
1081 1983 1135 2032 fit,
1158 1983 1327 2036 rogitare
1345 1984 1509 2037 pergis?
1542 1986 1616 2024 Vel
1633 1998 1679 2034 te,

1023 2039 1049 2078 fi
1070 2037 1196 2090 ipsum
1221 2036 1396 2090 respicit:
1425 2039 1487 2078 vel
1514 2038 1625 2089 hunc,
1653 2040 1681 2080 fi

1024 2092 1203 2135 aduersus
1222 2095 1322 2148 (imo
1343 2096 1507 2147 auersus,
1526 2096 1681 2136 a'Phae-

1024 2151 1108 2191 dria
1125 2148 1268 2190 scilicet
1296 2150 1343 2189 ad
1365 2148 1603 2202 spectatores.
1648 2155 1681 2192 1-

1024 2207 1116 2247 dem
1142 2206 1237 2246 vidit
1262 2207 1495 2261 Lindenbr.)
1525 2207 1598 2247 hoc
1625 2207 1680 2247 cli-

1024 2265 1096 2304 cit:
1125 2273 1165 2302 vt
1195 2262 1257 2309 fit,
1288 2263 1373 2314 Ah,
1419 2265 1588 2318 rogitare
1610 2263 1679 2304 te?

1022 2329 1107 2367 aut,
1141 2321 1306 2372 rogitare
1331 2319 1461 2360 hunc?
1485 2324 1532 2360 Et
1549 2319 1680 2360 distin-

1023 2377 1154 2416 &ione
1171 2375 1401 2428 interpolita,
1422 2370 1677 2416 inferendum

1022 2429 1215 2480 vultuose,
1246 2432 1348 2482 quali
1378 2432 1533 2472 difficile
1560 2432 1603 2471 fit
1635 2432 1676 2472 id

1023 2487 1130 2541 quod
1148 2488 1306 2527 mandat
1325 2490 1492 2541 (Malim,
1512 2489 1674 2538 mandas,

1020 2545 1093 2594 vel,
1116 2544 1343 2596 mandatur).
1396 2549 1453 2585 lta
1479 2555 1518 2584 et
1535 2545 1678 2595 inepti·-

1020 2615 1080 2641 am
1109 2601 1266 2639 nimiam
1297 2601 1394 2641 circa
1421 2601 1496 2651 hoc
1525 2598 1675 2639 solliciti

1020 2656 1198 2699 amatorie
1220 2657 1421 2710 expreffitz
1451 2668 1491 2698 et
1510 2656 1677 2697 ostendit

1579 2711 1676 2752 nihil
