1815 3168
264 72 360 129 696

667 69 825 116 ACT.
861 69 916 114 V.
949 69 1070 113 SCE
1089 70 1154 114 N.
1181 69 1236 116 11.

403 192 505 243 CL.
538 195 660 251 Quid
685 196 727 242 id
750 197 888 258 ergo?
923 192 1013 242 SY.
1053 193 1108 242 fic
1129 193 1216 249 est,
1250 212 1339 242 non
1367 193 1449 243 effe
1471 196 1636 246 horum

504 283 547 318 te
569 271 768 319 arbitror.
805 270 903 319 CL.
941 271 1047 334 quid
1070 269 1189 323 istuc,
1213 271 1353 334 Syre?

408 343 540 396 Satin’
575 347 696 393 sanus
727 347 805 393 es?
842 346 925 392 ὃν.
963 363 1046 406 ego
1089 346 1250 399 dicam,
1296 347 1417 411 quod
1447 347 1558 394 mihi
1591 350 1638 397 in

506 435 700 469 mentem
727 422 808 468 est:
845 432 894 468 tu
919 420 1118 468 diiudica,

409 503 533 547 Dum
556 498 642 545 istis
667 497 781 545 fuisti
802 497 928 549 soluS‚
951 498 1057 543 dum
1079 497 1197 543 nulla
1219 497 1298 544 alia
1321 495 1564 552 delefihtio,

314 594 371 641 35
411 582 535 633 Quae
555 577 740 641 piopior
761 571 885 626 ess'et,
928 583 971 619 te
992 572 1301 634 indulgebant,
1352 573 1432 621 tibi
1462 573 1641 623 dabant·

462 684 463 689 ,
511 669 627 697 nunc
657 648 742 696 filia

411 725 641 790 Postquam
665 725 724 771 est
746 728 925 773 inuenta
944 741 1067 778 vera,
1100 726 1280 772 inuenta
1302 723 1362 772 est
1382 725 1521 780 causa,
1559 741 1645 792 qua

508 817 552 850 te
576 802 855 868 expellerent.

274 1006 463 1060 proximis
479 1002 557 1055 fita
585 1004 731 1050 omnia,
760 1014 835 1042 non
863 1003 940 1041 erit

281 1062 407 1113 absens
436 1060 510 1100 diu.
565 1060 666 1099 Haec
690 1061 785 1099 enim
814 1057 861 1110 est
888 1057 938 1110 fi-

281 1120 364 1166 ἑῖἰο,
385 1130 428 1156 vt
444 1114 634 1169 depellaris
654 1130 677 1156 a
697 1117 803 1156 domo
819 1127 941 1169 pater-

280 1189 342 1214 na.
399 1174 444 1214 C.

339 1243 391 1283 32
420 1231 511 1269 Non
540 1227 602 1281 φῖ»
626 1227 762 1267 horum
787 1241 823 1268 te
841 1225 941 1266 arbi-

284 1292 383 1339 tror]
422 1286 538 1337 Quali
569 1299 657 1324 cum
685 1284 775 1323 odio
807 1283 942 1322 horum

284 1343 398 1382 dixit.
438 1354 477 1381 et
505 1355 552 1381 eo
583 1342 705 1394 magis
734 1340 839 1393 quod
865 1352 942 1379 nec

283 1411 322 1438 te
341 1398 464 1436 filium
488 1398 595 1436 dixit.
652 1400 697 1438 C.

333 1454 393 1493 Sic
413 1454 484 1508 est]
514 1455 591 1494 Diu
611 1452 732 1501 finxit,
752 1449 791 1492 se
814 1448 943 1492 nescio

286 1511 379 1562 quid
401 1512 593 1564 cogitate,
620 1507 769 1550 sel·:uus
799 1509 945 1561 repetit

284 1580 416 1606 tamen
436 1567 565 1606 astute.
622 1563 800 1607 Consulit
819 1566 872 1603 vti
891 1564 945 1603 di-

288 1634 347 1663 cat
363 1623 468 1661 hunc
487 1619 770 1662 adolescentem
792 1621 945 1673 (horum

281 1692 480 1731 parentum
495 1678 536 1730 [ὲ
563 1682 625 1729 Z.)
651 1676 772 1717 filium
793 1691 872 1716 non
892 1674 945 1715 es-

286 1734 335 1783 se,
356 1747 393 1774 et
412 1736 560 1786 quaerit
571 1744 812 1787 argumenta,
827 1733 946 1785 quod,

287 1791 498 1843 antequam
521 1792 648 1842 puella
660 1787 753 1829 esset
773 1792 945 1837 inuenta,

287 1848 393 1886 hunc.
414 1847 651 1901 diligebant:
683 1845 815 1898 postea
827 1844 944 1885 exhe-

287 1904 451 1943 redatur.
488 1902 634 1943 Adiicit
656 1913 695 1941 et
713 1902 829 1951 illud,
860 1914 946 1940 cum

287 1971 426 2000 matres
453 1957 604 2010 semper
633 1971 701 2010 pro
725 1957 811 1996 filiis
830 1958 946 1996 inter-

287 2017 428 2056 uenire
457 2013 749 2061 consueuerint,
778 2014 946 2052 nuncin

288 2071 489 2112 itacundia
531 2085 614 2110 non
660 2080 771 2124 rogat
811 2081 946 2109 mater.

288 2128 626 2181 Compellitioitur
645 2103 946 2174 adolescentem,

289 2187 341 2224 vti
378 2195 557 2236 parentes
587 2194 709 2236 roget
747 2193 812 2222 aut
840 2183 947 2221 enim

290 2240 467 2292 piecibus
480 2239 527 2278 ad
538 2237 945 2278 misericordiamcom-

290 2308 464 2336 moturus
483 2295 534 2335 est
553 2295 693 2342 ambos,
713 2291 871 2333 autsuos
884 2307 947 2344 pa-

291 2364 421 2392 rentes
445 2351 559 2390 facile
595 2349 812 2404 cognoscet.
869 2349 947 2391 Sed

291 2420 529 2448 conuentum
549 2420 597 2446 ex
609 2406 823 2459 posteiiore
838 2406 949 2445 orati-

291 2479 370 2505 one
388 2461 664 2516 cognoscimus,
683 2476 769 2502 cum
780 2463 876 2501 dixit
888 2462 948 2501 Sa-

292 2523 340 2560 tis
371 2522 470 2559 recte.
528 2522 627 2561 Cum
654 2520 761 2558 enim
785 2520 826 2557 in
848 2519 947 2570 peri-

290 2578 375 2616 eulo
398 2576 545 2617 maiole
565 2575 705 2627 politus
736 2574 852 2615 fuerit
877 2574 930 2614 fili

1543 880 1642 926 CL.

987 1014 1050 1049 us,
1084 1010 1167 1040 tum
1184 999 1298 1040 facile
1317 1000 1542 1053 parentibus
1563 1013 1647 1055 pot-

989 1056 1041 1097 est
1052 1070 1214 1096 mouere
1224 1058 1418 1108 pietatem,
1440 1059 1499 1097 vel
1511 1072 1648 1110 pacem

989 1113 1037 1153 ab
1080 1113 1268 1152 iracundo
1310 1124 1418 1164 patre
1445 1111 1647 1166 suscipere.

993 1172 1124 1209 Pacem
1143 1180 1273 1208 autem
1294 1169 1392 1208 dixit
1416 1171 1581 1220 veniam,
1607 1182 1647 1212 vt

992 1226 1133 1279 Virgil.
1156 1228 1274 1278 (Aen.
1294 1238 1364 1273 lv,
1394 1227 1483 1278 56.)
1508 1238 1652 1279 pacem.

992 1295 1058 1335 que
1071 1295 1141 1335 per
1161 1295 1247 1321 aras
1268 1284 1498 1334 exquirunt:
1527 1283 1567 1321 id
1585 1283 1650 1334 est,

991 1338 1313 1378 beneuolentiam
1331 1351 1372 1376 ac
1392 1338 1557 1378 veniam.
1584 1343 1627 1380 Ε.
1664 1382 1667 1385 Δ

1046 1399 1154 1448 Lege
1174 1393 1253 1447 ,Qui
1276 1393 1384 1444 istuc,
1412 1404 1452 1433 vt
1482 1392 1597 1447 saepe
1616 1404 1654 1435 a·-

994 1452 1086 1498 lias;
1117 1464 1191 1496 cur,
1213 1450 1451 1504 quamobrem
1467 1450 1581 1502 istuc?
1610 1454 1652 1492 Β.

1050 1519 1101 1559 33
1133 1507 1232 1553 Alii,
1267 1508 1308 1545 in
1340 1520 1457 1546 mente
1482 1507 1555 1559 est5
1585 1508 1652 1547 alii

996 1564 1177 1602 omittunt
1195 1561 1250 1614 est
1281 1560 1346 1602 sed
1362 1563 1543 1604 meliores
1561 1563 1652 1604 libri

994 1622 1034 1659 in
1054 1633 1207 1658 mentem
1226 1617 1282 1670 est.
1335 1620 1396 1659 Sic
1414 1616 1528 1670 saepe
1547 1621 1654 1660 Plau·

997 1687 1077 1723 tus3
1107 1686 1145 1715 et
1165 1675 1301 1715 Noster
1319 1675 1432 1715 Adel.
1453 1688 1514 1726 lv,
1536 1687 1569 1726 1,
1585 1688 1651 1719 12

996 1731 1056 1773 Cf.
1078 1732 1250 1772 Gellium
1271 1743 1349 1785 1,7
1320 1743 1360 1785 7.
1416 1734 1456 1772 B.

1051 1800 1105 1842 34
1140 1788 1245 1827 Dum
1279 1786 1355 1839 istis
1385 1786 1498 1840 fitisti
1525 1787 1651 1843 filus]

995 1845 1093 1885 Satis
1122 1842 1336 1883 veiifimilis
1371 1845 1467 1882 ratio
1502 1843 1653 1884 adoles-

995 1900 1099 1940 centi
1117 1899 1355 1951 imprudenti
1374 1910 1554 1951 etparum
1566 1913 1654 1953 pio-

995 1956 1111 1995 uido:
1141 1956 1231 1995 ideo
1251 1954 1377 1995 statim
1392 1953 1563 1996 subiicit:
1591 1956 1655 2010 Est.

995 2011 1195 2065 verfimile.
1250 2013 1296 2053 C.

1051 2081 1104 2120 35
1134 2065 1394 2122 Indulgebant]
1433 2069 1580 2109 Faciles
1598 2082 1654 2122 ⁴e-

997 2135 1102 2172 rant‚
1130 2123 1199 2163 tibi
1221 2125 1488 2175 permittentes
1516 2125 1651 2176 multa,

997 2192 1098 2233 quae
1117 2179 1283 2219 volebas.
1341 2179 1386 2219 C.

1049 2236 1156 2302 Qae
1181 2236 1357 2289 propior]
1397 2239 1441 2277 V.
1471 2237 1518 2278 C.
1562 2249 1656 2290 quae

992 2295 1112 2348 prior.
1168 2297 1210 2335 L.

1052 2352 1104 2402 36
1134 2352 1170 2390 A
1200 2346 1350 2387 duobus
1386 2347 1522 2388 nostris
1549 2348 1656 2390 abest

1000 2405 1118 2448 Vera,·
1154 2405 1196 2443 in
1239 2405 1322 2443 aliis
1353 2401 1483 2444 sedem
1508 2416 1656 2454 mutat,

997 2464 1039 2502 in
1053 2475 1130 2500 vno
1144 2460 1250 2500 deest
1273 2461 1436 2500 quenta.
1494 2463 1574 2503 Cur
1594 2476 1655 2502 au·

998 2529 1078 2557 tem
1112 2517 1212 2556 Filia
1249 2531 1356 2564 veza,
1397 2530 1485 2557 cum
1523 2515 1655 2558 falsam

997 2587 1197 2626 nunquam
1210 2570 1245 2612 st.
1236 2573 1444 2615 stulerint.
1434 2576 1449 2602 7
1477 2577 1654 2627 Repone‚

1557 2630 1657 2683 Post-
