1815 3168
567 185 983 233 EVNVCHVS.

1272 201 1276 203 ’
1347 195 1445 251 467

154 332 182 380 5
217 316 371 362 Venit:
411 311 482 361 vbi
503 312 604 365 vidi,
630 311 817 372 egomed
834 313 880 358 in
912 310 1060 376 pedes,
1085 324 1298 375 quantum
1311 329 1439 380 queo,

214 394 269 436 In
291 391 572 452 angiportum
595 388 812 450 quoddam
835 386 1069 433 desertum:
1109 389 1212 435 inde
1232 393 1338 440 item

214 468 269 511 In
294 463 544 515 aliudpinde
566 465 610 508 in
633 463 771 508 aliud:
807 463 862 507 ita
886 462 1149 508 miserrimus

214 541 300 586 Fui
321 537 562 598 fugitando,
583 553 640 583 ne
666 539 762 600 quis
781 552 853 581 me
878 537 1171 597 cognosceret.

213 613 300 661 Sed
321 608 436 659 estne
458 613 563 659 haec
573 613 726 665 Thais,
748 627 878 675 quam
901 607 1066 663 video?
1085 608 1240 678 ipsa’st:
1263 614 1438 671 haereo,

50 711 52 714 ·
97 716 106 729 .-
121 706 182 741 10
214 689 335 745 Quid
356 688 539 735 faciam?
574 687 682 750 quid
700 703 796 733 mea
815 688 992 732 autem?
1023 687 1130 750 quid
1147 688 1274 737 faciet
1292 692 1403 739 mihi
1415 695 1440 739 ?

210 763 314 813 ΤΗ.
349 763 584 810 Adeamus.
608 761 724 811 bone
747 763 811 810 vir
834 765 971 816 Dore,
993 761 1127 810 salue:
1162 763 1229 811 dic
1252 766 1379 819 mihi,

80 982 251 1037 tiphonis
271 979 421 1023 seilicet.
479 982 612 1022 Notus
642 981 734 1023 mihi

79 1040 232 1094 quidam
252 1037 400 1078 obuiam
427 1039 551 1086 venit]
577 1043 641 1079 An
664 1053 733 1078 no-

81 1107 141 1136 tus
152 1125 162 1145 ‚
193 1095 259 1147 qui
275 1107 339 1134 me
356 1092 478 1147 poffet
496 1092 733 1146 agnoscere?

78 1166 130 1192 an
151 1153 216 1203 qui
233 1164 298 1190 me
317 1151 483 1196 nouerit,
499 1149 542 1189 id
558 1151 621 1200 est,
643 1151 735 1190 ami-

79 1209 174 1251 cus?
227 1210 277 1248 D.
537 1247 540 1249 ,

138 1275 163 1316 ς
191 1262 382 1318 Qantum
401 1267 505 1316 queo]
534 1261 653 1304 Deest
671 1262 735 1316 (Id

79 1319 130 1373 est
152 1323 210 1370 Ζ.)
240 1317 421 1357 velociter.
475 1323 529 1360 D.

134 1377 282 1415 Omnes
301 1373 391 1412 libri
410 1382 500 1413 vett.
521 1370 665 1419 vitiose,
686 1372 734 1410 E-

76 1444 212 1487 gomet,
232 1443 315 1481 pro,
335 1431 411 1485 Ego
431 1444 499 1469 me.
557 1431 639 1468 Nec
658 1442 735 1467 ma-

82 1488 142 1541 gis
167 1484 367 1539 probanda
391 1484 443 1523 est
468 1485 592 1538 Lolgii
619 1484 733 1523 leffio

81 1544 270 1592 Plautina,
301 1541 474 1596 Egomed.
535 1543 636 1580 Nam
658 1539 738 1579 hia-

54 1623 57 1626 <
83 1609 144 1638 tus
166 1598 229 1637 hic
247 1596 301 1636 est
319 1597 461 1636 nullus,
516 1599 556 1636 Β.

136 1657 163 1697 6
192 1655 236 1692 In
264 1656 517 1708 angiportum]
557 1649 664 1690 Vide
694 1651 737 1688 il-

82 1711 165 1749 lum
193 1722 275 1748 non
303 1705 432 1747 vitasse
453 1705 519 1746 sub
538 1720 614 1745 vna
639 1707 737 1745 clau-

80 1763 164 1806 sula
182 1765 238 1804 bis
258 1766 299 1802 in
318 1764 457 1812 dicere,
488 1767 526 1802 in
539 1764 661 1815 pedes,
695 1765 734 1801 in

79 1825 334 1876 angiportum.
391 1821 644 1874 Angiportum
682 1817 736 1858 di-

81 1877 226 1917 cebant
242 1877 367 1914 vicum
385 1889 467 1913 non
486 1876 674 1926 peruium,
686 1875 733 1912 vi-

81 1947 143 1973 am
162 1932 353 1985 publicam
381 1933 628 1984 (Angiportus
646 1943 733 1984 ergo

82 1988 130 2040 e‘st
157 1991 220 2028 eia
237 1986 392 2040 publica,
415 1986 502 2025 edd.
520 1990 622 2028 Ven.
646 1998 735 2023 cum

81 2042 153 2087 Ms.
181 2048 229 2085 H.
283 2042 360 2085 Sed
385 2042 509 2092 forte,
546 2044 736 2096 Angipor-

85 2113 163 2141 tum
203 2099 371 2139 dicebant
403 2100 524 2138 vicum
553 2101 734 2152 peruium,

82 2156 146 2195 vel
185 2160 283 2195 viam
310 2169 384 2196 non
422 2154 634 2207 publicam).
691 2154 739 2192 In

85 2214 320 2266 angiportum
337 2213 525 2265 quoddam
541 2209 736 2265 desertum]

87 2267 218 2314 Deest,
237 2267 405 2321 fugiens.
465 2270 514 2308 D.

143 2324 165 2362 1
166 2337 190 2362 n
199 2327 432 2378 angiportum
442 2326 642 2377 quoddam]
663 2326 697 2364 A
701 2337 740 2364 n-

86 2380 277 2434 giporium
299 2380 457 2420 dicimus
477 2392 517 2421 et
537 2381 739 2434 angustum

87 2446 130 2473 et
177 2433 382 2476 tortuosum
417 2438 438 2459 ⁴¹
475 2439 495 2488 ζ
505 2440 551 2478 In
596 2447 738 2476 neutro

86 2490 192 2533 Msto
229 2492 375 2532 lacuna.
435 2494 548 2534 Forte
570 2492 741 2536 ‚excide-

89 2557 182 2587 runt
206 2545 347 2595 verba3
387 2546 510 2603 Quafi'
538 2553 739 2604 anguipor.

89 2606 203 2702 {uum}
260 2605 361 2702 {am
371 2606 521 2665 anguis¹
536 2606 656 2651 modo
675 2605 741 2649 fle-

141 2668 209 2701 tur.
286 2662 307 2705 “.

1297 843 1440 890 Aufu-

835 992 863 1033 7
891 982 953 1022 Ita
977 981 1205 1034 mifirrimus
1231 984 1302 1036 fiai
1321 986 1383 1034 fu
1408 989 1441 1026 i·

781 1040 908 1084 tando]
938 1039 981 1079 Id
1001 1039 1072 1088 est,
1102 1039 1293 1094 fatigatus,
1310 998 1446 1091 laffffs,

781 1105 821 1134 et
837 1095 1045 1149 languidus
1069 1093 1164 1145 sum,
1189 1096 1282 1137 dum
1308 1096 1438 1151 fugio.

779 1154 827 1192 Et
842 1150 1000 1190 honesta
1019 1152 1163 1190 locutio
1183 1152 1256 1192 est:
1285 1164 1336 1202 vt,
1357 1154 1441 1193 Mt.

769 1207 836 1259 fir
856 1207 1022 1256 amando,
1040 1206 1146 1258 milbr
1164 1209 1356 1248 currendo.
1386 1213 1442 1252 D-

837 1270 858 1312 8
897 1263 954 1302 Ne
989 1266 1069 1315 quis
1099 1277 1154 1302 me
1182 1264 1439 1321 cognofieret]

780 1321 880 1358 Nota
913 1319 1125 1370 improprie
1157 1319 1318 1370 dietum,
1364 1335 1442 1374 pro

781 1373 1016 1427 Agnofivret.
1072 1377 1122 1414 D.

800 1428 812 1431 “
837 1441 863 1481 9
891 1429 961 1467 Sed
976 1429 1066 1480 estne
1084 1429 1170 1467 haec
1184 1430 1309 1476 Thais,
1328 1445 1440 1485 quam

782 1484 941 1538 video?]
967 1483 1201 1535 Iampridem
1228 1485 1310 1538 ipse
1327 1485 1443 1538 visus,

787 1552 892 1578 nunc
921 1541 1087 1591 primum
1106 1539 1220 1580 videt.
1273 1544 1444 1599 Haemo}

785 1599 954 1635 Incertus
981 1609 1168 1636 remaneo
1193 1606 1308 1648 atque
1337 1599 1444 1638 <defi-

787 1664 868 1703 gor.
918 1652 1084 1691 -Primus
1130 1662 1256 1691 metus
1305 1654 1443 1695 adimit

785 1706 1002 1746 confilium:
1033 1704 1097 1746 sed
1122 1709 1343 1760 recognitio
1363 1712 1445 1761 (re.

784 1765 990 1818 cogitatio)
1038 1761 1164 1802 reddit
1211 1763 1443 1808 confidenti-

782 1832 856 1858 am.
915 1820 966 1862 D.
1382 1848 1390 1853 -

842 1886 893 1915 10
921 1872 1029 1928 ‚Quid
1043 1887 1124 1913 mea
1138 1873 1291 1919 autem?
1302 1876 1335 1930 ]
1353 1878 1445 1919 Col-

782 1930 870 1983 ligit
896 1927 935 1968 se
969 1926 1090 1968 rursus
1126 1929 1183 1969 ad·
1205 1930 1446 1983 impudenti-

783 1999 844 2024 am
863 1985 1046 2025 Chaerea.
1103 1989 1152 2025 Et
1169 1986 1276 2035 vide,
1304 1987 1329 2027 fi
1356 2002 1445 2031 nou

784 2041 923 2081 eadem
938 2039 994 2080 est
1016 2041 1173 2080 audacia
1191 2043 1234 2081 in
1252 2043 1446 2093 Chaerea,

786 2110 886 2149 quae
899 2097 908 2106 “
924 2098 967 2135 in
994 2093 1240 2149 suscipiendo
1265 2098 1446 2141 facinore,

784 2153 870 2194 fuit.
924 2155 972 2192 Et
991 2153 1225 2201 ἐλλειπικῶς,
1258 2156 1347 2208 quid
1362 2170 1446 2197 mea:

784 2212 935 2250 autem?
985 2209 1094 2266 Quid
1125 2209 1249 2261 faciet
1287 2211 1449 2267 'mihi2'1

788 2268 1020 2316 Opportune
1039 2261 1076 2302 se
1088 2264 1447 2319 corifirniaui't2'quia

786 2320 814 2360 fi
837 2317 1066 2360 extimuiffet
1086 2331 1126 2359 et
1142 2318 1308 2373 fugiffet,
1341 2324 1445 2365 nihil

788 2377 949 2429 nuptiae
970 2387 1306 2426 premonet-entur.
1337 2382 1387 2419 D.

845 2445 890 2475 11
924 2431 1025 2470 Bone
1045 2434 1117 2478 vir,
1141 2431 1264 2485 Dore]
1293 2437 1378 2475 Hoc
1389 2446 1447 2474 to-

788 2500 869 2529 tum
888 2486 1048 2540 figurate
1067 2487 1175 2536 dixit,
1196 2499 1234 2528 vt
1254 2492 1449 2540 meretrix„

789 2556 831 2585 et
849 2543 1050 2585 subtiliter.
1107 2546 1205 2584 Nam
1229 2542 1299 2585 scit
1314 2546 1451 2588 Chae·-

791 2614 897 2642 ream
916 2596 993 2638 effe
1006 2612 1121 2650 quem
1132 2601 1350 2652 alloquitur,
1363 2615 1450 2643 non

791 2654 1036 2702 Eunuchum.
1088 2659 1137 2700 Et
1153 2655 1224 2702 hie<
1236 2666 1379 2714 magna
1389 2671 1451 2696 oc-

805 2729 807 2731 ’
903 2713 976 2769 Gg
1005 2723 1036 2769 3-
1216 2736 1236 2746 a
1351 2713 1449 2754 calio
