1815 3168
345 115 444 171 488

745 109 904 156 ACT.
933 110 987 155 V.
1024 108 1218 155 SCEN.
1248 109 1323 154 1V.

389 255 456 299 40
492 237 620 289 Dico,
646 235 768 282 edico
790 237 929 288 vobis,
959 235 1156 283 nostrum
1181 231 1263 281 effe
1297 234 1422 282 illum
1455 206 1639 282 herilem
1670 233 1719 282 fi-

588 312 710 358 lium.
749 310 829 358 PY.
870 313 988 364 hem,

492 387 697 440 Obsecro,
716 405 769 433 an
795 389 829 433 is
854 386 945 432 est?
980 385 1062 433 PA
1077 398 1122 430 R.
1156 401 1213 431 ne
1237 402 1367 448 quam
1390 388 1436 433 in
1457 376 1581 434 illum
1597 386 1723 433 Tha-

594 465 629 509 is
653 467 740 508 vim
764 461 858 507 fieri
884 460 1003 507 fimat.

493 541 640 602 Atque
660 538 766 583 adeo
789 548 934 584 autem
957 553 1034 583 cur
1059 553 1151 583 non
1174 548 1351 597 egomet
1372 540 1489 584 intro
1512 538 1596 585 eo?
1629 534 1662 583 P
1676 551 1724 583 Y.

595 613 707 665 vide,
729 618 955 665 Parmeno,

498 689 619 744 Quid
644 705 756 749 agas,
778 705 833 733 ne
855 704 999 751 neque
1021 687 1083 734 illi
1105 686 1257 752 prosis,
1290 698 1334 734 et
1354 698 1402 734 tu
1420 704 1585 753 pereaS.
1625 704 1728 734 nam

597 765 682 810 hoc
705 774 873 828 putant,

500 840 723 902 Quicquid
743 830 969 891 fafftum'st,
1000 849 1116 885 exte
1140 835 1223 886 effe
1247 848 1410 887 ortum.
1446 837 1588 887 PAR.
1623 837 1732 902 quid
1771 819 1774 828 l

596 917 732 976 igitur
753 914 904 960 faciam
926 913 1083 961 miser?

421 1137 495 1175 Pro
516 1130 721 1181 Prehendi,
751 1131 857 1183 quod
883 1133 925 1172 in
945 1146 1030 1185 pro-

368 1187 466 1229 batis
505 1191 695 1242 reperitur
729 1188 858 1237 libris,
903 1188 1029 1230 versus

371 1246 493 1299 gratia
542 1259 630 1284 cum
676 1247 825 1290 Faerno
864 1258 1026 1298 repono,

369 1302 519 1342 Prendi.
559 1300 718 1342 Deinde
735 1301 950 1354 legendum
964 1301 1028 1350 est,

369 1372 412 1398 at
429 1373 472 1398 ne
491 1358 559 1397 hoc
579 1358 670 1408 nese.
727 1360 767 1396 B.

452 1427 478 1454 0
510 1415 621 1462 Dico,
647 1414 748 1452 edico
776 1411 895 1467 vobis]
924 1411 1030 1461 Αὔξη-

370 1485 431 1518 mg,
444 1481 482 1508 vt
495 1468 693 1522 supra,Vl7i
705 1483 889 1522 quaeram,
902 1469 967 1508 vbi
978 1474 1032 1509 in-

371 1526 566 1581 uestigem?
607 1527 723 1580 Dico]
750 1525 855 1575 Tibi,
866 1525 1032 1579 Pythias.

367 1583 513 1636 Edico]
553 1582 750 1622 Omnibus
789 1582 872 1620 tuis.
928 1585 1032 1636 Ergo

372 1639 423 1681 ad
450 1637 646 1678 uniuersos
682 1649 886 1690 vtrumque
915 1639 1035 1678 reter-

374 1707 447 1745 tur,
468 1706 506 1734 et
524 1695 620 1734 Dico
638 1706 677 1734 et
698 1696 808 1734 edico.
864 1697 914 1735 D.

430 1752 542 1790 Dico.
562 1752 679 1806 edico]
711 1753 778 1793 Vti
795 1751 1036 1791 iracundiam

376 1809 439 1848 vel
457 1809 651 1854 meretrix,
673 1809 731 1846 vel
754 1807 918 1859 quilibet
936 1809 1034 1846 alius

377 1875 596 1915 temperare
606 1864 697 1915 poffi
705 1864 866 1911 t,maluit
878 1864 1034 1914 (mauult

376 1922 448 1971 Z),
461 1919 525 1970 qui
538 1920 600 1957 ille
618 1916 839 1958 adolescens
850 1918 903 1958 fit,
918 1918 1034 1957 confi-

378 1976 464 2022 teri,
477 1989 529 2013 ne
543 1986 702 2026 propter
728 1974 975 2013 nobilitatem
992 1977 1033 2014 in

380 2045 473 2072 eum
495 2030 643 2083 aliquid
661 2030 919 2072 constituatur.
950 2034 993 2071 E.

433 2156 484 2197 41
518 2142 689 2206 Ohficrq,
723 2155 771 2183 an
787 2145 817 2182 is
836 2141 940 2197 est?]
972 2145 1033 2182 In-

381 2197 564 2240 sultantis.
596 2210 636 2238 vt
662 2199 703 2237 in
722 2199 958 2239 Phormione
976 2201 1033 2251 (v,

381 2268 433 2310 7,
467 2258 583 2309 52),
625 2256 697 2294 Hi
692 2257 759 2293 ine
789 2259 899 2295 eras?
940 2258 1039 2294 Nam

382 2311 525 2353 sciebat
560 2325 650 2351 eum
685 2308 772 2360 esse.
839 2312 899 2351 Ne
929 2324 988 2364 qu
982 2325 1039 2350 ιηι

361 2373 420 2409 -in
449 2368 546 2407 illum
571 2367 687 2407 Thais
714 2369 789 2405 vim
809 2365 899 2418 fieri
916 2367 1037 2421 finnt]

383 2427 513 2476 Quam
540 2424 645 2464 bene
665 2423 842 2474 prouidet
861 2423 1039 2476 Pythias!

385 2484 538 2533 (Forte,
577 2477 763 2531 quantum
783 2493 831 2518 ex
849 2481 983 2519 litteris
1001 2493 1037 2531 q.

387 2549 421 2576 e.
439 2551 474 2576 o.
498 2551 535 2576 n.
556 2551 595 2575 ιι.
618 2533 638 2574 s.
658 2536 682 2575 i.
702 2546 726 2573 t.
761 2549 860 2587 quae
887 2537 928 2574 in
960 2537 1039 2587 qui

381 2590 542 2634 busdam
562 2591 670 2633 libris
700 2589 805 2642 sunt,
847 2593 1042 2633 conficere

1663 1003 1730 1054 45

1077 1133 1179 1181 licet,
1191 1132 1373 1173 addenda
1390 1130 1474 1174 sunt
1484 1133 1600 1174 haec:
1621 1134 1734 1191 Qae

1078 1191 1242 1243 equidem
1260 1193 1383 1229 omnia
1405 1205 1557 1236 narrat,
1590 1205 1631 1230 ne
1648 1191 1736 1242 fi’r-

1076 1259 1147 1286 uus
1165 1244 1352 1298 irrumpat
1370 1247 1420 1285 ad
1444 1247 1630 1287 Thaidem.
1660 1248 1732 1300 Z.).

1135 1359 1197 1398 Ne
1223 1371 1332 1410 quam
1352 1361 1391 1397 in
1411 1371 1490 1396 eum
1506 1357 1636 1413 Thais]
1667 1362 1739 1399 Be-

1079 1427 1134 1453 ne
1157 1413 1298 1454 adiecit
1318 1413 1439 1459 Thais,
1453 1428 1552 1466 quae
1573 1415 1655 1454 eius
1666 1414 1740 1456 fra-

1081 1481 1180 1510 trem
1203 1471 1325 1510 'habet
1346 1482 1568 1510 amatorem.
1623 1475 1668 1512 E.

1128 1540 1188 1578 ,42
1220 1530 1343 1580 Atque
1363 1529 1450 1566 adeo
1463 1540 1583 1567 autem
1593 1541 1656 1565 cur
1667 1541 1738 1569 non

1082 1596 1224 1638 egomet
1243 1586 1344 1623 intro
1365 1584 1425 1637 eo]
1454 1583 1618 1636 Pythias,
1631 1584 1740 1630 Vide,
1783 1614 1786 1618 ›

1085 1640 1278 1688 Parmeno,
1304 1641 1397 1693 quid
1421 1655 1532 1694 agas,
1562 1654 1605 1679 ne
1631 1654 1742 1693 neque

1085 1695 1139 1734 illi
1155 1696 1283 1748 profik,
1304 1710 1339 1735 et
1355 1711 1396 1735 tu
1408 1706 1546 1748 pereas.
1592 1699 1740 1736 Totum

1084 1751 1159 1790 hoc
1180 1752 1226 1791 ad
1246 1752 1284 1790 id
1305 1752 1465 1802 addidit,
1492 1763 1532 1791 vt
1551 1750 1667 1791 senex
1684 1753 1742 1792 in-

1084 1809 1317 1847 tromittatui
1352 1808 1409 1848 ad
1456 1783 1740 1848 ²confirmandas

1084 1865 1260 1914 nuptias:
1300 1862 1364 1902 sed
1395 1867 1510 1910 Poeta
1540 1863 1613 1909 hoc
1647 1865 1737 1919 agit,

1084 1930 1272 1970 perronae
1291 1917 1473 1958 nesciunt.
1531 1922 1580 1959 D.

1112 1976 1191 2014 Cur
1202 1989 1277 2013 non
1288 1976 1368 2029 ego]
1382 1974 1536 2017 Credit
1526 1989 1601 2014 iam
1616 1973 1651 2015 se
1662 1972 1754 2016 non'

1083 2034 1211 2082 (nunc)
1222 2030 1329 2082 posse
1341 2030 1569 2071 succurrere.
1591 2036 1741 2071 Verum

1086 2088 1273 2138 quoniam
1284 2087 1437 2140 Pythias
1449 2090 1644 2135 mentitur,
1661 2102 1739 2127 me-

1084 2144 1157 2182 tuit
1192 2158 1243 2183 ne
1261 2141 1447 2197 ingressus
1464 2146 1653 2183 Parmeno
1674 2145 1745 2184 ali-

1087 2199 1138 2239 ud
1170 2201 1368 2246 inueniat‚
1410 2199 1501 2238 ideo
1537 2199 1679 2238 obfistit
1706 2212 1744 2240 et

1088 2255 1265 2306 prohibet
1312 2270 1365 2295 ne
1410 2257 1448 2294 i1.
1437 2255 1565 2308 ‹ri-edi
1612 2257 1742 2304 vellet,

1089 2312 1194 2363 quod
1215 2312 1441 2362 illipotiusu
1444 2306 1499 2349 1lc
1482 2322 1626 2357 untur,
1631 2312 1745 2364 quod

1089 2367 1252 2407 credunt
1284 2369 1396 2420 ipfius
1426 2367 1585 2407 confilio
1611 2370 1746 2409 cunda

1063 2464 1066 2468 ,
1089 2424 1273 2476 perfeci&
1329 2428 1373 2466 Ε,

1141 2493 1196 2533 44
1225 2480 1349 2520 Nostri
1378 2479 1460 2520 fere
1484 2493 1639 2530 omnes,
1668 2494 1690 2519 a
1708 2493 1745 2519 te

1089 2535 1162 2587 effe
1193 2537 1328 2577 Recte:
1360 2548 1401 2577 vt
1425 2536 1528 2578 And.
1548 2550 1610 2588 111,
1639 2548 1674 2586 2,
1699 2548 1739 2590 9.

1089 2603 1128 2633 et
1144 2606 1193 2643 11,
1217 2606 1251 2642 1,
1272 2605 1336 2648 35.
1389 2597 1429 2635 Β.
