1815 3168
553 139 589 183 E
605 139 700 183 VN
715 137 965 184 VCHVS.

1337 145 1400 193 49
1410 149 1432 194 5

212 263 598 330 Comprehendere
620 265 752 316 intus,
765 273 807 309 et
820 261 1127 327 constrinxere.
1150 258 1248 308 LA.
1273 259 1437 311 occidi!

210 340 290 390 PA
304 355 350 386 R.
388 339 623 385 Audaciam
653 340 934 396 meretricum
972 334 1127 403 spesta.
1166 333 1206 382 L
1221 351 1265 382 A.
1310 353 1440 403 1ium⁸3

308 414 413 478 quid
435 412 493 459 est

114 510 173 556 25
211 490 346 538 Aliud
365 489 467 534 mali
490 487 708 542 damnine,
731 488 850 551 quod
872 505 962 534 non
986 488 1155 539 dixeriS,

211 565 477 627 Reliquom'?
512 563 547 610 P
561 577 653 610 AR.
690 575 860 611 tantum
884 562 957 613 cst.
996 561 1103 610 LA.
1138 558 1248 609 cesso
1271 561 1435 609 hucin·

307 650 585 705 trorunipere
595 639 618 684 t>

79 853 283 894 vti-umque
299 853 368 895 pro
379 858 394 881 .·
419 840 510 893 quia
521 851 652 891 neque
662 842 736 880 Eu·

81 899 230 939 nuchus
260 899 333 946 est,
365 899 431 949 qui
457 897 605 935 vitiauit
622 897 736 949 virgi-

80 969 195 995 nem:
227 966 359 1005 neque
376 952 575 998 moechus,
609 953 674 1002 qui
693 953 734 991 {n

82 1012 198 1050 domo
240 1010 465 1049 meretricia.
524 1012 573 1048 Et
610 1006 736 1058 spec‘la

81 1080 197 1118 qnam
215 1066 381 1104 oratorie
391 1063 617 1104 transtulerit
626 1077 737 1103 men-

81 1125 229 1161 tionem
255 1121 409 1160 vitiatae
430 1121 600 1172 virginis.
659 1121 734 1158 Pro

79 1175 237 1221 moecho,
257 1178 394 1229 inquit,
406 1186 443 1215 vt
453 1177 602 1226 culpam
615 1174 737 1217 Chae-

80 1247 171 1273 reae
189 1231 254 1272 sub
273 1233 481 1272 meretricis
497 1230 737 1271 accusatione

82 1290 237 1328 celaret.
300 1290 411 1328 Hunc
452 1300 525 1341 pro
573 1286 735 1340 moecho]

82 1349 192 1388 Bene
220 1354 341 1382 totum
362 1355 456 1395 pro:
490 1344 580 1393 quia
605 1354 737 1393 neque

85 1399 318 1449 Eunuchus,
349 1399 415 1450 qui
443 1398 637 1450 ephebus:
669 1411 737 1437 ne-

86 1469 164 1509 que
183 1455 339 1503 adulter,
359 1455 423 1506 qui
445 1465 600 1493 amator.
632 1456 682 1492 D.

141 1513 250 1550 Hunc
273 1522 345 1562 pro
366 1509 528 1562 moecho]
554 1512 661 1548 Bene
688 1509 741 1547 ita

81 1578 151 1621 pro
170 1567 312 1606 moecho
332 1565 439 1611 dixit,
460 1568 549 1616 quia
568 1567 606 1603 in
622 1565 738 1603 domo

86 1623 298 1663 meretricis
314 1621 470 1660 moechi
492 1624 637 1661 crimen
656 1621 740 1659 nul-

84 1680 165 1718 lum
184 1678 249 1718 est.
309 1681 355 1719 E.

142 1803 194 1843 23
227 1790 538 1843 Comprehendere
558 1792 674 1837 imm,
704 1802 740 1827 et

89 1848 350 1899 constrinxere]
382 1849 473 1897 Quo
485 1848 584 1885 dieto
597 1848 671 1884 vim
684 1847 742 1883 in-

27 1906 33 1916 ²
89 1912 250 1955 gentem
268 1900 400 1940 inferri
419 1901 604 1954 fignificat
616 1901 738 1942 Chae-

89 1970 187 1997 reae.
246 1957 572 2009 Comprehendere,
604 1955 742 2009 fignifi-

89 2025 150 2053 cat
168 2013 320 2052 strifi‘tim
338 2015 474 2066 (Lege,
485 2014 665 2065 strir‘ilum²
690 2012 740 2051 ob

74 2067 198 2108 codd.
222 2080 260 2107 ct
278 2069 364 2108 edd.
386 2073 498 2121 vett.)
517 2071 684 2120 aliquem
702 2070 744 2107 in

65 2144 70 2151 =
92 2124 266 2165 facinore
284 2124 576 2176 deprehensum.
636 2127 686 2164 D.

125 2183 196 2220 ‘Et
223 2181 536 2232 constrinxerunt]
563 2184 649 2221 Hoc
678 2178 742 2228 est,

94 2236 253 2275 vinculis
274 2238 487 2290 alligarunt.
545 2241 589 2277 E.

144 2294 200 2342 >24
216 2294 420 2332 Audaciam
429 2296 656 2333 meretricum
666 2289 747 2345 spe-

96 2347 172 2400 fta]
201 2348 324 2387 Maior
342 2347 484 2400 ἔμφασις
500 2347 747 2388 accusationis

98 2402 153 2442 est
199 2415 266 2453 per
310 2405 496 2455 pluralem
532 2417 748 2450 numerum,

100 2472 215 2510 quam
249 2457 488 2512 singularem.
528 2462 604 2500 >Sic
635 2458 747 2498 alibi:

99 2538 156 2545 —
186 2528 233 2552 an
247 2518 373 2565 potius
390 2520 445 2556 ita
465 2531 519 2556 me
537 2525 748 2568 comparem,

101 2569 195 2609 Non
216 2570 366 2622 perpeti‘
382 2575 608 2611 meretricum
629 2585 750 2611 contu-

102 2627 252 2664 melias?
294 2627 490 2665 Audaciam
502 2627 748 2680 meretricum]

105 2683 278 2721 oratorie
295 2683 431 2724 auertit
448 2684 541 2724 iram
560 2681 656 2726 senis
667 2698 686 2722 a
697 2680 746 2735 se,

1289 716 1437 760 PAR.

784 851 824 881 et
844 838 1071 881 aehaerea:
1103 849 1219 891 atque
1239 836 1438 877 deriuatin

783 898 1038 937 meretricem.
1098 898 1147 935 D.

836 953 1039 992 Audaciam
1068 954 1319 1002 meretricum]
1357 954 1438 990 Iam

785 1008 913 1049 seruus
934 1009 1158 1048 meretrices
1171 1006 1343 1046 accusare
1355 1020 1441 1046 coe-

786 1076 916 1118 perat,
957 1075 995 1103 et
1025 1063 1188 1103 audaces
1216 1064 1365 1111 dicere,
1399 1071 1440 1100 vt

785 1121 932 1161 exinde
959 1135 980 1160 a
1007 1120 1168 1159 crimine
1191 1116 1255 1158 suo
1283 1132 1354 1171 per
1381 1131 1440 1157 ac-

784 1175 1020 1216 cusationem
1032 1175 1202 1227 (Excidit
1212 1176 1370 1214 aliorum
1379 1176 1441 1225 Z.)

785 1243 921 1273 auocet
941 1232 1155 1271 dominum.
1214 1234 1256 1270 E.
1323 1269 1327 1272 ,

841 1302 894 1341 25
923 1288 1118 1340 N'umquid
1143 1284 1189 1337 cst
1215 1286 1318 1325 aliud
1339 1286 1440 1333 mali,

786 1344 1006 1397 darnniueP]
1046 1346 1159 1382 'Bene
1198 1343 1437 1394 interrogat:

787 1401 874 1451 quia
894 1401 1025 1439 omnia
1042 1398 1184 1437 inuitus
1206 1395 1331 1437 seruus
1344 1399 1442 1436 dice-

789 1469 831 1494 re
843 1455 1053 1493 videbatur.
1083 1458 1226 1493 Etcum
1241 1454 1437 1498 dainnum,

788 1512 932 1550 malum
960 1510 1020 1558 lit,
1050 1509 1099 1548 de
1124 1511 1299 1559 proximo
1328 1511 1443 1548 colla-

789 1579 867 1606 tum
887 1564 1130 1605 discernitur:
1159 1575 1196 1603 et
1214 1563 1442 1604 dmmmmad

789 1624 1003 1662 emtionem
1022 1621 1211 1669 Eunuchi,
1239 1621 1372 1660 malum
1394 1621 1443 1658 :id

791 1676 1113 1729 comprehensum
1127 1678 1295 1728 pertinet
1306 1688 1343 1715 et
1354 1690 1445 1715 con-

788 1735 954 1775 stri‘cluni
973 1733 1202 1774 Chaeream.
1259 1738 1309 1774 D.

841 1791 945 1829 Num
967 1791 1055 1841 quid
1073 1788 1118 1839 ‹st
1135 1788 1240 1828 aliud
1265 1789 1354 1828 mali
1381 1788 1442 1826 da*

790 1848 925 1893 mniue]
966 1847 1060 1884 Muli
1089 1846 1257 1896 pertinet
1282 1844 1329 1882 ad
1358 1843 1443 1890 hoc,

790 1902 894 1953 quod
916 1900 1109 1940 Chaereas
1129 1913 1195 1950 pro
1214 1899 1446 1939 moechoin..

790 1969 850 1996 tus
874 1955 926 1997 est
946 1953 1208 2007 deprehensus
1228 1967 1267 1994 et
1287 1957 1444 2008 ligatus:

789 2014 932 2052 Damni
943 2013 988 2051 ad
999 2012 1105 2060 illud,
1119 2011 1224 2063 quod
1236 2010 1287 2051 est
1298 2026 1318 2050 a
1333 2011 1448 2051 Ρίιειεθ

792 2070 874 2109 dria
891 2079 1015 2107 emtus
1036 2066 1259 2108 Eunuchus}
1317 2071 1360 2107 E.

846 2128 899 2167 26
932 2124 1027 2175 Ctffi
1043 2124 1108 2163 huc
1129 2126 1399 2174 introrumpere
1411 2122 1445 2177 Tr]

793 2184 839 2221 In
867 2192 1008 2220 tantam
1037 2178 1292 2217 formidinem
1319 2180 1450 2218 conie-

796 2238 874 2276 &us
895 2236 947 2275 est
959 2234 1086 2282 senex,
1112 2245 1150 2274 vt
1162 2247 1241 2272 non
1254 2235 1449 2282 miremur,

797 2292 901 2344 quod
933 2303 1010 2330 tam
1037 2292 1112 2329 cito
1142 2291 1292 2339 nuptias
1324 2289 1451 2330 firmet

797 2347 941 2400 ephebi
967 2358 1005 2386 et
1024 2346 1206 2399 virginis:
1236 2356 1275 2384 et
1304 2348 1363 2398 (vt
1388 2342 1453 2397 Z.)

797 2404 970 2455 quamuis
1002 2415 1083 2441 non
1104 2400 1285 2449 honeste,
1320 2412 1452 2441 tamen

799 2463 886 2511 quia
907 2473 957 2497 ex
975 2458 1040 2510 (est
1061 2461 1100 2498 in
1122 2459 1187 2508 Z.)
1207 2457 1451 2510 ingentime-

799 2528 850 2563 tu,
876 2515 937 2553 vel
961 2513 1126 2567 indigno
1145 2514 1390 2552 matrimonio
1413 2513 1453 2552 fi-

801 2573 840 2610 lii
861 2571 973 2609 vitam
1022 2567 1130 2608 acisci
1148 2569 1248 2608 velit.
1306 2571 1357 2608 D.

850 2630 900 2667 Vt
917 2585 1042 2665 vei-stis
1054 2624 1132 2672 stet,
1151 2625 1240 2677 lege
1250 2624 1451 2681 Reliqiiom‚

800 2694 839 2726 vt
860 2679 1181 2735 quadrisyllabon.
1234 2684 1274 2724 Β.
