1815 3168
305 131 402 182 628

701 123 854 171 ACT.
885 119 962 168 111.
997 121 1194 168 SCEN.
1227 121 1299 170 111.

443 258 505 302 Vt
527 250 754 316 equidem,
790 253 848 298 ita
868 266 940 298 me
961 252 1021 297 Di
1040 259 1211 296 ament,
1244 248 1395 301 metui,
1430 246 1536 311 quid
1559 248 1676 295 sutu-

539 345 641 375 rum
663 327 851 390 denique
875 323 975 372 effet
989 320 1000 374 ἔ

444 406 574 453 Noui
598 420 681 464 ego
704 404 943 449 amantium
967 401 1186 447 animum:
1226 398 1460 446 aduertunt
1473 387 1678 459 grauiter,

543 495 652 544 quae
684 495 776 524 non
800 476 982 523 censeas.

353 572 416 610 ιο
448 555 494 606 C
509 569 554 603 L.
595 560 654 600 At
686 553 795 599 mihi
819 550 927 598 fides
960 549 1218 620 apudfhrmc
1241 546 1314 603 est,
1334 548 1444 595 nihil
1468 565 1539 595 me
1561 546 1679 595 istius

541 627 776 681 fagiurum,
798 637 937 692 pater.

442 704 550 756 CH.
592 702 713 751 Esto:
749 715 791 750 at
825 713 940 749 certe
974 701 1183 749 concedas
1215 699 1319 746 hinc
1352 699 1497 763 aliquo
1529 699 1579 746 ab
1604 716 1681 747 ore

547 796 701 827 eorum
729 778 1048 842 aliquantisper.
1428 818 1432 821 .

445 856 590 906 Multa
613 854 699 902 fert
720 853 881 902 libido:
907 870 955 900 ea
965 851 1174 918 prohibet
1184 850 1323 900 facere
1345 860 1417 898 tua
1427 850 1681 917 praesentia.

315 1114 430 1169 etum]
456 1115 610 1153 Fatetur
630 1106 780 1155 seruus,
808 1120 896 1148 eum
915 1103 975 1146 fu-

314 1168 382 1213 iffe
401 1167 674 1209 immodestum
692 1167 734 1205 in
756 1165 857 1205 vino.
897 1162 975 1205 Nisi

315 1229 434 1268 etiam
454 1225 621 1276 capiatur
637 1222 787 1274 flzc‘ium
815 1220 906 1260 ficut
940 1235 977 1260 a·

316 1286 414 1324 c'lum
438 1281 504 1334 est,
534 1289 572 1319 vt
589 1278 632 1318 fit
655 1275 893 1330 desperantis
919 1275 977 1315 di-

315 1341 430 1380 Qum.
489 1338 534 1377 C.

372 1394 440 1435 Vel
455 1393 534 1432 heri
551 1392 592 1431 in
609 1392 714 1441 vino]
747 1391 833 1430 Hoc
851 1402 900 1428 ex
912 1402 978 1427 an-

317 1448 590 1493 tecedentibus
609 1455 887 1500 argumentum
900 1445 979 1483 col-

317 1510 446 1561 ligens
474 1504 606 1544 dixin·
627 1504 732 1542 Noui
756 1515 823 1557 ego
853 1514 977 1540 aman—

318 1568 415 1606 tium
425 1559 784 1609 animos‚aduer'zunt
793 1559 975 1612 grauiter,

319 1633 412 1675 quae
429 1631 503 1658 non
516 1616 668 1668 cenfias.
706 1617 761 1654 lta
773 1615 881 1653 enim
893 1625 976 1653 mos

319 1677 375 1717 est
393 1672 623 1715 amatoribus
654 1671 825 1725 (excidit.
836 1683 879 1709 vt
905 1672 980 1722 Z),

319 1732 508 1785 ampliora
527 1726 783 1781 suspicentur,
800 1739 916 1778 quam
938 1736 978 1764 tu

319 1789 416 1829 haut
433 1786 577 1839 poteris
598 1782 783 1834 suspicari.
839 1785 886 1824 E.

374 1845 421 1884 In
448 1840 629 1886 conuiuio]
658 1837 726 1880 Ms.
746 1843 788 1881 R.
817 1840 856 1878 in
876 1841 979 1878 vino.

321 1899 427 1955 quod
449 1912 531 1937 non
552 1894 740 1948 displicbt.
794 1896 836 1934 L.
862 1931 866 1933 i

374 1960 447 1997 Pro
471 1955 652 1994 Conuiuio
663 1949 797 1992 Bemb.
810 1947 980 1990 etnostri

321 2025 459 2054 omnes
479 2011 588 2050 Vino.
645 2009 686 2046 B.

379 2075 401 2116 8
437 2067 486 2107 Vt
508 2064 672 2118 equidem
683 2063 814 2114 metui]
848 2062 979 2113 thro

320 2135 509 2179 quantum,
521 2122 659 2172 velpro
671 2120 841 2173 qualiter.
868 2120 980 2171 Virg.

321 2182 416 2231 (Ecl.
436 2191 531 2227 vm,
556 2179 643 2231 41.)
689 2175 740 2216 Vt
759 2176 840 2215 vidi
862 2187 906 2214 vt
921 2185 981 2228 pe-

319 2240 398 2278 rii..
438 2235 485 2275 C.
853 2245 855 2248 ’

375 2305 402 2346 9
431 2291 647 2330 Acluertunt
661 2285 850 2345 grauiter]
873 2284 980 2336 Quia

319 2350 364 2387 in
383 2361 514 2387 amore
533 2347 664 2387 omnia
687 2342 852 2397 suspefta
881 2339 978 2381 sunt.

373 2462 466 2512 Leg.
484 2473 569 2498 cum
590 2456 779 2498 Palmerio
793 2455 902 2495 N6ui
914 2468 982 2515 ego

320 2520 480 2570 amantis
503 2530 511 2553 :
570 2517 731 2554 (inimum
777 2513 977 2552 aduerzunt

317 2575 505 2628 grziuinr,
544 2585 633 2624 quae
654 2582 727 2610 ete.
788 2571 886 2608 Nam
912 2568 972 2606 ad-

319 2642 462 2668 uertere
481 2642 550 2680 per
569 2625 604 2666 se
627 2626 727 2678 apud
748 2624 925 2666 Nostrum
936 2634 973 2663 et

1584 965 1683 1023 Ego

1022 1105 1201 1147 Plautum
1222 1119 1301 1144 non
1321 1103 1398 1144 hoc
1418 1102 1527 1145 sensu
1558 1119 1686 1145 occur-

1024 1163 1073 1202 rit
1087 1175 1099 1210 3
1131 1172 1167 1201 at
1192 1164 1357 1217 animum
1386 1162 1580 1201 aduertere
1600 1160 1687 1215 paf-

1023 1218 1103 1259 fim.
1160 1221 1200 1258 B.

1084 1287 1135 1316 10
1163 1272 1274 1314 Mihi
1285 1271 1396 1327 fides]
1426 1273 1543 1313 Areia
1572 1272 1686 1313 fami·

1026 1331 1177 1378 limitas,
1198 1343 1285 1369 cam
1308 1330 1404 1369 alter
1430 1329 1480 1367 de
1507 1330 1624 1368 altero
1643 1331 1687 1370 in

1027 1400 1070 1426 re
1083 1390 1260 1427 Venerea
1278 1385 1376 1426 nihil
1395 1383 1608 1437 suspicatur.
1639 1388 1686 1427 C.

1078 1445 1173 1496 Leg.
1198 1456 1287 1498 ⁸cum
1317 1455 1392 1481 vno
1421 1454 1442 1480 e
1460 1442 1617 1495 RegiiS,
1646 1451 1688 1481 vt

1024 1498 1259 1542 Trochaicus
1282 1498 1324 1538 fit
1351 1510 1478 1548 aeque
1500 1510 1544 1536 ac
1564 1508 1690 1538 caete-

1028 1557 1071 1605 ri,
1083 1557 1139 1594 At
1149 1552 1244 1605 fides
1262 1557 1313 1594 mi
1329 1555 1427 1607 apud
1443 1553 1539 1592 hunc
1557 1553 1612 1605 est.
1644 1557 1685 1594 Β.

1088 1624 1133 1654 11
1157 1611 1261 1662 Esto]
1282 1610 1688 1661 Verbumconceden-

1027 1668 1098 1713 τίς.λ
1144 1667 1331 1707 concedas
1348 1666 1503 1720 filique]
1536 1668 1583 1706 Et
1614 1666 1690 1706 hoc

1029 1724 1178 1777 quaerit
1196 1725 1311 1775 Syrus
1323 1753 1333 1772 ,
1364 1734 1402 1762 vt
1421 1722 1595 1775 abigatur
1613 1723 1691 1764 Cli-

1027 1779 1138 1833 tipho
1159 1779 1206 1819 ab
1224 1780 1358 1828 amica,
1378 1792 1430 1819 ne
1446 1778 1636 1819 Clu-emes
1648 1791 1689 1817 e-

1028 1838 1087 1877 ius
1105 1835 1184 1875 effe
1203 1835 1497 1875 animaduertat.
1561 1835 1605 1882 C,

1085 1891 1196 1943 Esto:
1225 1904 1266 1929 at
1291 1894 1399 1942 certe]
1428 1890 1503 1929 Hic
1529 1888 1689 1930 mandat

1030 1958 1158 2000 pater,
1189 1957 1226 1986 vt
1249 1943 1417 1985 discedat
1435 1960 1455 1985 a
1477 1945 1594 1984 domo
1614 1944 1690 1984 fili-

1029 2017 1095 2049 us:
1125 2004 1236 2042 aliter
1257 2003 1363 2041 enim
1383 2013 1502 2055 negat
1514 2000 1596 2041 fieri.
1606 2000 1690 2052 pos·

1030 2057 1081 2109 se,
1107 2070 1146 2098 vt
1163 2058 1409 2110 impudentia
1435 2055 1688 2109 adolescentis

1030 2115 1235 2167 comprimi
1262 2115 1383 2166 possit.
1437 2113 1553 2152 Dicit.
1578 2115 1689 2155 enim

1029 2174 1149 2212 multa
1183 2170 1389 2210 libidinem
1427 2170 1549 2219 velle,
1586 2183 1689 2210 earn·

1030 2241 1107 2281 que
1127 2225 1192 2267 sub
1212 2225 1393 2278 cuiusque
1414 2224 1628 2278 praesentia
1649 2223 1689 2267 fe

1029 2286 1157 2326 minus
1177 2283 1323 2324 audere
1342 2283 1549 2335 complere.
1587 2285 1630 2322 E.

1085 2341 1183 2382 Cum
1237 2340 1424 2379 C6ncea⁷czs
1473 2336 1687 2378 secundum

1029 2397 1228 2450 vulgarem
1246 2396 1456 2435 leffionem
1477 2394 1623 2446 duplici
1643 2393 1686 2433 fit

1029 2464 1199 2500 accentu,
1212 2465 1292 2490 uon
1311 2450 1398 2491 satis
1409 2451 1586 2490 venuste:
1607 2451 1685 2503 leg.

1029 2523 1071 2550 at
1089 2523 1182 2549 certe
1198 2522 1240 2548 vt
1257 2508 1342 2546 hinc
1353 2507 1520 2548 concedas
1530 2508 1688 2558 a'liquor:

1024 2564 1243 2619 praesertim
1265 2577 1353 2603 cum
1373 2575 1447 2602 tres
1465 2574 1553 2603 vett.
1567 2561 1686 2602 habe‘

1023 2635 1087 2662 ant
1110 2623 1215 2663 Certe
1234 2635 1273 2662 vt
1294 2622 1477 2661 concedas.
1533 2621 1573 2660 B.
