<?xml version="1.0" encoding="UTF-8"?>
<!DOCTYPE html PUBLIC "-//W3C//DTD XHTML 1.0 Transitional//EN"
    "http://www.w3.org/TR/xhtml1/DTD/xhtml1-transitional.dtd">
<html xmlns="http://www.w3.org/1999/xhtml" xml:lang="en" lang="en">
 <head>
  <title>
</title>
<meta http-equiv="Content-Type" content="text/html;charset=utf-8" />
  <meta name='ocr-system' content='tesseract 3.04.00' />
  <meta name='ocr-capabilities' content='ocr_page ocr_carea ocr_par ocr_line ocrx_word'/>
</head>
<body>
  <div class='ocr_page' id='page_1' title='image "./comoediaesexexre01tereuoft_0314.png"; bbox 0 0 1815 3168; ppageno 0'>
   <div class='ocr_carea' id='block_1_1' title="bbox 319 189 410 235">
    <p class='ocr_par' dir='ltr' id='par_1_1' title="bbox 319 189 410 235">
     <span class='ocr_line' id='line_1_1' title="bbox 319 189 410 235; baseline -0.044 -5"><span class='ocrx_word' id='word_1_1' title='bbox 319 189 410 235; x_wconf 76' lang='lat'>218</span> 
     </span>
    </p>
   </div>
   <div class='ocr_carea' id='block_1_2' title="bbox 710 170 1295 222">
    <p class='ocr_par' dir='ltr' id='par_1_2' title="bbox 710 170 1295 222">
     <span class='ocr_line' id='line_1_2' title="bbox 710 170 1295 222; baseline -0.007 0"><span class='ocrx_word' id='word_1_2' title='bbox 710 176 870 222; x_wconf 85' lang='lat' dir='ltr'><strong>ACT.</strong></span> <span class='ocrx_word' id='word_1_3' title='bbox 905 173 961 219; x_wconf 87' lang='lat' dir='ltr'>V.</span> <span class='ocrx_word' id='word_1_4' title='bbox 1007 171 1202 218; x_wconf 87' lang='lat' dir='ltr'>SCEN.</span> <span class='ocrx_word' id='word_1_5' title='bbox 1239 170 1295 218; x_wconf 90' lang='lat'>11.</span> 
     </span>
    </p>
   </div>
   <div class='ocr_carea' id='block_1_3' title="bbox 363 294 1690 884">
    <p class='ocr_par' dir='ltr' id='par_1_3' title="bbox 363 294 1686 516">
     <span class='ocr_line' id='line_1_3' title="bbox 363 294 1635 371; baseline -0.013 -15"><span class='ocrx_word' id='word_1_6' title='bbox 363 326 416 371; x_wconf 85' lang='lat'>15</span> <span class='ocrx_word' id='word_1_7' title='bbox 460 310 571 354; x_wconf 89' lang='lat' dir='ltr'>Cum</span> <span class='ocrx_word' id='word_1_8' title='bbox 595 305 749 352; x_wconf 89' lang='lat' dir='ltr'>faciem</span> <span class='ocrx_word' id='word_1_9' title='bbox 769 302 928 354; x_wconf 81' lang='lat' dir='ltr'>videas,</span> <span class='ocrx_word' id='word_1_10' title='bbox 949 300 1121 348; x_wconf 84' lang='lat' dir='ltr'>videtur</span> <span class='ocrx_word' id='word_1_11' title='bbox 1144 294 1226 344; x_wconf 89' lang='lat' dir='ltr'>esse</span> <span class='ocrx_word' id='word_1_12' title='bbox 1248 296 1466 359; x_wconf 84' lang='lat' dir='ltr'>quantiuis</span> <span class='ocrx_word' id='word_1_13' title='bbox 1489 296 1635 360; x_wconf 79' lang='lat' dir='ltr'>pretii.</span> 
     </span>
     <span class='ocr_line' id='line_1_4' title="bbox 451 368 1685 444; baseline -0.012 -14"><span class='ocrx_word' id='word_1_14' title='bbox 451 381 608 430; x_wconf 84' lang='lat' dir='ltr'>Tristis</span> <span class='ocrx_word' id='word_1_15' title='bbox 638 381 837 444; x_wconf 75' lang='lat' dir='ltr'>seueritas</span> <span class='ocrx_word' id='word_1_16' title='bbox 863 374 971 423; x_wconf 88' lang='lat' dir='ltr'>inest</span> <span class='ocrx_word' id='word_1_17' title='bbox 991 378 1035 421; x_wconf 88' lang='lat' dir='ltr'>in</span> <span class='ocrx_word' id='word_1_18' title='bbox 1050 374 1185 426; x_wconf 83' lang='lat' dir='ltr'>voltu,</span> <span class='ocrx_word' id='word_1_19' title='bbox 1208 381 1336 435; x_wconf 83' lang='lat' dir='ltr'>atque</span> <span class='ocrx_word' id='word_1_20' title='bbox 1351 372 1393 416; x_wconf 87' lang='lat' dir='ltr'>in</span> <span class='ocrx_word' id='word_1_21' title='bbox 1407 371 1548 417; x_wconf 85' lang='lat' dir='ltr'>verbis</span> <span class='ocrx_word' id='word_1_22' title='bbox 1562 368 1685 416; x_wconf 84' lang='lat' dir='ltr'>fides.</span> 
     </span>
     <span class='ocr_line' id='line_1_5' title="bbox 451 440 1686 516; baseline -0.011 -13"><span class='ocrx_word' id='word_1_23' title='bbox 451 459 528 508; x_wconf 81' lang='lat' dir='ltr'>Sl.</span> <span class='ocrx_word' id='word_1_24' title='bbox 566 455 791 512; x_wconf 84' lang='lat' dir='ltr'>Quidnam</span> <span class='ocrx_word' id='word_1_25' title='bbox 836 452 1074 516; x_wconf 75' lang='lat' dir='ltr'>apportas?</span> <span class='ocrx_word' id='word_1_26' title='bbox 1120 447 1279 496; x_wconf 84' lang='lat' dir='ltr'><strong>DAV.</strong></span> <span class='ocrx_word' id='word_1_27' title='bbox 1319 446 1431 494; x_wconf 81' lang='lat' dir='ltr'>nihil</span> <span class='ocrx_word' id='word_1_28' title='bbox 1466 440 1686 510; x_wconf 79' lang='lat' dir='ltr'>equidem,</span> 
     </span>
    </p>

    <p class='ocr_par' dir='ltr' id='par_1_4' title="bbox 451 524 1690 884">
     <span class='ocr_line' id='line_1_6' title="bbox 550 524 1276 594; baseline -0.014 -15"><span class='ocrx_word' id='word_1_29' title='bbox 550 531 627 580; x_wconf 80' lang='lat' dir='ltr'>nifi</span> <span class='ocrx_word' id='word_1_30' title='bbox 652 529 772 594; x_wconf 89' lang='lat' dir='ltr'>quod</span> <span class='ocrx_word' id='word_1_31' title='bbox 792 529 918 574; x_wconf 89' lang='lat' dir='ltr'>illum</span> <span class='ocrx_word' id='word_1_32' title='bbox 946 526 1094 572; x_wconf 81' lang='lat' dir='ltr'>audiui</span> <span class='ocrx_word' id='word_1_33' title='bbox 1119 524 1276 570; x_wconf 88' lang='lat' dir='ltr'><strong>dicere.</strong></span> 
     </span>
     <span class='ocr_line' id='line_1_7' title="bbox 451 596 1688 663; baseline -0.01 -8"><span class='ocrx_word' id='word_1_34' title='bbox 451 608 531 659; x_wconf 78' lang='lat' dir='ltr'>St.</span> <span class='ocrx_word' id='word_1_35' title='bbox 570 606 691 663; x_wconf 87' lang='lat' dir='ltr'><strong>Quid</strong></span> <span class='ocrx_word' id='word_1_36' title='bbox 713 607 770 651; x_wconf 82' lang='lat' dir='ltr'>ait</span> <span class='ocrx_word' id='word_1_37' title='bbox 790 600 998 656; x_wconf 73' lang='lat' dir='ltr'>tandem?</span> <span class='ocrx_word' id='word_1_38' title='bbox 1034 599 1189 648; x_wconf 84' lang='lat' dir='ltr'><strong>DAv.</strong></span> <span class='ocrx_word' id='word_1_39' title='bbox 1224 597 1482 662; x_wconf 89' lang='lat' dir='ltr'>Glycerium</span> <span class='ocrx_word' id='word_1_40' title='bbox 1516 597 1554 644; x_wconf 89' lang='lat' dir='ltr'>se</span> <span class='ocrx_word' id='word_1_41' title='bbox 1585 596 1688 643; x_wconf 83' lang='lat' dir='ltr'>scire</span> 
     </span>
     <span class='ocr_line' id='line_1_8' title="bbox 551 677 1421 731; baseline -0.02 0"><span class='ocrx_word' id='word_1_42' title='bbox 551 686 694 731; x_wconf 87' lang='lat' dir='ltr'>ciuem</span> <span class='ocrx_word' id='word_1_43' title='bbox 722 677 805 728; x_wconf 77' lang='lat' dir='ltr'>effe</span> <span class='ocrx_word' id='word_1_44' title='bbox 826 681 1029 726; x_wconf 84' lang='lat' dir='ltr'>Atticam.</span> <span class='ocrx_word' id='word_1_45' title='bbox 1325 712 1329 717; x_wconf 87' lang='lat'>.</span> <span class='ocrx_word' id='word_1_46' title='bbox 1419 712 1421 714; x_wconf 82' lang='grc'><strong>.</strong></span> 
     </span>
     <span class='ocr_line' id='line_1_9' title="bbox 452 742 1689 813; baseline -0.015 -4"><span class='ocrx_word' id='word_1_47' title='bbox 452 759 528 810; x_wconf 77' lang='lat' dir='ltr'>SI.</span> <span class='ocrx_word' id='word_1_48' title='bbox 568 763 716 810; x_wconf 88' lang='lat' dir='ltr'>Hem.</span> <span class='ocrx_word' id='word_1_49' title='bbox 749 760 936 807; x_wconf 86' lang='lat' dir='ltr'>Dromo,</span> <span class='ocrx_word' id='word_1_50' title='bbox 973 758 1163 800; x_wconf 88' lang='lat' dir='ltr'>Dromo.</span> <span class='ocrx_word' id='word_1_51' title='bbox 1201 748 1312 799; x_wconf 84' lang='lat' dir='ltr'>DR.</span> <span class='ocrx_word' id='word_1_52' title='bbox 1347 747 1454 813; x_wconf 87' lang='lat' dir='ltr'>quid</span> <span class='ocrx_word' id='word_1_53' title='bbox 1473 746 1570 794; x_wconf 76' lang='lat' dir='ltr'>est?</span> <span class='ocrx_word' id='word_1_54' title='bbox 1609 742 1689 796; x_wconf 65' lang='lat' dir='ltr'>Sl.</span> 
     </span>
     <span class='ocr_line' id='line_1_10' title="bbox 484 821 1690 884; baseline -0.014 0"><span class='ocrx_word' id='word_1_55' title='bbox 484 842 487 849; x_wconf 88' lang='lat'>&#39;</span> <span class='ocrx_word' id='word_1_56' title='bbox 549 841 741 884; x_wconf 81' lang='lat' dir='ltr'>Dromo&#39;.</span> <span class='ocrx_word' id='word_1_57' title='bbox 782 828 945 878; x_wconf 87' lang='lat' dir='ltr'><strong>DAv.</strong></span> <span class='ocrx_word' id='word_1_58' title='bbox 985 828 1100 875; x_wconf 87' lang='lat' dir='ltr'>audi.</span> <span class='ocrx_word' id='word_1_59' title='bbox 1138 824 1214 875; x_wconf 85' lang='lat' dir='ltr'>Sl.</span> <span class='ocrx_word' id='word_1_60' title='bbox 1250 825 1435 873; x_wconf 80' lang='lat' dir='ltr'>verbum</span> <span class='ocrx_word' id='word_1_61' title='bbox 1466 822 1497 870; x_wconf 87' lang='lat' dir='ltr'>fi</span> <span class='ocrx_word' id='word_1_62' title='bbox 1519 821 1690 869; x_wconf 80' lang='lat' dir='ltr'>addide-</span> 
     </span>
    </p>
   </div>
   <div class='ocr_carea' id='block_1_4' title="bbox 550 913 848 959">
    <p class='ocr_par' dir='ltr' id='par_1_5' title="bbox 550 913 848 959">
     <span class='ocr_line' id='line_1_11' title="bbox 550 913 848 959; baseline -0.017 0"><span class='ocrx_word' id='word_1_63' title='bbox 550 914 624 959; x_wconf 80' lang='lat' dir='ltr'>ris,</span> <span class='ocrx_word' id='word_1_64' title='bbox 662 913 848 956; x_wconf 87' lang='lat' dir='ltr'>Dromo.</span> 
     </span>
    </p>
   </div>
   <div class='ocr_carea' id='block_1_5' title="bbox 360 981 991 1040">
    <p class='ocr_par' dir='ltr' id='par_1_6' title="bbox 360 981 991 1040">
     <span class='ocr_line' id='line_1_12' title="bbox 360 981 991 1040; baseline -0.019 1"><span class='ocrx_word' id='word_1_65' title='bbox 360 1010 419 1040; x_wconf 83' lang='lat'>20</span> <span class='ocrx_word' id='word_1_66' title='bbox 451 986 601 1037; x_wconf 80' lang='lat' dir='ltr'>DAV.</span> <span class='ocrx_word' id='word_1_67' title='bbox 650 982 768 1029; x_wconf 88' lang='lat' dir='ltr'>Audi</span> <span class='ocrx_word' id='word_1_68' title='bbox 800 981 991 1029; x_wconf 89' lang='lat' dir='ltr'>obsecro.</span> 
     </span>
    </p>
   </div>
   <div class='ocr_carea' id='block_1_6' title="bbox 1030 970 1693 1041">
    <p class='ocr_par' dir='ltr' id='par_1_7' title="bbox 1030 970 1693 1041">
     <span class='ocr_line' id='line_1_13' title="bbox 1030 970 1693 1041; baseline -0.015 -15"><span class='ocrx_word' id='word_1_69' title='bbox 1030 977 1141 1026; x_wconf 86' lang='lat' dir='ltr'>DR.</span> <span class='ocrx_word' id='word_1_70' title='bbox 1183 976 1290 1041; x_wconf 87' lang='lat' dir='ltr'>quid</span> <span class='ocrx_word' id='word_1_71' title='bbox 1320 977 1419 1023; x_wconf 78' lang='lat' dir='ltr'>vis?</span> <span class='ocrx_word' id='word_1_72' title='bbox 1457 972 1532 1022; x_wconf 78' lang='lat' dir='ltr'>Sl.</span> <span class='ocrx_word' id='word_1_73' title='bbox 1566 970 1693 1019; x_wconf 86' lang='lat' dir='ltr'>subli-</span> 
     </span>
    </p>
   </div>
   <div class='ocr_carea' id='block_1_7' title="bbox 550 1059 1493 1119">
    <p class='ocr_par' dir='ltr' id='par_1_8' title="bbox 550 1059 1493 1119">
     <span class='ocr_line' id='line_1_14' title="bbox 550 1059 1493 1119; baseline -0.011 -12"><span class='ocrx_word' id='word_1_74' title='bbox 550 1077 672 1107; x_wconf 87' lang='lat' dir='ltr'>mem</span> <span class='ocrx_word' id='word_1_75' title='bbox 693 1059 813 1104; x_wconf 88' lang='lat' dir='ltr'>hunc</span> <span class='ocrx_word' id='word_1_76' title='bbox 834 1059 952 1103; x_wconf 78' lang='lat' dir='ltr'>intro</span> <span class='ocrx_word' id='word_1_77' title='bbox 977 1071 1097 1119; x_wconf 86' lang='lat' dir='ltr'>rape,</span> <span class='ocrx_word' id='word_1_78' title='bbox 1119 1066 1333 1118; x_wconf 83' lang='lat' dir='ltr'>quantum</span> <span class='ocrx_word' id='word_1_79' title='bbox 1350 1061 1493 1117; x_wconf 77' lang='lat' dir='ltr'>poteS.</span> 
     </span>
    </p>
   </div>
   <div class='ocr_carea' id='block_1_8' title="bbox 311 1269 997 2675">
    <p class='ocr_par' dir='ltr' id='par_1_9' title="bbox 311 1269 992 2181">
     <span class='ocr_line' id='line_1_15' title="bbox 377 1269 981 1336; baseline -0.013 -16"><span class='ocrx_word' id='word_1_80' title='bbox 377 1294 426 1336; x_wconf 83' lang='lat'>15</span> <span class='ocrx_word' id='word_1_81' title='bbox 473 1279 681 1335; x_wconf 76' lang='lat' dir='ltr'>Qantiuis</span> <span class='ocrx_word' id='word_1_82' title='bbox 727 1275 865 1330; x_wconf 75' lang='lat' dir='ltr'>pretiz]</span> <span class='ocrx_word' id='word_1_83' title='bbox 917 1269 981 1316; x_wconf 82' lang='lat' dir='ltr'>A&#39;d</span> 
     </span>
     <span class='ocr_line' id='line_1_16' title="bbox 315 1331 982 1393; baseline -0.016 -14"><span class='ocrx_word' id='word_1_84' title='bbox 315 1337 636 1393; x_wconf 83' lang='lat' dir='ltr'>magnitudinem</span> <span class='ocrx_word' id='word_1_85' title='bbox 672 1331 834 1373; x_wconf 85' lang='lat' dir='ltr'>refertur</span> <span class='ocrx_word' id='word_1_86' title='bbox 870 1343 982 1384; x_wconf 84' lang='lat' dir='ltr'>quan-</span> 
     </span>
     <span class='ocr_line' id='line_1_17' title="bbox 317 1389 982 1444; baseline -0.018 -9"><span class='ocrx_word' id='word_1_87' title='bbox 317 1397 433 1444; x_wconf 73' lang='lat' dir='ltr'>tiuis,</span> <span class='ocrx_word' id='word_1_88' title='bbox 464 1406 547 1432; x_wconf 86' lang='lat' dir='ltr'>non</span> <span class='ocrx_word' id='word_1_89' title='bbox 573 1390 622 1430; x_wconf 86' lang='lat' dir='ltr'>ad</span> <span class='ocrx_word' id='word_1_90' title='bbox 641 1389 873 1442; x_wconf 77' lang='lat' dir='ltr'>pai-uitatem</span> <span class='ocrx_word' id='word_1_91' title='bbox 890 1398 982 1438; x_wconf 83' lang='lat' dir='ltr'>pre-</span> 
     </span>
     <span class='ocr_line' id='line_1_18' title="bbox 311 1445 979 1503; baseline -0.018 -11"><span class='ocrx_word' id='word_1_92' title='bbox 311 1453 362 1491; x_wconf 69' lang='lat' dir='ltr'>“tii</span> <span class='ocrx_word' id='word_1_93' title='bbox 391 1447 480 1503; x_wconf 72' lang='grc' dir='ltr'>(ΜΓ.</span> <span class='ocrx_word' id='word_1_94' title='bbox 507 1446 629 1488; x_wconf 78' lang='lat' dir='ltr'>Hulst.</span> <span class='ocrx_word' id='word_1_95' title='bbox 660 1445 709 1484; x_wconf 85' lang='lat' dir='ltr'>ad</span> <span class='ocrx_word' id='word_1_96' title='bbox 737 1445 979 1499; x_wconf 84' lang='lat' dir='ltr'>grauitatem,</span> 
     </span>
     <span class='ocr_line' id='line_1_19' title="bbox 317 1497 985 1553; baseline -0.018 -4"><span class='ocrx_word' id='word_1_97' title='bbox 317 1518 545 1550; x_wconf 75' lang='lat' dir='ltr'>PRETII,</span> <span class='ocrx_word' id='word_1_98' title='bbox 586 1497 720 1541; x_wconf 81' lang='lat' dir='ltr'>oiniffo</span> <span class='ocrx_word' id='word_1_99' title='bbox 757 1501 871 1553; x_wconf 80' lang='lat' dir='ltr'>non).</span> <span class='ocrx_word' id='word_1_100' title='bbox 937 1500 985 1538; x_wconf 89' lang='lat' dir='ltr'>Et</span> 
     </span>
     <span class='ocr_line' id='line_1_20' title="bbox 320 1554 984 1609; baseline -0.018 -5"><span class='ocrx_word' id='word_1_101' title='bbox 320 1575 445 1604; x_wconf 87' lang='lat' dir='ltr'>totum</span> <span class='ocrx_word' id='word_1_102' title='bbox 468 1559 649 1609; x_wconf 75' lang='lat' dir='ltr'>oratorie.</span> <span class='ocrx_word' id='word_1_103' title='bbox 686 1554 778 1596; x_wconf 79' lang='lat' dir='ltr'>scite</span> <span class='ocrx_word' id='word_1_104' title='bbox 805 1556 912 1594; x_wconf 89' lang='lat' dir='ltr'>enim</span> <span class='ocrx_word' id='word_1_105' title='bbox 930 1554 984 1593; x_wconf 88' lang='lat' dir='ltr'>lo·</span> 
     </span>
     <span class='ocr_line' id='line_1_21' title="bbox 319 1611 986 1660; baseline -0.018 0"><span class='ocrx_word' id='word_1_106' title='bbox 319 1630 428 1660; x_wconf 87' lang='lat' dir='ltr'>cutus</span> <span class='ocrx_word' id='word_1_107' title='bbox 457 1616 525 1656; x_wconf 88' lang='lat' dir='ltr'>est.</span> <span class='ocrx_word' id='word_1_108' title='bbox 584 1612 663 1655; x_wconf 88' lang='lat' dir='ltr'>Sed</span> <span class='ocrx_word' id='word_1_109' title='bbox 695 1611 853 1651; x_wconf 88' lang='lat' dir='ltr'>interest</span> <span class='ocrx_word' id='word_1_110' title='bbox 879 1611 986 1649; x_wconf 87' lang='lat' dir='ltr'>inter</span> 
     </span>
     <span class='ocr_line' id='line_1_22' title="bbox 320 1669 985 1733; baseline -0.018 -17"><span class='ocrx_word' id='word_1_111' title='bbox 320 1676 494 1733; x_wconf 82' lang='lat' dir='ltr'>quamuis</span> <span class='ocrx_word' id='word_1_112' title='bbox 537 1680 577 1711; x_wconf 86' lang='lat' dir='ltr'>et</span> <span class='ocrx_word' id='word_1_113' title='bbox 614 1669 817 1724; x_wconf 81' lang='lat' dir='ltr'>quantiuis.</span> <span class='ocrx_word' id='word_1_114' title='bbox 886 1669 985 1706; x_wconf 82' lang='lat' dir='ltr'>Nam</span> 
     </span>
     <span class='ocr_line' id='line_1_23' title="bbox 320 1724 986 1774; baseline -0.018 -1"><span class='ocrx_word' id='word_1_115' title='bbox 320 1734 489 1773; x_wconf 77' lang='lat' dir='ltr'>aiterum</span> <span class='ocrx_word' id='word_1_116' title='bbox 509 1725 801 1774; x_wconf 78' lang='lat' dir='ltr'>contemtionis,</span> <span class='ocrx_word' id='word_1_117' title='bbox 823 1724 986 1764; x_wconf 85' lang='lat' dir='ltr'>alterum</span> 
     </span>
     <span class='ocr_line' id='line_1_24' title="bbox 321 1787 568 1829; baseline -0.008 0"><span class='ocrx_word' id='word_1_118' title='bbox 321 1787 456 1829; x_wconf 79' lang='lat' dir='ltr'>laudis.</span> <span class='ocrx_word' id='word_1_119' title='bbox 515 1789 568 1827; x_wconf 88' lang='lat' dir='ltr'>D.</span> 
     </span>
     <span class='ocr_line' id='line_1_25' title="bbox 330 1834 988 1892; baseline -0.014 -10"><span class='ocrx_word' id='word_1_120' title='bbox 330 1850 340 1859; x_wconf 79' lang='lat'><strong><em>¹</em></strong></span> <span class='ocrx_word' id='word_1_121' title='bbox 383 1843 540 1882; x_wconf 78' lang='lat' dir='ltr'>Videtur</span> <span class='ocrx_word' id='word_1_122' title='bbox 574 1838 663 1892; x_wconf 75' lang='lat' dir='ltr'>effi]</span> <span class='ocrx_word' id='word_1_123' title='bbox 709 1834 784 1879; x_wconf 87' lang='lat' dir='ltr'>Ms.</span> <span class='ocrx_word' id='word_1_124' title='bbox 832 1835 988 1876; x_wconf 83' lang='lat' dir='ltr'>Videtur</span> 
     </span>
     <span class='ocr_line' id='line_1_26' title="bbox 321 1891 989 1955; baseline -0.018 -15"><span class='ocrx_word' id='word_1_125' title='bbox 321 1898 516 1955; x_wconf 79' lang='lat' dir='ltr'>quantiuis</span> <span class='ocrx_word' id='word_1_126' title='bbox 543 1908 582 1948; x_wconf 89' lang='lat' dir='ltr'>p.</span> <span class='ocrx_word' id='word_1_127' title='bbox 617 1894 670 1933; x_wconf 86' lang='lat' dir='ltr'>est</span> <span class='ocrx_word' id='word_1_128' title='bbox 696 1904 826 1931; x_wconf 88' lang='lat' dir='ltr'>antem</span> <span class='ocrx_word' id='word_1_129' title='bbox 853 1891 989 1930; x_wconf 87' lang='lat' dir='ltr'>Plauti-</span> 
     </span>
     <span class='ocr_line' id='line_1_27' title="bbox 323 1946 986 1997; baseline -0.024 1"><span class='ocrx_word' id='word_1_130' title='bbox 323 1972 377 1997; x_wconf 87' lang='lat' dir='ltr'>na</span> <span class='ocrx_word' id='word_1_131' title='bbox 394 1953 576 1997; x_wconf 84' lang='lat' dir='ltr'>imitatio,</span> <span class='ocrx_word' id='word_1_132' title='bbox 606 1951 648 1990; x_wconf 89' lang='lat' dir='ltr'>in</span> <span class='ocrx_word' id='word_1_133' title='bbox 673 1946 848 1989; x_wconf 88' lang='lat' dir='ltr'>Pseudol.</span> <span class='ocrx_word' id='word_1_134' title='bbox 878 1960 914 1994; x_wconf 86' lang='lat'>1,</span> <span class='ocrx_word' id='word_1_135' title='bbox 945 1958 986 1993; x_wconf 83' lang='lat'>2,</span> 
     </span>
     <span class='ocr_line' id='line_1_28' title="bbox 321 2002 992 2068; baseline -0.022 -15"><span class='ocrx_word' id='word_1_136' title='bbox 321 2027 361 2068; x_wconf 90' lang='lat'>9.</span> <span class='ocrx_word' id='word_1_137' title='bbox 396 2014 447 2052; x_wconf 79' lang='lat' dir='ltr'>At</span> <span class='ocrx_word' id='word_1_138' title='bbox 465 2009 608 2061; x_wconf 81' lang='lat' dir='ltr'>fizciem</span> <span class='ocrx_word' id='word_1_139' title='bbox 639 2019 717 2045; x_wconf 86' lang='lat' dir='ltr'>cum</span> <span class='ocrx_word' id='word_1_140' title='bbox 745 2002 903 2054; x_wconf 69' lang='lat' dir='ltr'>aspicias</span> <span class='ocrx_word' id='word_1_141' title='bbox 933 2014 992 2039; x_wconf 88' lang='lat' dir='ltr'>eo-</span> 
     </span>
     <span class='ocr_line' id='line_1_29' title="bbox 324 2060 990 2114; baseline -0.021 -5"><span class='ocrx_word' id='word_1_142' title='bbox 324 2082 417 2114; x_wconf 78' lang='lat' dir='ltr'>rum,</span> <span class='ocrx_word' id='word_1_143' title='bbox 446 2066 536 2106; x_wconf 77' lang='lat' dir='ltr'><em>haut</em></span> <span class='ocrx_word' id='word_1_144' title='bbox 554 2063 642 2103; x_wconf 83' lang='lat' dir='ltr'>mali</span> <span class='ocrx_word' id='word_1_145' title='bbox 667 2060 855 2108; x_wconf 77' lang='lat' dir='ltr'>videntur,</span> <span class='ocrx_word' id='word_1_146' title='bbox 878 2069 990 2110; x_wconf 86' lang='lat' dir='ltr'>opera</span> 
     </span>
     <span class='ocr_line' id='line_1_30' title="bbox 320 2121 582 2181; baseline -0.023 -16"><span class='ocrx_word' id='word_1_147' title='bbox 320 2124 482 2181; x_wconf 75' lang='lat' dir='ltr'>fallunt.</span> <span class='ocrx_word' id='word_1_148' title='bbox 529 2121 582 2170; x_wconf 87' lang='lat' dir='ltr'>L.</span> 
     </span>
    </p>

    <p class='ocr_par' dir='ltr' id='par_1_10' title="bbox 325 2169 991 2458">
     <span class='ocr_line' id='line_1_31' title="bbox 385 2169 991 2230; baseline -0.028 -6"><span class='ocrx_word' id='word_1_149' title='bbox 385 2183 436 2223; x_wconf 87' lang='lat'>16</span> <span class='ocrx_word' id='word_1_150' title='bbox 457 2175 617 2230; x_wconf 68' lang='grc' dir='ltr'>Τνὶβὶς]</span> <span class='ocrx_word' id='word_1_151' title='bbox 655 2172 719 2214; x_wconf 83' lang='lat' dir='ltr'>Ad</span> <span class='ocrx_word' id='word_1_152' title='bbox 747 2170 906 2211; x_wconf 82' lang='lat' dir='ltr'>laudern</span> <span class='ocrx_word' id='word_1_153' title='bbox 932 2169 991 2208; x_wconf 90' lang='lat' dir='ltr'>in-</span> 
     </span>
     <span class='ocr_line' id='line_1_32' title="bbox 326 2225 991 2278; baseline -0.023 0"><span class='ocrx_word' id='word_1_154' title='bbox 326 2236 482 2277; x_wconf 87' lang='lat' dir='ltr'>terdum</span> <span class='ocrx_word' id='word_1_155' title='bbox 501 2231 669 2278; x_wconf 84' lang='lat' dir='ltr'>sumitur,</span> <span class='ocrx_word' id='word_1_156' title='bbox 690 2241 772 2269; x_wconf 88' lang='lat' dir='ltr'>non</span> <span class='ocrx_word' id='word_1_157' title='bbox 790 2226 838 2266; x_wconf 88' lang='lat' dir='ltr'>ad</span> <span class='ocrx_word' id='word_1_158' title='bbox 858 2225 991 2265; x_wconf 79' lang='lat' dir='ltr'>amari-</span> 
     </span>
     <span class='ocr_line' id='line_1_33' title="bbox 326 2281 988 2339; baseline -0.021 -6"><span class='ocrx_word' id='word_1_159' title='bbox 326 2293 526 2338; x_wconf 83' lang='lat' dir='ltr'>tudinem,</span> <span class='ocrx_word' id='word_1_160' title='bbox 557 2286 681 2339; x_wconf 76' lang='lat' dir='ltr'>tristis.</span> <span class='ocrx_word' id='word_1_161' title='bbox 714 2283 855 2325; x_wconf 67' lang='lat' dir='ltr'>Cicero</span> <span class='ocrx_word' id='word_1_162' title='bbox 885 2281 988 2334; x_wconf 60' lang='lat' dir='ltr'>(Aet.</span> 
     </span>
     <span class='ocr_line' id='line_1_34' title="bbox 325 2336 990 2395; baseline -0.023 -4"><span class='ocrx_word' id='word_1_163' title='bbox 325 2364 358 2390; x_wconf 90' lang='lat'>1.</span> <span class='ocrx_word' id='word_1_164' title='bbox 386 2350 429 2388; x_wconf 86' lang='lat' dir='ltr'>in</span> <span class='ocrx_word' id='word_1_165' title='bbox 450 2349 559 2386; x_wconf 83' lang='lat' dir='ltr'>Verr.</span> <span class='ocrx_word' id='word_1_166' title='bbox 591 2344 692 2395; x_wconf 71' lang='grc' dir='ltr'>ια),</span> <span class='ocrx_word' id='word_1_167' title='bbox 725 2340 847 2381; x_wconf 80' lang='lat' dir='ltr'>ludex</span> <span class='ocrx_word' id='word_1_168' title='bbox 874 2336 990 2390; x_wconf 78' lang='lat' dir='ltr'>trtstis</span> 
     </span>
     <span class='ocr_line' id='line_1_35' title="bbox 326 2401 644 2458; baseline -0.028 -12"><span class='ocrx_word' id='word_1_169' title='bbox 326 2420 363 2445; x_wconf 88' lang='lat' dir='ltr'>et</span> <span class='ocrx_word' id='word_1_170' title='bbox 381 2401 536 2458; x_wconf 42' lang='lat' dir='ltr'>integer&amp;</span> <span class='ocrx_word' id='word_1_171' title='bbox 593 2402 644 2440; x_wconf 93' lang='lat' dir='ltr'>D.</span> 
     </span>
    </p>

    <p class='ocr_par' dir='ltr' id='par_1_11' title="bbox 328 2447 997 2675">
     <span class='ocr_line' id='line_1_36' title="bbox 391 2447 992 2511; baseline -0.02 -11"><span class='ocrx_word' id='word_1_172' title='bbox 391 2458 525 2511; x_wconf 79' lang='lat' dir='ltr'>Tristis</span> <span class='ocrx_word' id='word_1_173' title='bbox 562 2453 774 2507; x_wconf 72' lang='lat' dir='ltr'>fiueritas]</span> <span class='ocrx_word' id='word_1_174' title='bbox 823 2447 992 2492; x_wconf 86' lang='lat' dir='ltr'>Thrasea</span> 
     </span>
     <span class='ocr_line' id='line_1_37' title="bbox 328 2505 997 2570; baseline -0.018 -14"><span class='ocrx_word' id='word_1_175' title='bbox 328 2516 433 2570; x_wconf 87' lang='lat' dir='ltr'>apud</span> <span class='ocrx_word' id='word_1_176' title='bbox 452 2513 576 2556; x_wconf 84' lang='lat' dir='ltr'>Tacit.</span> <span class='ocrx_word' id='word_1_177' title='bbox 593 2513 703 2552; x_wconf 83' lang='lat' dir='ltr'>Seru.</span> <span class='ocrx_word' id='word_1_178' title='bbox 723 2513 869 2560; x_wconf 74' lang='lat' dir='ltr'>Georg,</span> <span class='ocrx_word' id='word_1_179' title='bbox 887 2519 924 2560; x_wconf 87' lang='lat'>3.</span> <span class='ocrx_word' id='word_1_180' title='bbox 945 2505 997 2545; x_wconf 84' lang='lat' dir='ltr'>ad</span> 
     </span>
     <span class='ocr_line' id='line_1_38' title="bbox 330 2562 993 2625; baseline -0.02 -12"><span class='ocrx_word' id='word_1_181' title='bbox 330 2571 424 2613; x_wconf 81' lang='lat' dir='ltr'>vers.</span> <span class='ocrx_word' id='word_1_182' title='bbox 456 2582 521 2625; x_wconf 86' lang='lat'>37.</span> <span class='ocrx_word' id='word_1_183' title='bbox 559 2592 615 2600; x_wconf 93' lang='lat'>—</span> <span class='ocrx_word' id='word_1_184' title='bbox 655 2577 865 2617; x_wconf 80' lang='lat' dir='ltr'>amnemque</span> <span class='ocrx_word' id='word_1_185' title='bbox 885 2562 993 2614; x_wconf 81' lang='lat' dir='ltr'>fiue-</span> 
     </span>
     <span class='ocr_line' id='line_1_39' title="bbox 329 2621 993 2675; baseline -0.017 -5"><span class='ocrx_word' id='word_1_186' title='bbox 329 2643 424 2670; x_wconf 72' lang='lat' dir='ltr'>rurm</span> <span class='ocrx_word' id='word_1_187' title='bbox 446 2638 485 2667; x_wconf 90' lang='lat' dir='ltr'>et</span> <span class='ocrx_word' id='word_1_188' title='bbox 497 2622 667 2671; x_wconf 74' lang='lat' dir='ltr'>Aeneid,</span> <span class='ocrx_word' id='word_1_189' title='bbox 686 2637 723 2675; x_wconf 75' lang='lat' dir='ltr'>X,</span> <span class='ocrx_word' id='word_1_190' title='bbox 745 2623 837 2666; x_wconf 86' lang='lat'>612·</span> <span class='ocrx_word' id='word_1_191' title='bbox 850 2633 914 2662; x_wconf 81' lang='lat' dir='ltr'>tua</span> <span class='ocrx_word' id='word_1_192' title='bbox 927 2621 993 2660; x_wconf 86' lang='lat' dir='ltr'>tri·</span> 
     </span>
    </p>
   </div>
   <div class='ocr_carea' id='block_1_9' title="bbox 323 2680 630 2741">
    <p class='ocr_par' dir='ltr' id='par_1_12' title="bbox 323 2680 630 2741">
     <span class='ocr_line' id='line_1_40' title="bbox 323 2680 630 2741; baseline -0.01 -15"><span class='ocrx_word' id='word_1_193' title='bbox 323 2680 400 2741; x_wconf 76' lang='lat' dir='ltr'>flia&#39;</span> <span class='ocrx_word' id='word_1_194' title='bbox 422 2684 532 2727; x_wconf 58' lang='lat' dir='ltr'>dicta.</span> <span class='ocrx_word' id='word_1_195' title='bbox 587 2683 630 2725; x_wconf 89' lang='lat' dir='ltr'>L.</span> 
     </span>
    </p>
   </div>
   <div class='ocr_carea' id='block_1_10' title="bbox 1586 1127 1696 1174">
    <p class='ocr_par' dir='ltr' id='par_1_13' title="bbox 1586 1127 1696 1174">
     <span class='ocr_line' id='line_1_41' title="bbox 1586 1127 1696 1174; baseline 0.018 -2"><span class='ocrx_word' id='word_1_196' title='bbox 1586 1127 1696 1174; x_wconf 78' lang='lat' dir='ltr'>DR.</span> 
     </span>
    </p>
   </div>
   <div class='ocr_carea' id='block_1_11' title="bbox 1033 1267 1703 2663">
    <p class='ocr_par' dir='ltr' id='par_1_14' title="bbox 1033 1267 1698 1480">
     <span class='ocr_line' id='line_1_42' title="bbox 1092 1267 1695 1320; baseline -0.015 -6"><span class='ocrx_word' id='word_1_197' title='bbox 1092 1276 1140 1320; x_wconf 84' lang='lat'>18</span> <span class='ocrx_word' id='word_1_198' title='bbox 1174 1268 1385 1320; x_wconf 64' lang='lat' dir='ltr'>Glycerium</span> <span class='ocrx_word' id='word_1_199' title='bbox 1395 1267 1444 1319; x_wconf 73' lang='lat' dir='ltr'><em>fi</em></span> <span class='ocrx_word' id='word_1_200' title='bbox 1462 1267 1563 1319; x_wconf 76' lang='lat' dir='ltr'>ftire</span> <span class='ocrx_word' id='word_1_201' title='bbox 1582 1271 1695 1307; x_wconf 82' lang='lat' dir='ltr'>ciuem</span> 
     </span>
     <span class='ocr_line' id='line_1_43' title="bbox 1033 1322 1697 1381; baseline -0.005 -14"><span class='ocrx_word' id='word_1_202' title='bbox 1033 1323 1289 1381; x_wconf 65' lang='lat' dir='ltr'>qlJeAtticam]</span> <span class='ocrx_word' id='word_1_203' title='bbox 1315 1329 1447 1365; x_wconf 86' lang='lat' dir='ltr'>Bene:</span> <span class='ocrx_word' id='word_1_204' title='bbox 1480 1322 1697 1364; x_wconf 84' lang='lat' dir='ltr'>constanter</span> 
     </span>
     <span class='ocr_line' id='line_1_44' title="bbox 1034 1375 1698 1436; baseline -0.011 -12"><span class='ocrx_word' id='word_1_205' title='bbox 1034 1395 1072 1424; x_wconf 90' lang='lat' dir='ltr'>et</span> <span class='ocrx_word' id='word_1_206' title='bbox 1091 1398 1136 1424; x_wconf 90' lang='lat' dir='ltr'>ea</span> <span class='ocrx_word' id='word_1_207' title='bbox 1162 1396 1263 1436; x_wconf 88' lang='lat' dir='ltr'>quae</span> <span class='ocrx_word' id='word_1_208' title='bbox 1280 1382 1430 1421; x_wconf 87' lang='lat' dir='ltr'>locutus</span> <span class='ocrx_word' id='word_1_209' title='bbox 1453 1379 1516 1429; x_wconf 86' lang='lat' dir='ltr'>est,</span> <span class='ocrx_word' id='word_1_210' title='bbox 1529 1377 1630 1433; x_wconf 79' lang='lat' dir='ltr'>scire</span> <span class='ocrx_word' id='word_1_211' title='bbox 1656 1375 1698 1417; x_wconf 89' lang='lat' dir='ltr'>se</span> 
     </span>
     <span class='ocr_line' id='line_1_45' title="bbox 1035 1440 1337 1480; baseline -0.007 -1"><span class='ocrx_word' id='word_1_212' title='bbox 1035 1440 1143 1480; x_wconf 86' lang='lat' dir='ltr'>dixit.</span> <span class='ocrx_word' id='word_1_213' title='bbox 1197 1441 1248 1479; x_wconf 92' lang='lat' dir='ltr'>D.</span> <span class='ocrx_word' id='word_1_214' title='bbox 1335 1455 1337 1457; x_wconf 95' lang='lat'>·</span> 
     </span>
    </p>

    <p class='ocr_par' dir='ltr' id='par_1_15' title="bbox 1035 1490 1702 1887">
     <span class='ocr_line' id='line_1_46' title="bbox 1093 1490 1700 1549; baseline -0.016 -11"><span class='ocrx_word' id='word_1_215' title='bbox 1093 1508 1143 1549; x_wconf 91' lang='lat'>19</span> <span class='ocrx_word' id='word_1_216' title='bbox 1174 1495 1345 1540; x_wconf 84' lang='lat' dir='ltr'><em>Dromo,</em></span> <span class='ocrx_word' id='word_1_217' title='bbox 1363 1490 1546 1545; x_wconf 79' lang='lat' dir='ltr'><em>Dromo]</em></span> <span class='ocrx_word' id='word_1_218' title='bbox 1583 1491 1700 1532; x_wconf 88' lang='lat' dir='ltr'>Com·</span> 
     </span>
     <span class='ocr_line' id='line_1_47' title="bbox 1035 1546 1699 1595; baseline -0.014 -2"><span class='ocrx_word' id='word_1_219' title='bbox 1035 1563 1164 1593; x_wconf 85' lang='lat' dir='ltr'>motus</span> <span class='ocrx_word' id='word_1_220' title='bbox 1190 1553 1247 1591; x_wconf 88' lang='lat' dir='ltr'>ira</span> <span class='ocrx_word' id='word_1_221' title='bbox 1265 1560 1304 1589; x_wconf 93' lang='lat' dir='ltr'>et</span> <span class='ocrx_word' id='word_1_222' title='bbox 1324 1549 1459 1589; x_wconf 83' lang='lat' dir='ltr'>dolore</span> <span class='ocrx_word' id='word_1_223' title='bbox 1468 1547 1570 1588; x_wconf 86' lang='lat' dir='ltr'>nihil</span> <span class='ocrx_word' id='word_1_224' title='bbox 1590 1546 1699 1595; x_wconf 81' lang='lat' dir='ltr'>dixit,</span> 
     </span>
     <span class='ocr_line' id='line_1_48' title="bbox 1036 1601 1701 1660; baseline -0.011 -12"><span class='ocrx_word' id='word_1_225' title='bbox 1036 1608 1108 1648; x_wconf 86' lang='lat' dir='ltr'>nifi</span> <span class='ocrx_word' id='word_1_226' title='bbox 1127 1608 1233 1660; x_wconf 91' lang='lat' dir='ltr'>quod</span> <span class='ocrx_word' id='word_1_227' title='bbox 1266 1606 1450 1645; x_wconf 73' lang='lat' dir='ltr'>lorarium</span> <span class='ocrx_word' id='word_1_228' title='bbox 1479 1601 1701 1656; x_wconf 84' lang='lat' dir='ltr'>repetendo</span> 
     </span>
     <span class='ocr_line' id='line_1_49' title="bbox 1036 1657 1700 1718; baseline -0.012 -13"><span class='ocrx_word' id='word_1_229' title='bbox 1036 1664 1186 1718; x_wconf 85' lang='lat' dir='ltr'>saepius</span> <span class='ocrx_word' id='word_1_230' title='bbox 1215 1673 1336 1703; x_wconf 82' lang='lat' dir='ltr'>vocat.</span> <span class='ocrx_word' id='word_1_231' title='bbox 1394 1659 1555 1700; x_wconf 81' lang='lat' dir='ltr'>Verbum</span> <span class='ocrx_word' id='word_1_232' title='bbox 1570 1657 1615 1709; x_wconf 75' lang='lat' dir='ltr'>st</span> <span class='ocrx_word' id='word_1_233' title='bbox 1632 1658 1700 1698; x_wconf 85' lang='lat' dir='ltr'>ad·</span> 
     </span>
     <span class='ocr_line' id='line_1_50' title="bbox 1037 1717 1700 1770; baseline -0.012 -9"><span class='ocrx_word' id='word_1_234' title='bbox 1037 1722 1176 1761; x_wconf 84' lang='lat' dir='ltr'>dideris</span> <span class='ocrx_word' id='word_1_235' title='bbox 1224 1723 1347 1766; x_wconf 88' lang='lat' dir='ltr'>Bene,</span> <span class='ocrx_word' id='word_1_236' title='bbox 1357 1718 1424 1770; x_wconf 82' lang='lat' dir='ltr'>qui</span> <span class='ocrx_word' id='word_1_237' title='bbox 1439 1717 1580 1764; x_wconf 84' lang='lat' dir='ltr'>omnia,</span> <span class='ocrx_word' id='word_1_238' title='bbox 1595 1727 1700 1765; x_wconf 83' lang='lat' dir='ltr'>prae·</span> 
     </span>
     <span class='ocr_line' id='line_1_51' title="bbox 1035 1771 1702 1824; baseline -0.013 -7"><span class='ocrx_word' id='word_1_239' title='bbox 1035 1775 1145 1818; x_wconf 87' lang='lat' dir='ltr'>sente</span> <span class='ocrx_word' id='word_1_240' title='bbox 1185 1787 1311 1824; x_wconf 77' lang='lat' dir='ltr'>ocem,</span> <span class='ocrx_word' id='word_1_241' title='bbox 1330 1784 1464 1813; x_wconf 80' lang='lat' dir='ltr'>eontra</span> <span class='ocrx_word' id='word_1_242' title='bbox 1482 1772 1634 1824; x_wconf 87' lang='lat' dir='ltr'>nuptias</span> <span class='ocrx_word' id='word_1_243' title='bbox 1646 1771 1702 1809; x_wconf 71' lang='lat'>10..</span> 
     </span>
     <span class='ocr_line' id='line_1_52' title="bbox 1038 1834 1284 1887; baseline -0.008 -14"><span class='ocrx_word' id='word_1_244' title='bbox 1038 1836 1178 1887; x_wconf 85' lang='lat' dir='ltr'>quitur.</span> <span class='ocrx_word' id='word_1_245' title='bbox 1233 1834 1284 1873; x_wconf 93' lang='lat' dir='ltr'>D.</span> 
     </span>
    </p>

    <p class='ocr_par' dir='ltr' id='par_1_16' title="bbox 1093 1882 1700 1939">
     <span class='ocr_line' id='line_1_53' title="bbox 1093 1882 1700 1939; baseline -0.015 -10"><span class='ocrx_word' id='word_1_246' title='bbox 1093 1892 1192 1930; x_wconf 86' lang='lat' dir='ltr'>Hem</span> <span class='ocrx_word' id='word_1_247' title='bbox 1203 1899 1362 1939; x_wconf 83' lang='lat' dir='ltr'>appone</span> <span class='ocrx_word' id='word_1_248' title='bbox 1373 1882 1633 1924; x_wconf 77' lang='lat' dir='ltr'>antecedenti,</span> <span class='ocrx_word' id='word_1_249' title='bbox 1657 1883 1700 1921; x_wconf 88' lang='grc' dir='ltr'>Β.</span> 
     </span>
    </p>

    <p class='ocr_par' dir='ltr' id='par_1_17' title="bbox 1039 1938 1703 2663">
     <span class='ocr_line' id='line_1_54' title="bbox 1095 1938 1701 1993; baseline -0.018 -8"><span class='ocrx_word' id='word_1_250' title='bbox 1095 1957 1154 1985; x_wconf 72' lang='lat'>20¹</span> <span class='ocrx_word' id='word_1_251' title='bbox 1189 1944 1292 1982; x_wconf 84' lang='lat' dir='ltr'>Audi</span> <span class='ocrx_word' id='word_1_252' title='bbox 1318 1940 1485 1993; x_wconf 60' lang='lat' dir='ltr'>obsecro]</span> <span class='ocrx_word' id='word_1_253' title='bbox 1532 1938 1701 1977; x_wconf 84' lang='lat' dir='ltr'>Plerum-</span> 
     </span>
     <span class='ocr_line' id='line_1_55' title="bbox 1041 1994 1701 2052; baseline -0.015 -12"><span class='ocrx_word' id='word_1_254' title='bbox 1041 2013 1118 2052; x_wconf 87' lang='lat' dir='ltr'>que</span> <span class='ocrx_word' id='word_1_255' title='bbox 1146 2014 1169 2038; x_wconf 93' lang='lat' dir='ltr'>a</span> <span class='ocrx_word' id='word_1_256' title='bbox 1196 1995 1467 2043; x_wconf 78' lang='lat' dir='ltr'>verberandis,</span> <span class='ocrx_word' id='word_1_257' title='bbox 1498 1994 1560 2033; x_wconf 87' lang='lat' dir='ltr'>vel</span> <span class='ocrx_word' id='word_1_258' title='bbox 1591 2005 1701 2031; x_wconf 84' lang='lat' dir='ltr'>mora</span> 
     </span>
     <span class='ocr_line' id='line_1_56' title="bbox 1041 2047 1701 2107; baseline -0.018 -11"><span class='ocrx_word' id='word_1_259' title='bbox 1041 2059 1104 2107; x_wconf 88' lang='lat' dir='ltr'>(R.</span> <span class='ocrx_word' id='word_1_260' title='bbox 1134 2053 1266 2106; x_wconf 87' lang='lat' dir='ltr'>Steph.</span> <span class='ocrx_word' id='word_1_261' title='bbox 1304 2053 1396 2104; x_wconf 89' lang='lat' dir='ltr'>quia</span> <span class='ocrx_word' id='word_1_262' title='bbox 1430 2048 1581 2089; x_wconf 84' lang='lat' dir='ltr'>sensum</span> <span class='ocrx_word' id='word_1_263' title='bbox 1616 2047 1701 2086; x_wconf 84' lang='lat' dir='ltr'>nul-</span> 
     </span>
     <span class='ocr_line' id='line_1_57' title="bbox 1039 2105 1702 2163; baseline -0.014 -12"><span class='ocrx_word' id='word_1_264' title='bbox 1039 2123 1121 2151; x_wconf 85' lang='lat' dir='ltr'>tum</span> <span class='ocrx_word' id='word_1_265' title='bbox 1149 2109 1311 2163; x_wconf 84' lang='lat' dir='ltr'>putabat</span> <span class='ocrx_word' id='word_1_266' title='bbox 1335 2109 1377 2146; x_wconf 85' lang='lat' dir='ltr'>in</span> <span class='ocrx_word' id='word_1_267' title='bbox 1408 2106 1555 2159; x_wconf 83' lang='lat' dir='ltr'>vulgari</span> <span class='ocrx_word' id='word_1_268' title='bbox 1573 2105 1702 2143; x_wconf 76' lang='lat' dir='ltr'>leffiu-</span> 
     </span>
     <span class='ocr_line' id='line_1_58' title="bbox 1040 2158 1703 2218; baseline -0.017 -10"><span class='ocrx_word' id='word_1_269' title='bbox 1040 2181 1108 2218; x_wconf 89' lang='lat' dir='ltr'>ne,</span> <span class='ocrx_word' id='word_1_270' title='bbox 1120 2166 1202 2218; x_wconf 89' lang='lat' dir='ltr'>post</span> <span class='ocrx_word' id='word_1_271' title='bbox 1215 2163 1462 2211; x_wconf 83' lang='lat' dir='ltr'>verberandis,</span> <span class='ocrx_word' id='word_1_272' title='bbox 1482 2158 1703 2201; x_wconf 84' lang='lat' dir='ltr'>interseruit</span> 
     </span>
     <span class='ocr_line' id='line_1_59' title="bbox 1040 2214 1701 2276; baseline -0.015 -12"><span class='ocrx_word' id='word_1_273' title='bbox 1040 2225 1099 2264; x_wconf 83' lang='lat' dir='ltr'>vel</span> <span class='ocrx_word' id='word_1_274' title='bbox 1144 2221 1379 2276; x_wconf 83' lang='lat' dir='ltr'>indulgentia</span> <span class='ocrx_word' id='word_1_275' title='bbox 1422 2218 1596 2271; x_wconf 76' lang='lat' dir='ltr'>loquitur.</span> <span class='ocrx_word' id='word_1_276' title='bbox 1654 2214 1701 2255; x_wconf 82' lang='lat' dir='ltr'>ld</span> 
     </span>
     <span class='ocr_line' id='line_1_60' title="bbox 1040 2276 1703 2320; baseline -0.017 0"><span class='ocrx_word' id='word_1_277' title='bbox 1040 2290 1174 2320; x_wconf 85' lang='lat' dir='ltr'>autem</span> <span class='ocrx_word' id='word_1_278' title='bbox 1202 2278 1302 2317; x_wconf 85' lang='lat' dir='ltr'>velle</span> <span class='ocrx_word' id='word_1_279' title='bbox 1330 2276 1480 2315; x_wconf 78' lang='lat' dir='ltr'>videtur</span> <span class='ocrx_word' id='word_1_280' title='bbox 1502 2277 1703 2314; x_wconf 87' lang='lat' dir='ltr'>Donatus:</span> 
     </span>
     <span class='ocr_line' id='line_1_61' title="bbox 1041 2327 1700 2389; baseline -0.015 -14"><span class='ocrx_word' id='word_1_281' title='bbox 1041 2337 1131 2389; x_wconf 90' lang='lat' dir='ltr'>quia</span> <span class='ocrx_word' id='word_1_282' title='bbox 1146 2338 1279 2377; x_wconf 85' lang='lat' dir='ltr'>Dauus</span> <span class='ocrx_word' id='word_1_283' title='bbox 1308 2329 1485 2384; x_wconf 87' lang='lat' dir='ltr'>supplicii</span> <span class='ocrx_word' id='word_1_284' title='bbox 1511 2340 1618 2368; x_wconf 74' lang='lat' dir='ltr'>meru</span> <span class='ocrx_word' id='word_1_285' title='bbox 1646 2327 1700 2366; x_wconf 89' lang='lat' dir='ltr'>di-</span> 
     </span>
     <span class='ocr_line' id='line_1_62' title="bbox 1041 2379 1701 2439; baseline -0.017 -7"><span class='ocrx_word' id='word_1_286' title='bbox 1041 2393 1152 2438; x_wconf 83' lang='lat' dir='ltr'>xerit,</span> <span class='ocrx_word' id='word_1_287' title='bbox 1172 2390 1272 2437; x_wconf 82' lang='lat' dir='ltr'><em>audi,</em></span> <span class='ocrx_word' id='word_1_288' title='bbox 1292 2389 1446 2439; x_wconf 70' lang='lat' dir='ltr'><em>obficro,</em></span> <span class='ocrx_word' id='word_1_289' title='bbox 1468 2381 1641 2438; x_wconf 67' lang='lat' dir='ltr'>sperasse,</span> <span class='ocrx_word' id='word_1_290' title='bbox 1661 2379 1701 2422; x_wconf 86' lang='lat' dir='ltr'>se</span> 
     </span>
     <span class='ocr_line' id='line_1_63' title="bbox 1042 2440 1703 2498; baseline -0.018 -9"><span class='ocrx_word' id='word_1_291' title='bbox 1042 2463 1148 2488; x_wconf 84' lang='lat' dir='ltr'>mora</span> <span class='ocrx_word' id='word_1_292' title='bbox 1173 2448 1465 2498; x_wconf 83' lang='lat' dir='ltr'>impetraturum</span> <span class='ocrx_word' id='word_1_293' title='bbox 1493 2440 1703 2492; x_wconf 84' lang='lat' dir='ltr'>indulgen·</span> 
     </span>
     <span class='ocr_line' id='line_1_64' title="bbox 1043 2494 1702 2555; baseline -0.02 -10"><span class='ocrx_word' id='word_1_294' title='bbox 1043 2507 1153 2551; x_wconf 87' lang='lat' dir='ltr'>tiam,</span> <span class='ocrx_word' id='word_1_295' title='bbox 1181 2501 1286 2555; x_wconf 85' lang='lat' dir='ltr'>quod</span> <span class='ocrx_word' id='word_1_296' title='bbox 1315 2512 1463 2549; x_wconf 86' lang='lat' dir='ltr'>nempe</span> <span class='ocrx_word' id='word_1_297' title='bbox 1491 2498 1552 2538; x_wconf 88' lang='lat' dir='ltr'>vel</span> <span class='ocrx_word' id='word_1_298' title='bbox 1571 2494 1702 2535; x_wconf 84' lang='lat' dir='ltr'>indul·</span> 
     </span>
     <span class='ocr_line' id='line_1_65' title="bbox 1043 2556 1701 2615; baseline -0.02 -14"><span class='ocrx_word' id='word_1_299' title='bbox 1043 2561 1192 2615; x_wconf 67' lang='lat' dir='ltr'>genna,</span> <span class='ocrx_word' id='word_1_300' title='bbox 1231 2558 1293 2597; x_wconf 89' lang='lat' dir='ltr'>vel</span> <span class='ocrx_word' id='word_1_301' title='bbox 1332 2570 1440 2596; x_wconf 87' lang='lat' dir='ltr'>mora</span> <span class='ocrx_word' id='word_1_302' title='bbox 1469 2556 1646 2605; x_wconf 80' lang='lat' dir='ltr'>loquatur</span> <span class='ocrx_word' id='word_1_303' title='bbox 1677 2563 1701 2589; x_wconf 77' lang='lat' dir='ltr'>a</span> 
     </span>
     <span class='ocr_line' id='line_1_66' title="bbox 1041 2609 1701 2663; baseline -0.02 -6"><span class='ocrx_word' id='word_1_304' title='bbox 1041 2613 1303 2657; x_wconf 83' lang='lat' dir='ltr'>verberandis.</span> <span class='ocrx_word' id='word_1_305' title='bbox 1361 2612 1470 2651; x_wconf 89' lang='lat' dir='ltr'>Idem</span> <span class='ocrx_word' id='word_1_306' title='bbox 1489 2611 1606 2663; x_wconf 80' lang='lat' dir='ltr'>igitur</span> <span class='ocrx_word' id='word_1_307' title='bbox 1622 2609 1701 2646; x_wconf 87' lang='lat' dir='ltr'>Do·</span> 
     </span>
    </p>
   </div>
   <div class='ocr_carea' id='block_1_12' title="bbox 1043 2661 1700 2759">
    <p class='ocr_par' dir='ltr' id='par_1_18' title="bbox 1043 2661 1700 2759">
     <span class='ocr_line' id='line_1_67' title="bbox 1043 2661 1696 2759; baseline -0.026 -43"><span class='ocrx_word' id='word_1_308' title='bbox 1043 2684 1133 2715; x_wconf 80' lang='lat' dir='ltr'>nato</span> <span class='ocrx_word' id='word_1_309' title='bbox 1152 2671 1205 2714; x_wconf 87' lang='lat' dir='ltr'>est</span> <span class='ocrx_word' id='word_1_310' title='bbox 1223 2669 1331 2723; x_wconf 89' lang='lat' dir='ltr'>loqui</span> <span class='ocrx_word' id='word_1_311' title='bbox 1350 2668 1397 2708; x_wconf 89' lang='lat' dir='ltr'>ab</span> <span class='ocrx_word' id='word_1_312' title='bbox 1417 2668 1558 2720; x_wconf 84' lang='lat' dir='ltr'>aliquo,</span> <span class='ocrx_word' id='word_1_313' title='bbox 1580 2661 1696 2759; x_wconf 45' lang='lat' dir='ltr'>qaod,</span> 
     </span>
     <span class='ocr_line' id='line_1_68' title="bbox 1636 2730 1700 2758; baseline -0.031 0"><span class='ocrx_word' id='word_1_314' title='bbox 1636 2730 1700 2758; x_wconf 79' lang='lat' dir='ltr'>are</span> 
     </span>
    </p>
   </div>
   <div class='ocr_carea' id='block_1_13' title="bbox 1794 126 1806 424">
    <p class='ocr_par' dir='ltr' id='par_1_19' title="bbox 1794 126 1806 424">
     <span class='ocr_line' id='line_1_69' title="bbox 1794 126 1803 203; baseline 0 -14"><span class='ocrx_word' id='word_1_315' title='bbox 1794 126 1803 203; x_wconf 54' lang='grc' dir='ltr'><strong>ᾖ</strong></span> 
     </span>
     <span class='ocr_line' id='line_1_70' title="bbox 1795 208 1805 300; baseline 0 0"><span class='ocrx_word' id='word_1_316' title='bbox 1795 208 1805 300; x_wconf 59' lang='lat' dir='ltr'>ii</span> 
     </span>
     <span class='ocr_line' id='line_1_71' title="bbox 1796 304 1806 424; baseline 0 -70"><span class='ocrx_word' id='word_1_317' title='bbox 1796 304 1806 424; x_wconf 45' lang='grc' dir='ltr'>Γ</span> 
     </span>
    </p>
   </div>
  </div>
 </body>
</html>
