1815 3168
296 160 392 206 552

718 145 872 191 ACT.
908 144 939 190 1.
979 143 1170 190 SCEN.
1202 143 1236 188 Ι.

438 271 580 319 Solius
605 270 767 319 solliciti
789 273 885 318 sunt
905 271 1036 324 causa,
1058 281 1105 318 vt
1122 286 1193 316 me
1212 286 1349 317 vnum
1371 263 1599 335 expleant?

439 348 633 393 Ancillae
656 359 721 394 tot
744 365 814 394 me
835 343 1045 397 vestiant?
1083 346 1246 392 sumtus
1270 346 1391 392 domi

443 427 614 470 Tantos
637 440 718 484 ego
740 424 851 470 solus
874 421 1058 469 faciam?
1098 421 1168 468 sed
1191 431 1376 482 gnatum
1399 422 1592 474 vnicum,

348 507 410 554 80
449 502 596 553 Quem
617 502 778 562 pariter
797 499 859 544 vti
882 498 950 543 his
975 497 1133 550 decuit,
1154 508 1227 544 aut
1249 499 1375 544 etiam
1396 496 1598 560 amplius,

447 574 581 628 Quod
605 574 675 619 illa
698 585 807 620 aetas
832 575 968 632 magis
992 571 1044 618 ad
1066 572 1172 619 haec
1194 571 1352 620 v‘tenda
1376 567 1595 624 idonea'st,

446 653 562 696 Eum
586 667 668 709 ego
687 651 789 696 hinc
816 651 919 694 eieci
942 647 1144 694 miserum
1164 646 1365 694 ir'iiustitia
1385 656 1495 695 mea.

446 725 570 770 Malo
599 724 776 790 quidem
799 740 869 769 me
899 723 1082 784 dignum
1100 725 1257 787 quouis
1282 723 1505 788 deputem,

449 802 494 846 Si
518 800 560 845 id
580 800 744 846 faciam.
777 816 877 846 nam
898 799 1026 862 vsque
1048 799 1152 853 dum
1177 799 1249 845 ille
1269 793 1401 845 vitam
1422 798 1540 847 illam
1565 795 1679 846 colet

356 883 382 932 8
396 893 418 938 ς
455 879 654 939 Inopem,
678 891 826 920 carens
847 876 983 938 patria
1005 873 1060 921 ob
1082 891 1198 920 meas
1220 865 1413 926 iniuriaS,

450 955 622 996 Interea
643 949 773 1011 vsque
796 949 858 993 illi
879 949 931 994 de
955 965 1025 995 me
1047 949 1307 1014 supplicium
1326 948 1453 1002 dabo,

450 1024 687 1075 Laborans,
709 1039 936 1086 quaerens,
958 1031 1154 1087 parcens}
1180 1025 1247 1072 illi
1263 1023 1469 1071 seruiens.

450 1102 515 1146 Ita
534 1098 644 1145 facio
662 1097 861 1164 prorsus:
897 1098 1009 1145 nihil
1028 1099 1232 1163 relinquo
1254 1101 1302 1146 in
1324 1099 1516 1153 aedibus,

1584 1177 1688 1223 Nee

373 1310 430 1352 77
465 1302 558 1353 Leg.
576 1297 738 1351 solliciti
755 1296 858 1350 fim,
895 1309 979 1348 pro-
1027 1299 1145 1339 vitam
1162 1298 1270 1340 istam
1287 1298 1369 1339 sine
1388 1311 1476 1352 ope,
1493 1299 1614 1351 patria
1632 1312 1688 1338 ca-

321 1366 457 1408 pterea
476 1355 579 1407 quod
597 1354 777 1410 sequitur,
809 1353 977 1409 Vestiam,
1030 1368 1119 1397 rens
1164 1366 1325 1408 propter
1366 1356 1524 1398 iniurias
1567 1368 1688 1404 meas,

257 1419 262 1421 “
322 1412 484 1452 Faciam.
540 1414 583 1451 Β.

379 1537 434 1578 79
465 1524 535 1564 Sed
547 1537 701 1578 gnatum
712 1525 868 1571 wicum,
879 1535 983 1575 quem

317 1584 468 1636 pariter
484 1582 541 1620 vti
558 1581 628 1619 illis
648 1581 778 1628 decuit,
796 1593 863 1618 aut
874 1580 984 1618 etiam

325 1638 501 1689 amplius,
534 1651 611 1675 eum
633 1650 698 1691 ego
721 1638 806 1675 eieci
824 1635 907 1675 hinc
930 1637 987 1673 in-

324 1695 465 1746 iustitia
505 1693 599 1746 mea]
641 1695 776 1743 Quem
814 1691 985 1744 oportuit

327 1750 386 1789 his
413 1750 526 1789 rebus
546 1750 619 1798 vti,
648 1749 700 1788 ita
722 1749 773 1787 vti
794 1760 871 1801 ego
888 1757 984 1795 vtor,

326 1806 410 1857 pari
427 1805 567 1854 modo,
593 1815 659 1843 aut
687 1817 781 1843 vero
810 1803 985 1856 amplius,

328 1861 433 1913 quod
462 1862 527 1900 illa
554 1871 656 1899 aetas
675 1860 800 1913 magis
824 1859 873 1899 ad
893 1858 989 1899 haec

326 1918 471 1958 idonea
490 1915 544 1956 fir.
600 1918 643 1956 E.
864 1929 867 1931 ·

383 1978 475 2019 Pro,
494 1972 575 2023 fid,
603 1969 796 2012 sententia
815 1969 989 2022 postulat,

328 2032 405 2082 qui,
426 2030 517 2080 quia
536 2027 737 2080 praecedit
753 2027 919 2080 fhciam,
949 2035 990 2066 et

327 2084 502 2137 sequitur
535 2085 634 2124 eieci.
689 2086 732 2124 B.

388 2149 439 2190 82
473 2143 564 2181 Eum
585 2153 650 2196 ego
667 2139 773 2194 eieci]
803 2138 900 2180 Eum
926 2136 990 2178 ab·

330 2198 463 2237 undat<
522 2198 568 2239 C.
781 2203 784 2206 '
839 2233 841 2235 ,

389 2261 438 2306 83
469 2253 579 2292 Malo
599 2251 743 2305 quidem
761 2264 817 2290 me
836 2250 989 2305 dignum

333 2312 466 2364 quouis
495 2311 682 2361 deputem,
702 2306 745 2360 fi
765 2309 806 2347 id
821 2306 987 2361 faciam]

331 2368 369 2408 Si
390 2365 464 2405 hoc
480 2365 624 2410 faciam,
650 2365 699 2404 vti
720 2375 800 2403 vtar
816 2361 988 2405 solusbo·

331 2424 390 2462 nis
409 2423 519 2471 meis,
539 2421 676 2472 quouis
694 2420 796 2459 malo
818 2431 883 2459 me
895 2417 991 2459 arbi-

331 2488 408 2518 trer
426 2478 601 2531 dignum.
656 2480 701 2518 E.

388 2542 441 2587 84
476 2535 578 2572 Nam
596 2531 788 2587 usquedum
805 2530 864 2570 ille
873 2534 991 2572 vitam

331 2589 436 2630 illam
463 2591 560 2629 colet
586 2589 746 2643 inopem]
791 2586 988 2639 Quamdiu

331 2647 399 2686 ille
427 2647 469 2687 in
499 2645 636 2687 militia
655 2645 805 2699 pofitus
822 2642 991 2699 „habebit

1029 1410 1176 1452 tamdiu
1196 1410 1246 1450 de
1270 1425 1335 1451 me
1356 1412 1412 1450 illi
1431 1411 1531 1450 dabo
1547 1409 1690 1463 sujipli-

1033 1469 1161 1517 cium,
1213 1467 1261 1506 fic
1296 1468 1475 1508 laborans
1510 1478 1550 1507 et
1576 1464 1689 1507 serui·

1033 1537 1118 1566 ens.
1174 1527 1221 1565 E.

1090 1588 1140 1632 85
1171 1583 1241 1628 Ne,
1261 1579 1407 1625 Patria,
1423 1579 1506 1619 sine
1527 1579 1603 1619 vllo
1631 1592 1691 1619 ac-

1035 1647 1151 1676 centu
1171 1633 1459 1684 transmittatur,
1486 1634 1587 1675 forte
1612 1636 1689 1689 leg.

1033 1694 1155 1744 Inops,
1186 1691 1376 1746 carensque
1389 1695 1528 1744 patria.
1584 1695 1626 1733 B.

1093 1751 1146 1798 86
1176 1747 1234 1787 Illi
1255 1749 1297 1788 de
1314 1762 1368 1788 me
1381 1746 1604 1802 fiepplicium
1629 1746 1692 1786 da-

1038 1804 1104 1859 bo]
1135 1805 1242 1844 Dare
1270 1806 1379 1845 alicui
1395 1807 1440 1844 de
1457 1800 1693 1856 fisupplici-

1037 1875 1097 1900 um
1116 1858 1321 1914 fignificat,
1353 1860 1494 1911 punire
1511 1857 1549 1899 se
1566 1855 1693 1911 ipsum

1038 1918 1139 1957 illius
1164 1917 1259 1955 vice.
1316 1915 1361 1955 C.

1097 1979 1149 2025 87
1179 1971 1357 2024 Parcens]
1395 1970 1439 2011 Id
1477 1970 1548 2020 est,
1591 1983 1695 2009 coar-

1039 2029 1144 2068 &ans
1174 2037 1212 2066 et
1239 2026 1506 2080 constringens
1541 2023 1696 2066 solitum

1036 2084 1191 2132 vietum,
1210 2094 1250 2122 et
1269 2094 1451 2134 tanquam
1467 2096 1601 2136 parcus
1619 2081 1697 2121 for·

1037 2140 1139 2180 tuuis
1166 2138 1382 2191 parcendo,
1419 2150 1460 2178 et
1490 2152 1554 2179 eas
1578 2136 1696 2179 reser-

1037 2195 1179 2235 uando.
1237 2193 1296 2235 Illi
1320 2194 1510 2249 struiens]
1557 2192 1696 2235 Deser-

1037 2251 1194 2298 uiendo,
1213 2251 1477 2303 conquirendo
1496 2263 1535 2291 et
1554 2251 1698 2290 condu-

1039 2307 1220 2360 plicando
1247 2307 1421 2359 vndique
1449 2308 1505 2346 illi
1543 2306 1694 2347 diuitias

1039 2377 1150 2407 more
1181 2363 1278 2403 boni
1306 2361 1417 2403 serui.
1472 2367 1580 2404 Haec
1607 2361 1695 2402 sunt

1037 2422 1120 2468 illa,
1149 2433 1248 2472 quae
1274 2418 1394 2460 senex
1420 2419 1488 2460 fibi
1511 2418 1696 2460 facienda

1039 2476 1222 2516 decreuit.
1281 2478 1325 2518 C.

1093 2539 1141 2581 88
1175 2533 1236 2572 Ita
1256 2533 1388 2587 facio]
1426 2535 1536 2574 Nunc
1572 2531 1696 2572 osten-

1039 2587 1115 2637 dit,
1156 2587 1202 2627 ad
1238 2601 1320 2627 rem
1353 2589 1468 2643 verba
1495 2585 1692 2636 acceffifl'e‚

1039 2641 1102 2685 seu
1123 2641 1200 2685 esse
1223 2645 1367 2686 collata.
1425 2641 1472 2688 C.
