1815 3168
303 159 359 192 12

655 145 955 193 PROLOG.
995 147 1071 192 IN
1110 147 1322 193 ANDR.

429 268 539 312 Non
571 268 627 314 ita
652 264 835 313 diffimili
856 268 953 314 suut
977 279 1261 328 argumento,
1302 268 1372 314 sed
1400 278 1545 315 tamen

428 339 629 388 Diffimili
657 344 852 388 oratione
875 342 972 388 sunt
993 339 1151 394 saetae,
1183 359 1230 388 ac
1255 341 1362 390 stilo.

429 420 555 470 Quae
585 433 833 463 conuenere
866 418 911 462 in
937 416 1174 468 Andriam,
1218 433 1267 462 ex
1299 419 1521 465 Perinthia

425 495 603 539 Fatetur
625 487 901 545 transtulisse,
937 503 1066 556 atque
1087 491 1206 539 vsum
1228 507 1312 557 pro
1334 492 1430 542 suis,

279 800 282 805 ’
345 813 392 844 11
443 801 536 841 Non
567 802 623 843 ita
659 800 817 856 diffimili
840 802 962 858 fiant]

285 858 413 905 Ordo,
441 860 495 897 Ita
524 873 604 897 non
636 857 730 899 sunt.
787 864 891 913 Ergo
908 863 962 899 ita

273 911 681 968 >subdistinguendum.
726 915 790 954 No
797 930 820 954 n
831 919 883 955 ita
894 916 964 968 dis

274 969 392 1020 fi'nuYi
417 970 516 1021 ficut
534 970 537 971 ⁷
555 976 731 1010 oratione.
789 974 855 1012 Ita
891 986 961 1025 pro

282 1026 395 1066 valde
423 1038 461 1066 et
478 1038 609 1066 caute:
638 1029 764 1079 potuit
787 1030 892 1067 enim
913 1028 965 1068 di-

282 1081 327 1129 c'i,
342 1082 553 1131 Quomodo
575 1095 670 1136 ergo
686 1081 769 1124 sunt
780 1084 877 1124 duae
894 1083 963 1124 dis.

280 1136 389 1175 iimili
405 1139 603 1182 oratione?
625 1141 698 1178 lta.
731 1154 783 1179 ne
793 1146 961 1183 Menan-

281 1192 392 1232 drum
411 1195 566 1245 culpare
599 1195 783 1245 videatur,
813 1198 873 1235 lta
898 1196 959 1235 ad-

277 1250 411 1298 iunxit,
431 1250 532 1300 quod
550 1251 674 1290 laudis
697 1251 760 1290 est.
821 1252 891 1290 Sed
904 1266 957 1291 ta-

272 1319 367 1344 men.
422 1304 607 1345 Discretio
638 1308 694 1345 est
721 1321 740 1345 a
760 1305 958 1359 superiori-

277 1360 360 1410 bus,
381 1372 420 1399 et
432 1361 485 1400 est
501 1361 718 1400 ἁνκκόλεθον.
750 1366 839 1402 Non
851 1365 957 1402 enim

273 1414 382 1468 supra
405 1415 529 1469 posuit
552 1419 711 1470 quidem.
768 1421 817 1458 D.

334 1528 429 1567 Non
451 1531 504 1568 ita
526 1527 820 1584 diffimilisunt]
863 1531 955 1570 Vult

271 1584 394 1623 {imile
413 1583 489 1624 effe
507 1597 777 1638 argumentum
796 1585 954 1625 duarum

273 1640 577 1689 comoediarum,
608 1655 691 1680 non
721 1653 852 1681 tamen
872 1643 952 1693 plu-

270 1699 409 1736 rimum
432 1696 616 1737 dissimile.
656 1701 704 1737 Et
723 1710 776 1736 ne
788 1700 953 1737 Menan-

271 1753 381 1791 drum
401 1751 572 1792 accusare
592 1753 776 1802 videatur,
806 1754 870 1804 qui
888 1766 953 1805 pe-

271 1822 324 1849 ne
353 1822 401 1846 ex
427 1822 504 1847 uno
525 1820 754 1862 argumento
776 1808 866 1848 duas
890 1823 950 1847 co-

268 1864 442 1905 moedias
458 1863 612 1903 fecerit:
639 1865 823 1914 adiunxit,
844 1865 948 1916 quod

269 1921 317 1959 ad
348 1921 430 1959 eius
456 1920 610 1960 laudem
637 1921 807 1960 maxime
834 1922 949 1972 perti-

266 1976 390 2017 nebat
407 2008 416 2025 ‚
468 1976 644 2031 Dtffimz‘li
690 1979 862 2017 oratione
905 1991 947 2016 ac

258 2032 358 2086 stilo.
413 2035 456 2073 E.

291 2162 293 2165 ·
320 2148 391 2185 Pro
411 2145 484 2196 fid
508 2145 847 2198 requiritmetmm
868 2147 945 2188 ele-

265 2204 476 2256 gantiaque
493 2215 539 2241 et.
596 2205 639 2242 Β.

323 2325 372 2354 12
404 2313 586 2353 Oratione
604 2329 646 2353 ac
664 2313 772 2370 stilo]
807 2315 941 2356 Oratio

263 2369 305 2408 in
342 2367 449 2408 sensu
488 2370 561 2410 est:
589 2371 698 2422 stilus
733 2372 776 2410 in
804 2372 940 2411 verbis.

265 2425 400 2463 Oratio
419 2425 466 2464 ad
485 2439 544 2464 res
563 2426 742 2466 refertur:
765 2426 874 2477 stilus
893 2427 941 2467 ad

261 2480 386 2520 verba.
448 2482 560 2520 Stilus
587 2497 669 2521 non
699 2483 752 2522 est
785 2484 826 2522 in
847 2494 940 2523 tem-

261 2549 367 2588 pore,
384 2535 446 2576 fed
460 2539 604 2588 prolata
619 2542 804 2579 oratione.
839 2541 938 2578 Ora-

259 2596 313 2633 tio
335 2604 462 2632 autem
495 2593 547 2633 est
567 2606 603 2633 et
627 2598 667 2633 in
689 2597 935 2648 cogitatione,

1542 622 1689 689 151d

1011 804 1142 843 tentiis
1163 803 1292 844 dicunt
1311 801 1398 854 effe,
1418 803 1590 843 stilumin
1605 818 1686 843 ver-

1010 859 1081 909 bis,
1102 873 1372 915 argumentum
1389 863 1427 900 in
1451 860 1574 900 rebuS.
1622 863 1686 900 Er-

1013 929 1063 970 go
1084 918 1125 957 in
1144 929 1324 969 poemate
1342 917 1460 958 oratio
1478 916 1542 956 est.
1597 920 1651 957 D.

1074 1040 1120 1081 13
1161 1028 1268 1083 ‚Quae
1302 1041 1498 1068 conuenere
1533 1029 1574 1067 in
1602 1027 1684 1067 An·

1012 1084 1151 1138 siriam]
1193 1091 1363 1136 Apparet
1392 1098 1471 1124 non
1500 1083 1550 1123 de
1575 1082 1684 1122 indu-

1009 1140 1104 1189 stria,
1127 1140 1188 1180 sed
1208 1140 1290 1180 casu
1309 1138 1385 1179 esse
1416 1141 1595 1180 translata
1625 1151 1682 1188 ea,

1009 1209 1108 1247 quae
1138 1210 1187 1236 ex
1207 1196 1402 1237 Perinthia
1426 1198 1467 1234 in
1496 1195 1683 1237 Andriam

1007 1252 1147 1292 eodem
1170 1250 1295 1301 sensu,
1323 1251 1536 1303 iisdemque
1555 1250 1681 1289 verbis

1005 1306 1209 1359 perscripta
1226 1307 1393 1346 suerunt.
1425 1307 1535 1363 Quo
1550 1319 1685 1361 conmf
1730 1351 1731 1354 Ἰ

1005 1376 1089 1401 nere
1117 1367 1154 1401 in
1173 1365 1369 1402 Andriam.
1429 1366 1557 1403 Vnam
1575 1375 1681 1414 ergo,

1006 1432 1089 1456 non
1109 1418 1201 1458 duas
1213 1418 1406 1458 transtulit.
1435 1421 1544 1475 Qae
1557 1431 1683 1458 conue-

1007 1488 1089 1513 nere
1110 1477 1150 1514 in
1169 1475 1359 1515 Andriam.
1407 1476 1519 1525 Quae
1539 1485 1625 1525 apta
1643 1482 1682 1513 et

1005 1531 1205 1570 commoda
1238 1530 1395 1570 fuerunt
1420 1532 1460 1569 in
1488 1530 1679 1570 Andriam

1002 1587 1187 1645 letitiam,
1209 1600 1289 1626 non
1307 1589 1508 1635 Graecam,
1537 1586 1678 1625 fatetur

1001 1640 1235 1681 transtuliffe.
1293 1642 1370 1682 Sed
1391 1655 1506 1693 quare
1529 1640 1567 1682 se
1586 1655 1678 1681 one-

1000 1708 1055 1736 rat
1072 1699 1289 1746 Terentius,
1320 1711 1405 1737 cum
1424 1697 1534 1749 poffit
1554 1697 1676 1737 videri

999 1752 1050 1792 de
1085 1768 1160 1793 vna
1190 1751 1436 1796 transtulisse?
1470 1755 1534 1794 Sic
1567 1752 1678 1793 solui·

999 1820 1077 1848 tur:
1109 1810 1211 1859 Quia
1229 1809 1398 1848 conscius
1415 1809 1481 1848 fibi
1502 1809 1571 1858 est,
1602 1811 1676 1859 pri·

997 1879 1101 1905 marn
1127 1865 1274 1905 scenam
1300 1866 1351 1906 de
1368 1864 1575 1905 {Perinthia
1597 1863 1675 1905 effe

998 1922 1233 1970 translatam,
1267 1922 1331 1960 vbi
1358 1919 1476 1965 senex
1509 1923 1560 1960 ita
1584 1935 1672 1961 cum

997 1991 1116 2017 vxore
1135 1979 1322 2029 loquitur,
1352 1990 1390 2017 vt
1408 1977 1509 2029 apud
1526 1980 1673 2017 Teren-

998 2035 1093 2074 tium
1136 2048 1219 2073 cum
1250 2034 1407 2073 liberto:
1440 2035 1549 2073 at‘in
1588 2037 1670 2073 An-

994 2089 1076 2129 dria
1121 2090 1330 2131 Menandri
1351 2122 1361 2141 ,
1408 2088 1505 2130 solus
1549 2087 1669 2131 senex

992 2145 1057 2187 est.
1114 2149 1165 2188 D.

1043 2257 1150 2314 Quae
1171 2272 1368 2299 conuenere
1398 2261 1449 2308 in⁴
1460 2259 1665 2312 Andriam]

989 2317 1115 2356 Multa
1132 2317 1238 2355 enim
1257 2315 1508 2354 conueniunt.
1556 2319 1665 2356 Haec

992 2373 1108 2424 igitur
1144 2373 1350 2411 Terentius
1397 2372 1439 2410 in
1473 2370 1664 2412 Andriam

990 2427 1183 2467 transtulit.
1240 2430 1283 2468 E.

1042 2538 1126 2578 Post
1143 2538 1335 2578 Perinthia
1366 2552 1472 2589 pone
1500 2540 1577 2587 hic,
1611 2552 1665 2579 ne

986 2594 1226 2643 Menander,
1256 2593 1322 2634 sed
1351 2597 1558 2636 Terentius
1584 2593 1665 2648 ipse

257 2661 297 2688 et
319 2651 359 2690 in
377 2650 539 2702 prolatu.
569 2651 848 2692 Orationemiu
859 2649 938 2692 sen-
983 2650 1235 2705 intelligatur.
1294 2653 1337 2691 Β.
