1815 3168
497 156 499 158 ’
547 146 955 193 EVNVCHVS.

1343 162 1432 208 511

209 280 282 322 Te
301 275 520 340 praesente
539 273 723 326 absente,
744 281 911 336 pateat:
947 273 1152 320 inuocato
1173 284 1220 322 vt
1241 272 1292 323 fit
1311 274 1438 324 locus

110 369 172 415 30
208 354 403 415 Semper.
439 345 534 395 Tu
548 363 594 394 R.
637 348 693 395 do
723 346 857 393 fidem
885 347 1100 394 futurum.
1140 344 1192 394 G
1206 363 1256 395 N.
1293 353 1438 401 accin-

305 442 396 486 gar.
431 421 544 470 ΡΗ.
570 440 702 486 quem
722 423 794 468 hic
816 438 899 483 ego
921 421 1082 469 audio?

209 504 252 547 O
287 498 471 547 Thraso.
510 495 561 544 T
576 512 606 543 H
622 512 665 547 R.
700 498 871 544 saluete.
914 497 951 546 P
965 516 1014 543 n.
1047 507 1097 544 tu
1123 495 1295 546 fortaffe
1324 516 1438 563 quae

304 572 414 622 fabia
435 574 506 619 hic
527 570 609 619 snt
628 573 792 621 nescis?

205 646 356 698 THR.
397 645 647 696 Scio.P}1.
688 665 766 694 cur
796 663 903 708 ergo
931 649 979 693 in
1011 646 1079 694 his
1102 663 1185 710 ego
1205 660 1248 696 te
1271 648 1441 718 conspi-

303 742 381 771 cor
400 721 692 783 regionibus?

206 793 303 846 ΤΗ
315 813 361 844 R.
403 797 541 846 Vobis
566 798 715 849 fretUS.
752 797 854 848 ΡΗ.
890 792 990 847 scin'
1013 815 1146 864 quam
1165 797 1334 848 fretus?
1356 804 1439 851 mi*

303 874 379 928 les,
402 873 523 921 edico
546 873 638 927 tibi,

327 1010 335 1029 Q

135 1085 189 1127 29
221 1075 398 1114 Inuocato
422 1088 466 1114 vt
478 1074 738 1128 sttlocusfim-

78 1139 160 1184 per]
187 1130 383 1181 Inuocazo,
415 1145 498 1171 non
527 1143 656 1172 vocato
689 1133 738 1172 fi-

82 1186 252 1240 gnificat.
310 1188 356 1226 In
384 1188 530 1227 etenim
556 1199 674 1242 auget
700 1199 739 1227 et

1387 957 1441 1002 ‘Si

841 1085 895 1129 31
934 1075 1100 1127 Saluete]
1143 1077 1320 1130 Supplex
1356 1077 1441 1117 fine

787 1134 904 1186 gratia
924 1144 964 1172 et
980 1133 1061 1181 fine
1080 1135 1220 1173 timore
1247 1135 1440 1186 (honore),
1508 1178 1510 1181 .

786 1189 906 1228 modo
926 1190 1105 1228 inimicus
1125 1188 1342 1229 etinfestus.
1379 1191 1443 1230 Tu

82 1243 223 1282 minuit
261 1242 483 1283 dielionem.
539 1244 736 1299 Inuocato]
777 1244 948 1297 fortasse,
969 1258 1062 1298 quae
1070 1245 1181 1297 fac'la
1200 1245 1259 1285 hic
1266 1246 1356 1298 smt,
1382 1261 1441 1285 ne·

81 1299 190 1339 Male
217 1299 445 1352 intelligitur
471 1300 651 1350 precibus
670 1314 735 1340 vo·
774 1301 907 1354 scis?]
938 1305 1025 1341 Hoc
1053 1312 1174 1340 totum
1203 1299 1370 1353 superbe
1397 1316 1443 1341 ae

85 1365 182 1403 cato,
209 1368 328 1405 quum
343 1356 385 1393 fit
405 1357 595 1403 αὐτομάτῳ,
614 1357 655 1394 id
667 1355 746 1404 est,'
785 1357 1126 1407 minaciterinquit
1135 1356 1368 1397 adolescens.
1388 1361 1440 1398 D.

85 1411 201 1449 etiam
219 1423 299 1448 non
320 1410 543 1455 inuitando,
574 1413 669 1461 quin
688 1412 739 1449 vl-
840 1413 1009 1450 Faernus
1029 1412 1134 1451 hunc
1155 1424 1192 1451 et
1212 1412 1443 1464 sequentem

82 1476 140 1504 tro
176 1466 312 1504 venire
346 1465 487 1505 debeat
526 1464 631 1506 suam
670 1465 738 1505 do·
788 1464 935 1506 versum
953 1480 1003 1505 ex
1021 1468 1242 1507 auem-itate
1262 1468 1372 1507 codd.
1403 1479 1445 1509 et

85 1534 206 1561 mum.
263 1524 313 1561 D.

140 1578 315 1616 Inuocato
341 1590 382 1620 zt
397 1576 440 1628 f
420 1591 452 1618 t
477 1578 591 1626 Iocus)
620 1578 740 1620 Plau

89 1633 128 1672 in
160 1635 268 1683 Capt.
301 1646 342 1682 1,
381 1649 421 1679 1,
451 1646 486 1674 2.
542 1636 740 1674 Jnuocatus

74 1689 221 1741 semper
263 1690 375 1741 adesse}
411 1687 513 1743 fi1lc0
546 1704 585 1728 m
620 1703 684 1729 cor
687 1703 741 1728 uz

86 1758 158 1783 uzo,
218 1750 259 1786 L.

143 1814 197 1854 30
226 1801 288 1840 Do
310 1797 440 1852 fidem]
469 1804 576 1849 Iuro,
606 1799 742 1839 confir-

83 1868 161 1903 mo,
184 1856 369 1910 spondeo.
427 1858 624 1911 Accingar]
652 1860 742 1897 Non

87 1915 178 1965 quia
198 1913 313 1953 facile
340 1911 412 1960 est,
444 1914 548 1963 quod
577 1913 742 1965 negauit

86 1969 217 2021 supra,
245 1966 310 2007 sed
338 1966 410 2007 suis
437 1969 533 2007 votis
561 1967 739 2019 parafitus

86 2025 267 2065 addaems
287 2024 341 2063 est
350 2023 397 2062 ad
409 2024 654 2063 coenandum
665 2026 683 2077 <
687 2037 743 2062 co

88 2082 284 2129 nandum:
315 2081 408 2119 ideo
428 2091 466 2118 et
478 2083 668 2134 Accingar
687 2080 741 2119 di-

88 2138 169 2177 xit:
198 2136 245 2175 lie
275 2137 379 2176 enim
407 2136 568 2174 dicimus
603 2137 644 2174 in
665 2149 741 2174 ma-

89 2194 176 2245 gnis
185 2191 296 2230 rebus
307 2190 564 2242 suscipiendis.
577 2194 742 2243 nmen.

92 2261 143 2293 11,
162 2251 296 2301 235.),
325 2249 537 2303 Accingunt
563 2261 686 2287 omnes
707 2261 742 2287 ο-

91 2306 182 2357 peri.
238 2306 286 2343 D.
436 2354 437 2358 Ἰ

151 2359 214 2398 Do
235 2357 349 2411 fidem
369 2359 569 2411 ficturum]
599 2362 680 2399 Iam
706 2358 747 2398 fi-.

96 2413 186 2453 dem
205 2416 394 2465 promitto,
415 2413 599 2466 spondeo,
652 2419 694 2455 E.

152 2469 338 2508 Omnibus
364 2472 503 2510 Faerni
539 2482 579 2510 et
610 2470 746 2510 nostris

93 2524 199 2564 libris
218 2526 483 2576 comprobatur
502 2527 609 2576 ordo,
637 2540 744 2580 quem

92 2596 159 2635 ego
191 2580 249 2619 hic
273 2582 427 2626 audio?
454 2583 582 2623 Resse.
643 2586 744 2624 Nam

89 2639 227 2690 Qum,
257 2638 297 2676 in
322 2638 515 2692 principio
535 2638 743 2693 Anapaesti

89 2694 202 2733 estin
225 2693 313 2733 ὶὲὶιι.
366 2695 407 2732 Β.

790 1520 974 1562 consensu
995 1523 1182 1561 restituit
1174 1536 1244 1563 ita:
1278 1526 1312 1562 O
1330 1526 1447 1564 Thra-

779 1579 843 1629 sb.
879 1579 919 1617 Τ.
942 1578 1188 1628 fi1luete.P
1229 1593 1271 1618 tu
1280 1580 1447 1633 f⁰¹t⁷sse

790 1634 997 1686 quaefacta
1016 1633 1074 1672 hic
1089 1633 1191 1687 fient
1211 1636 1272 1674 Ne
1291 1640 1351 1675 cis.
1400 1639 1444 1677 T.

778 1690 877 1740 scio.
909 1691 954 1729 P.
984 1703 1050 1728 cur
1068 1703 1103 1729 te
1122 1704 1207 1746 ergo
1229 1695 1268 1730 in
1297 1691 1357 1732 his
1374 1706 1443 1748 ego

791 1745 905 1798 consp.
928 1756 999 1784 ete.
1058 1749 1101 1789 Β

846 1814 899 1853 32
928 1802 1025 1846 Scio]
1055 1801 1344 1853 compendium
1374 1808 1446 1845 Po„

789 1868 876 1896 erae
889 1872 896 1897 :
927 1869 979 1895 ne
990 1855 1110 1897 rursus
1122 1858 1259 1897 eadem
1272 1859 1449 1900 diceren-

790 1923 859 1951 tur.
899 1913 1117 1965 Consju'cor]
1136 1914 1356 1956 Commune
1365 1930 1446 1957 vei·-

787 1968 882 2007 bum
901 1968 956 2008 est
976 1970 1176 2022 conspicor,
1230 1973 1280 2010 D.
1398 2000 1399 2003 =

846 2025 926 2064 Cur
951 2039 1039 2080 ergo
1070 2029 1111 2065 in
1139 2025 1211 2071 his]
1242 2024 1313 2068 Ms.
1334 2032 1375 2069 R.
1406 2039 1448 2069 et

790 2083 836 2122 V.
859 2082 905 2122 C.
940 2082 1016 2120 Cur
1040 2093 1076 2122 te
1110 2095 1198 2137 ergo
1225 2084 1266 2121 in
1293 2083 1352 2125 his
1377 2098 1447 2140 ego

791 2136 972 2189 conspicio
995 2150 1074 2192 reg.
1130 2141 1171 2177 L

848 2204 906 2244 33
937 2191 1204 2245 Vobisfretus]
1222 2197 1269 2234 Et
1278 2193 1352 2234 hoc
1361 2195 1450 2238 stul-

794 2258 852 2285 te:
884 2248 969 2298 quis
997 2249 1104 2287 enim
1134 2259 1174 2287 et
1199 2250 1383 2294 riualibus
1408 2264 1451 2294 et

793 2304 962 2342 inimicis
990 2303 1131 2343 fretum
1157 2301 1196 2343 se
1222 2303 1300 2345 effe
1318 2307 1450 2350 dicat?

793 2359 956 2398 Deinde
972 2364 1054 2398 ἀνακ
1061 2358 1181 2407 daneon,
1200 2373 1240 2400 et
1251 2362 1380 2402 vitiosa
1391 2378 1452 2404 re-

793 2411 944 2466 sponfio
971 2415 1043 2455 est:
1073 2415 1142 2455 nifi
1160 2418 1266 2456 enim
1286 2417 1452 2461 addide-

793 2471 844 2509 ris
862 2470 968 2519 Sum,
1003 2472 1076 2510 erit
1100 2469 1341 2514 soloecismus
1359 2489 1450 2518 con-

794 2527 960 2566 ueniens
978 2528 1169 2578 loquenti,
1193 2530 1368 2580 impolito
1381 2532 1452 2572 ho·

792 2583 891 2621 mini
909 2593 949 2622 et
966 2584 1090 2623 militi.
1142 2585 1237 2625 Scin'
1248 2588 1452 2641 quamfre-

791 2638 907 2696 tusZ]
936 2638 999 2681 Est
1025 2639 1073 2681 ab
1103 2642 1121 2664 ‘
1148 2653 1197 2682 ea
1222 2599 1451 2685 subaudien-

1355 2700 1449 2743 dum
