1815 3168
309 183 336 214 2
721 159 1282 205 ARGVMENTVM.

309 278 514 334 AELll
537 277 958 340 DONAT1‚V.
982 277 1039 329 C.
1062 275 1477 328 ORATORIS
1498 275 1718 327 VRBlS

488 368 731 416 ROMAE,
762 366 1120 406 PRAEFATIO
1155 368 1219 407 IN
1252 368 1546 408 ANDRIAM

871 449 1157 478 TERENTH.

412 539 594 580 omoedia
619 538 786 586 Andria,
816 550 905 576 cum
926 538 1084 577 Palliata
1102 536 1162 583 fit,
1193 534 1244 577 de
1269 537 1355 576 loco
1383 550 1530 578 nomen
1557 538 1719 590 accepit,

315 551 410 665 C
441 609 478 636 et
500 611 520 635 a
542 594 765 634 Menandro
784 595 910 645 prius,
943 604 983 632 et
1001 606 1108 631 nunc
1130 592 1177 632 ab
1198 590 1277 645 ipso
1289 596 1500 633 Terentio:
1532 595 1611 646 qui,
1631 607 1721 633 cum

440 653 489 692 de
501 649 691 702 Chryiide
712 651 956 701 loqueretur,
987 648 1036 687 {ic
1052 649 1128 688 ait:
1158 651 1230 689 Hei
1252 663 1390 698 vereor,
1410 664 1453 689 ne
1472 652 1561 703 quid
1576 651 1723 690 Andria

317 720 486 760 apportet
503 707 600 746 mali.
642 718 680 745 et
699 705 772 744 hoc
794 718 1003 744 commune
1023 705 1258 744 vocabulum
1284 704 1338 745 est
1364 718 1403 744 et
1423 706 1463 744 in
1486 709 1652 753 Graeca,
1684 716 1724 745 et

318 766 361 804 in
379 766 515 806 Latina
543 763 692 815 lingua,
745 764 855 801 Haec
882 761 1014 799 maiori
1036 774 1084 799 ex
1111 773 1221 813 parte
1241 762 1409 801 motoria
1427 760 1500 810 est,
1529 763 1726 802 continet-

320 834 400 872 que
425 822 527 858 ailus
557 830 771 857 amatorum
799 815 1124 866 adolescentium,
1157 828 1197 856 et
1224 830 1378 870 patrum
1404 818 1569 870 piorum.
1625 821 1726 860 Sunt

322 877 376 915 ibi
405 875 535 914 callidi
566 872 683 920 serui,
715 873 859 912 astutae
889 874 1078 922 ancillae,
1111 871 1236 914 seueri
1256 872 1385 922 seneS,
1413 872 1726 914 adolescentulae

322 932 513 971 liberales.
567 933 611 969 In
642 930 712 968 hac
739 931 889 981 primae
914 941 1039 981 partes
1065 927 1163 969 senis
1191 931 1360 971 Simonis
1388 928 1494 978 sunt,
1535 929 1728 969 secundae

322 989 443 1034 Daui,
473 986 610 1026 tertiae
631 986 868 1033 Chremetis,
901 996 941 1025 et
961 986 1146 1038 deinceps
1168 988 1422 1038 reliquorum.
1477 985 1664 1040 Prologus
1686 986 1729 1026 in

325 1045 398 1083 hac
425 1057 513 1082 acer
543 1043 760 1090 inducitur,
792 1052 833 1080 et
861 1043 900 1080 in
933 1040 1168 1082 aduersarios
1198 1057 1280 1082 non
1305 1043 1555 1081 mediocriter
1575 1040 1730 1094 exaspe-

324 1112 446 1148 ratus,
480 1096 544 1137 sed
572 1109 704 1138 tamen
723 1099 764 1137 id
792 1096 999 1148 subtiliter,
1031 1109 1069 1138 vt
1089 1100 1219 1139 omnia
1247 1099 1432 1138 laceffitus
1452 1097 1581 1138 facere
1600 1099 1731 1137 videa-

329 1169 407 1204 tur,
438 1168 481 1193 ac
509 1155 653 1193 dicere.
714 1156 790 1194 llic
817 1155 973 1206 protasis
1001 1153 1162 1203 subtilis,
1206 1155 1355 1208 epitaiis
1386 1152 1641 1203 tumultuosa,
1676 1167 1732 1194 ca-

327 1211 524 1262 tastrophe
542 1224 647 1263 pene
668 1212 830 1263 tragica:
862 1222 901 1249 et
923 1222 1051 1250 tamen
1073 1224 1238 1263 repente
1264 1225 1312 1250 ex
1339 1209 1396 1250 his
1423 1210 1541 1249 turbis
1566 1212 1606 1249 in
1636 1221 1736 1250 tran·

327 1269 492 1319 quillum
513 1268 711 1319 peruenit.
766 1270 872 1306 Haec
895 1269 1017 1319 prima
1035 1268 1115 1306 acia
1144 1267 1198 1306 est
1225 1267 1322 1306 ludis
1342 1266 1650 1319 MegalenfilNS,
1681 1269 1735 1306 M.

327 1324 492 1370 Fuluio,
540 1333 581 1361 et
608 1328 666 1364 M.
700 1322 934 1369 Glabrione,
975 1323 1165 1362 aedilibus
1194 1322 1422 1364 Curulibus.
1488 1326 1666 1373 Egerunt
1694 1326 1735 1362 L.
1778 1323 1780 1326 ’

330 1380 494 1420 Attilius
526 1378 816 1426 Praenestinus,
855 1389 896 1416 et
929 1382 970 1419 L.
1006 1378 1216 1419 Ambiuius
1244 1378 1408 1428 Turpia
1468 1377 1611 1419 Modos
1644 1374 1738 1415 fec‘it

331 1435 500 1483 Flaccus,
532 1432 690 1474 Claudii
716 1432 829 1483 filius,
851 1434 955 1472 tibiis
977 1434 1155 1486 paribus,
1185 1434 1328 1473 dextris
1352 1444 1391 1472 et
1411 1431 1575 1472 sinistris.
1616 1444 1655 1472 et
1684 1432 1738 1484 est

329 1492 593 1538 tota-Graeca,
616 1489 718 1528 edita
730 1493 786 1531 M.
802 1491 1005 1535 Marcello,
1028 1502 1067 1530 et
1079 1491 1330 1543 Cn.Sulpitio
1352 1486 1454 1531 Cofl'.
1469 1490 1740 1541 pronunciata-

331 1558 411 1598 que
429 1545 484 1584 est
504 1545 652 1587 Andria
669 1547 873 1595 Terentii,
911 1545 960 1584 ob
982 1547 1230 1600 incognitum
1259 1546 1385 1585 adhue
1411 1558 1558 1585 nomen
1581 1550 1737 1594 Poetae,

330 1613 372 1642 et
403 1603 566 1641 minoris
592 1602 696 1653 apud
718 1603 912 1654 populum
938 1604 1173 1642 auum-itatis
1201 1616 1245 1641 ac
1264 1603 1405 1644 meriti.
1458 1602 1656 1643 Diuerbiis
1676 1616 1740 1641 au-

330 1658 514 1698 thenticis
533 1658 667 1709 lepide
684 1657 859 1698 distineri
878 1657 950 1698 est:
981 1669 1020 1697 et
1035 1657 1204 1697 successu
1225 1657 1390 1711 spcilata
1418 1657 1622 1710 prospero,
1651 1658 1739 1697 hor-

333 1725 509 1755 tamento
542 1719 687 1755 Poetae
723 1713 800 1753 suit
838 1714 885 1753 ad
924 1715 1014 1753 alias
1047 1713 1360 1754 conscribendas.
1419 1716 1575 1754 Initium
1610 1726 1741 1761 autem

333 1770 535 1818 προτατικδν
562 1769 754 1817 πρόσωπον,
783 1770 825 1809 id
847 1770 910 1818 est,
936 1771 1188 1810 aduentitiam
1210 1768 1412 1823 personam
1433 1772 1580 1821 recepit
1597 1770 1738 1818 Sofiae‚

332 1838 496 1880 propter
535 1826 800 1867 euoluendam
827 1828 1049 1880 argumenti
1079 1825 1357 1866 obscuritatem.
1415 1824 1579 1867 Persona
1609 1836 1742 1867 autem

332 1884 525 1936 protatica
542 1883 800 1936 intelligitur,
835 1896 936 1934 quae
954 1880 1074 1922 semel
1099 1883 1254 1922 inducia
1282 1884 1322 1921 in
1351 1883 1544 1935 principio
1571 1882 1739 1931 fabulae,

335 1940 378 1978 in
402 1939 517 1977 nullis
538 1939 725 1990 deinceps
743 1938 899 1978 fabulae
919 1939 1093 1991 partibus
1113 1938 1332 1979 adhibetur.
1389 1939 1671 1979 Adnotandum
1690 1937 1742 1978 sa·

333 2005 399 2043 ne,
422 1995 638 2045 puellarum
655 1995 876 2034 liberalium
896 1996 1043 2034 nullam
1062 1997 1278 2035 orationem
1306 1996 1348 2033 in
1366 1994 1571 2048 proscenio
1590 1995 1736 2044 induci,

330 2052 373 2091 in
404 2051 611 2090 comoedia
637 2052 814 2098 Palliata‚
842 2063 995 2103 praeter
1028 2052 1319 2091 inuocationem
1348 2053 1510 2091 Iunonis
1528 2052 1737 2093 Lucinae:

333 2120 437 2159 quae
456 2118 495 2144 et
512 2105 590 2158 ipsa
608 2121 769 2159 quoque
789 2107 873 2159 post
899 2106 1052 2147 scenam
1069 2107 1291 2147 fieri‘solet.
1348 2110 1418 2159 (At
1446 2121 1538 2147 vero
1566 2108 1739 2158 loquitur

331 2164 375 2203 in
398 2165 608 2202 Heautont.
633 2163 854 2216 Antiphila,
886 2166 1019 2216 puella
1038 2164 1231 2215 liberalis,
1262 2166 1304 2204 in
1322 2166 1447 2206 Plauti
1468 2165 1580 2206 Cure.
1600 2164 1737 2205 Plane-

331 2218 447 2268 fium,
476 2229 516 2258 et
546 2220 644 2259 aliae
664 2220 769 2261 alibi.
798 2220 1014 2274 Westerh.)

740 2325 1335 2379 A‘RGVMENTVM.

445 2428 479 2469 C
491 2442 559 2470 HR
572 2442 600 2469 Ε
615 2441 721 2470 MES
752 2431 921 2481 Atticus,
952 2443 1064 2484 pater
1084 2430 1281 2470 Pafibulae
1299 2440 1337 2470 et
1357 2431 1625 2479 Philumenae,
1652 2444 1742 2473 cum

335 2495 386 2523 ex
419 2481 479 2523 his
512 2485 664 2524 duabus
702 2485 740 2525 se
767 2487 978 2528 Pafibulam
998 2486 1209 2540 perdidisse
1234 2485 1328 2526 ‘falso
1351 2487 1538 2534 crederet,
1568 2486 1742 2537 reficiam

333 2539 526 2590 Athenis,
560 2555 634 2580 nec
653 2540 768 2581 visam
788 2543 920 2595 postea
940 2546 1066 2584 multo
1087 2555 1277 2596 tempore,
1297 2554 1485 2594 tanquam
1502 2544 1655 2583 vnicain
1673 2542 1742 2582 fibi

331 2595 493 2646 putabat
528 2597 826 2647 Philumenam,
868 2614 983 2651 quam
1009 2600 1202 2641 Charinus
1240 2597 1464 2640 adolescens
1491 2598 1744 2641 Athenienfis

332 2652 535 2702 adamabat
551 2650 687 2703 vnice,
719 2665 760 2693 et
779 2654 846 2693 libi
867 2655 1028 2709 petebat
1050 2669 1218 2696 vxor-em.
1276 2654 1356 2695 Sed
1385 2666 1497 2708 pater
1524 2668 1610 2695 earn
1637 2658 1745 2694 Pam-

444 2721 448 2727 ’
1633 2710 1744 2764 philo
