1815 3168
470 164 568 208 IN‘
586 163 680 206 HE
696 161 1025 208 AVTONT„

1325 177 1416 226 531

191 289 487 338 Existimarem
508 289 610 335 scire
631 286 837 339 vostrum,
861 287 907 333 id
931 286 1136 333 dicerem.

99 382 118 413 1
129 384 157 413 0
193 371 240 412 N
246 364 629 427 unc,quamobrem
643 363 717 408 has
728 364 861 426 partis
876 361 1264 426 didicerim,paucis
1280 363 1414 412 dabo:

193 445 425 487 Oratorem
449 436 530 484 esse
556 437 694 484 voluit
717 455 802 490 me,
827 454 919 483 non
944 437 1205 500 prologum:

190 514 398 563 Vostrum
417 514 630 560 iudicium
652 513 776 559 fecit:
815 529 887 558 me
909 510 1101 557 actorem
1120 512 1257 560 dedit.

192 591 277 637 Sed
299 590 369 636 hic
392 586 514 636 astor
536 599 706 636 tantum
725 589 890 653 poterit
913 604 936 632 a
954 586 1168 642 facundia,

54 809 125 849 lud
145 809 249 860 quod
270 806 376 862 supra
392 808 551 862 positum
569 807 633 857 est,
660 809 712 847 vi-

56 866 168 904 detur
186 865 404 912 adiectum.
467 868 581 904 Nunc
610 863 711 902 redit

54 922 103 960 ad
122 922 372 972 partitionem
392 918 500 971 supra
518 921 705 967 collatam,

56 991 123 1016 cur
142 988 270 1028 partes
298 976 574 1026 adolescentium
592 975 710 1027 stucx

39 1031 234 1085 ficmfi’rit.
292 1035 332 1073 E.

116 1100 166 1130 10
195 1090 278 1128 Has
319 1099 448 1141 partes
497 1087 709 1140 didicerim]

53 1149 182 1188 Docet
211 1148 350 1192 Poeta,
379 1141 487 1184 discit
504 1143 641 1191 Actor,
674 1155 712 1181 e-

54 1201 152 1240 dunt
168 1200 353 1253 Magistri.
410 1201 458 1241 C.

112 1269 158 1298 11
196 1256 393 1296 Oratorem
420 1254 543 1295 voluit
565 1254 628 1307 effe}
645 1268 710 1301 me,

1269 667 1419 721 Quan-

758 809 800 861 gi
818 808 934 857 enim,
951 807 1055 848 sicuti
1073 808 1150 848 iam
1170 808 1325 858 dietum,
1355 820 1420 850 aut

759 876 1032 917 argumentum
1057 876 1224 912 narrant,
1247 869 1421 907 autPOe-

760 931 822 959 tae
833 918 1034 971 personam
1046 921 1335 973 commendant,
1352 933 1420 961 aut

759 975 994 1015 audientiam
1005 975 1217 1028 postulant:
1239 973 1345 1016 nunc
1355 991 1423 1016 au-

759 1043 836 1071 tem
855 1045 930 1084 ego
948 1031 1050 1083 apud
1076 1045 1141 1070 vos
1162 1034 1310 1072 aiturus
1338 1031 1421 1073 sum

760 1085 925 1136 causam,
956 1098 994 1125 et
1015 1086 1236 1137 defendam,
1263 1087 1291 1128 fi
1310 1087 1420 1140 quod

759 1143 879 1184 fuerit
905 1143 1003 1183 forte
1033 1144 1076 1181 in
1103 1144 1337 1184 Terentium
1366 1142 1418 1184 ab

759 1197 987 1245 aduersario,
1014 1199 1096 1238 loeo
1107 1200 1277 1239 criminis
1290 1200 1423 1240 inten-

760 1266 891 1294 tatum.
948 1254 1042 1294 Ideo
1070 1255 1175 1293 enim
1202 1256 1314 1305 dixit,
1351 1270 1419 1295 vo-

53 1326 131 1353 non
155 1311 377 1367 vPrologum]
407 1312 590 1351 Officium
617 1311 712 1350 Pro·
752 1311 871 1363 strum
901 1311 1078 1350 iudicium
1093 1310 1219 1361 ficit:
1246 1325 1300 1350 me
1319 1313 1420 1352 aeto·

56 1370 134 1423 logi
163 1378 255 1406 ante
276 1368 538 1406 narrationem
549 1364 712 1406 reisem-

56 1437 128 1476 per
150 1422 204 1462 est
215 1438 227 1467 ε,
255 1435 393 1461 verum
420 1433 549 1462 tamen
573 1433 611 1460 et
628 1419 713 1472 post

56 1479 293 1532 principium
319 1476 473 1519 fabulae
497 1477 707 1525 inducitur,

54 1547 97 1574 vt
115 1534 217 1587 apud
236 1535 406 1574 Plautum
424 1536 465 1572 in
486 1534 616 1577 Milite
629 1533 713 1585 glo-

54 1589 166 1639 rioso,
177 1600 226 1628 ‘et
244 1590 347 1641 apud
367 1601 536 1628 caeteros
546 1602 713 1642 magnae

56 1647 289 1687 auctoritatis
308 1657 455 1685 veteres
466 1650 614 1686 PoetaS.
664 1645 712 1681 Ο-

54 1702 236 1755 ratorem]
279 1702 342 1742 Sic
370 1702 411 1739 in
438 1702 602 1754 Prologo
633 1703 713 1740 He-

55 1771 191 1812 cyrae:
226 1758 369 1797 Orator
379 1758 501 1797 advos
517 1758 619 1797 venis
631 1768 713 1794 cum

55 1827 194 1854 ornatu
249 1813 406 1867 PrologI.
495 1811 711 1865 Oratorem]

57 1872 257 1910 Oratorem
288 1871 423 1908 audire
438 1879 630 1920 nportere
654 1869 713 1906 ius

57 1928 233 1980 gentium
269 1924 334 1964 est.
400 1924 597 1964 Oratorem
617 1929 711 1962 'uon

54 1985 146 2022 licet
185 1981 367 2020 iniuriam
398 1981 489 2032 pati.
547 1982 608 2020 Ne
637 1980 708 2032 igi-

56 2050 118 2078 tur
146 2038 309 2090 patiatur
334 2036 536 2085 iniuriam,
570 2049 653 2074 non
672 2033 711 2074 se

55 2097 268 2148 ProIogum,
293 2089 356 2131 sed
379 2092 710 2132 Oratoremnomi·

57 2161 133 2190 nat.
191 2153 237 2189 Et
254 2153 395 2188 Orator
416 2148 470 2187 est
487 2149 554 2199 qui
579 2158 709 2201 rogat:

55 2205 258 2252 Ex-wazor,
273 2205 339 2255 qui
357 2205 549 2256 impetrat.
603 2203 712 2243 Alibi

57 2264 216 2302 Terent.
249 2261 392 2299 Orator
427 2260 480 2299 ad
506 2273 570 2299 vos
592 2262 709 2308 venio,

49 2316 163 2369 finite
194 2329 373 2355 exorator
394 2316 496 2368 fi'em.
555 2318 603 2355 Et
632 2329 715 2354 ora-

60 2387 123 2414 tor
141 2371 211 2419 est,
244 2373 302 2411 cui
329 2369 436 2411 causa
461 2369 716 2411 defendenda

59 2426 271 2470 mandatur.
329 2427 373 2467 C.
510 2463 511 2466 ,

119 2484 312 2521 Oratorem
329 2497 383 2521 me
407 2482 468 2535 effle
484 2484 619 2533 voluit,
639 2496 715 2523 non

61 2538 285 2592 Prologum]
315 2541 367 2579 Vt
394 2539 496 2590 apud
526 2552 594 2579 vos
624 2551 715 2592 age·

61 2608 143 2634 rem
171 2591 318 2632 causam
331 2595 467 2643 potius,
492 2609 574 2635 non
585 2595 713 2634 officio

63 2649 524 2705 fungei·e1·Pi·ologorum.
581 2653 714 2692 Prolo-

761 1381 837 1406 rem
862 1366 975 1404 dedit.
1033 1367 1103 1406 Sed
1130 1365 1190 1404 hic
1216 1369 1321 1407 αέῖον
1337 1380 1421 1408 tan-

761 1434 839 1461 tum
859 1424 1003 1473 poterit
1034 1436 1055 1459 a
1072 1421 1276 1471 ficundisz,
1303 1436 1421 1476 quan·

761 1490 838 1516 tum
859 1475 918 1515 ille
938 1481 1063 1529 potuit
1083 1479 1248 1532 cogitare
1265 1492 1422 1518 commo-

761 1533 815 1582 de,
836 1536 901 1586 qui
920 1534 1124 1572 orationem
1142 1533 1233 1572 hanc
1250 1534 1419 1587 scripsit,

761 1602 872 1642 quam
890 1588 1159 1639 diblurusfitm.
1214 1593 1341 1638 Poeta,
1361 1592 1422 1629 in·

762 1645 867 1696 quit,
901 1658 957 1684 me
991 1645 1147 1684 ac‘t'orem
1175 1642 1254 1685 esse
1288 1647 1420 1693 voluit,

762 1701 828 1751 qui
847 1709 997 1739 tantum
1015 1700 1058 1738 in
1083 1699 1267 1739 facundia
1292 1703 1421 1740 excel-

762 1757 816 1803 lit,
838 1766 880 1795 et
897 1757 1096 1807 praeualet
1106 1756 1281 1809 ingenio,
1295 1771 1419 1808 quan-

763 1824 844 1851 tum
873 1822 913 1850 et
940 1824 1015 1864 ego
1050 1812 1115 1862 qui
1146 1812 1312 1851 eandem
1340 1815 1420 1855 Co-

762 1867 957 1907 moediam
979 1867 1126 1906 aeturus
1136 1864 1226 1915 sum,
1246 1869 1288 1907 in
1300 1881 1418 1921 agen-

762 1923 813 1962 do
849 1923 1078 1975 praeualeo:
1115 1923 1170 1961 ita
1208 1922 1267 1962 hic
1301 1926 1419 1974 actor,

762 1979 836 2018 hoc
854 1978 925 2027 est,
952 1991 1049 2031 eg0‚
1077 1974 1221 2018 tantum
1242 1989 1376 2032 potero
1395 1996 1418 2019 a

751 2034 949 2088 facundia,
972 2033 1044 2072 hoc
1064 2034 1126 2081 est,
1152 2048 1233 2073 non
1243 2035 1419 2089 degene-

759 2090 853 2131 rabo
873 2089 921 2130 ab
941 2102 988 2128 eo
1008 2090 1076 2140 qui
1094 2091 1287 2143 cogitauit.
1319 2096 1364 2133 E.

820 2159 867 2200 13
913 2145 1092 2200 Tantum]
1139 2145 1256 2195 Quali
1293 2147 1416 2188 dicat:

760 2203 878 2243 Αξῖοι·
904 2200 1088 2242 facundia
1106 2212 1255 2240 tantum
1279 2204 1419 2244 valebit

762 2256 828 2298 seu
848 2258 1000 2310 poterit,
1021 2268 1208 2308 quantum
1228 2260 1347 2299 Poeta
1362 2260 1422 2299 in-

763 2315 955 2353 uentioue
976 2313 1191 2352 commoda,
1233 2316 1268 2354 Α
1279 2316 1418 2367 facun-

763 2370 845 2424 dia]
879 2373 985 2409 Bene
1000 2368 1216 2417 Facundia,
1251 2384 1346 2420 non,
1374 2372 1413 2410 E·

765 2427 961 2480 loquentia.
1035 2423 1225 2463 Facundus
1269 2426 1416 2475 dicitur,

763 2483 833 2535 qui
876 2481 984 2520 bene
1023 2479 1096 2518 fari
1140 2480 1273 2531 potest.
1336 2482 1420 2522 Elo-

764 2551 889 2591 quens,
901 2537 968 2588 qui
978 2545 1017 2573 et
1029 2536 1196 2583 inuenit,
1208 2548 1245 2576 et
1255 2537 1359 2578 dicit.
1374 2541 1419 2579 C.
1474 2536 1478 2538 ⁷

818 2596 869 2634 Vt
890 2591 1036 2632 vanitas
1052 2592 1227 2640 tollatur,
1255 2607 1356 2645 quae
1375 2595 1422 2633 ab

765 2649 895 2691 officio
926 2649 1081 2702 Prologi
1106 2647 1310 2702 abhorret,
1351 2665 1423 2702 pro

873 2703 926 2744 LI
954 2715 981 2747 ,2
1354 2708 1424 2747 Sed
