1815 3168
633 199 931 245 ANDRIA.

1382 213 1468 261 193

164 348 187 394 ς
219 327 411 391 Reliquit
436 342 507 374 me
531 326 682 379 homo,
705 335 833 389 atque
855 323 972 372 abiit.
1006 320 1055 370 D
1070 335 1103 368 A
1118 335 1165 369 v.
1207 326 1267 370 Di
1287 323 1473 372 vostram

340 401 498 451 fidem.
488 398 497 430 ¹

243 477 364 533 Quid
386 477 536 524 turbae
561 475 619 522 est
641 474 757 541 apud
776 473 956 522 forum?
993 473 1100 537 quid
1132 473 1218 520 illic
1240 472 1474 522 hominum

337 553 536 613 litigant?

240 633 366 675 Tum
387 644 559 674 annona
584 623 740 673 cara’st.
769 623 875 687 quid
897 624 1036 670 dicam
1058 621 1205 670 aliud?
1243 622 1399 670 nescio.

240 700 353 750 MY.
392 707 480 748 Cur
500 713 563 759 tn,
588 701 776 749 obsecro,
808 700 877 747 hic
898 715 969 745 me
990 698 1151 745 solam?
1196 695 1323 746 DAv.
1364 714 1475 762 quae

341 776 400 824 est
420 778 524 823 haec
547 774 720 823 fabula?

242 853 357 906 Eho,
382 851 529 915 Mysis,
553 868 664 916 puer
687 851 759 897 hic
778 848 892 898 vnde
913 847 1001 895 est?
1023 851 1179 912 quisue
1200 848 1288 894 huc
1304 846 1479 896 attulit?

153 943 212 979 ιο
244 927 354 975 MY.
390 922 521 974 Satin’
551 927 673 973 sanus
708 942 778 978 es,
825 926 902 989 qui
925 941 996 971 me
1018 924 1064 971 id
1084 921 1279 985 rogites?
1317 922 1477 972 DAV.

342 1019 474 1067 quem
498 1019 582 1063 ego
607 1003 742 1063 igitur
767 998 955 1061 rogem?

110 1197 262 1228 memor
297 1182 351 1223 est
378 1183 534 1223 vetitam
561 1180 772 1234 quidquam

111 1242 259 1288 dicere,
289 1237 358 1279 nisi
377 1236 584 1278 subseruiat
605 1239 771 1279 orationi

112 1298 231 1341 Daui.
285 1299 336 1336 D.

169 1365 192 1405 5
221 1350 388 1404 Reliquit
420 1349 525 1389 homo
561 1350 635 1404 me]
667 1351 774 1390 Mire

112 1407 312 1455 bominem,
354 1419 436 1445 non
471 1407 623 1445 Dauum
654 1405 772 1444 dixit:

111 1475 163 1513 vt,
189 1464 303 1503 etiam
321 1460 486 1501 fiaudiat
495 1460 694 1507 Chremes,
715 1463 774 1499 in-

114 1529 259 1559 certam
290 1515 494 1569 personam
517 1515 686 1555 hominis
712 1529 775 1555 au-

114 1575 202 1622 diat,
224 1587 304 1612 non
326 1576 491 1613 Dauum.
539 1575 595 1614 Di
613 1571 773 1624 vostram

107 1631 183 1684 fici
174 1630 241 1683 0m]
279 1628 521 1668 Aduerbium
549 1628 771 1667 admirantis

118 1699 207 1727 cum
227 1684 516 1723 exclamatione
570 1686 621 1724 D.

173 1741 233 1780 Di
242 1740 400 1792 vostram
402 1737 528 1790 fidem]
540 1737 654 1789 Quafi
666 1750 773 1777 nunc

117 1797 254 1837 Dauus
275 1796 415 1843 veniat,
433 1795 545 1833 aliam
555 1795 774 1833 orationem

110 1851 249 1904 fingit,
280 1850 330 1890 de
354 1849 602 1890 multitudine
635 1849 773 1902 populi

113 1907 220 1960 apud
255 1906 385 1946 forum
423 1906 627 1958 litigantis,
668 1904 772 1957 quod

39 1996 45 1998 >
112 1976 198 2003 cara
237 1975 395 2001 annona
430 1960 500 2008 fit3
537 1971 577 2000 et
602 1960 772 2000 iucunde

70 2041 81 2053 ·-
111 2016 330 2071 subiungit,
369 2017 479 2074 Qid
513 2017 630 2056 dicam
668 2017 774 2056 aliud

113 2075 244 2126 neseio.
300 2076 410 2113 Haec
436 2074 541 2112 enim
566 2074 772 2125 repentina

113 2144 188 2170 vox
212 2126 381 2180 suscepta
397 2129 463 2178 est,
492 2129 562 2180 qui
580 2129 770 2170 aduentus

113 2185 364 2225 simularetur.
416 2188 459 2225 E.

170 2245 197 2284 6
225 2242 330 2296 Qid
359 2239 491 2280 turbae
516 2239 564 2292 est
588 2240 688 2293 apud
703 2241 772 2294 fo-

116 2298 255 2352 rumz]
285 2299 390 2337 Haec
419 2295 534 2337 verba
560 2295 646 2336 sunt
666 2298 772 2337 veni-

0 2271 6 2393 i
118 2355 218 2392 entis
239 2353 287 2392 de
305 2352 404 2392 foro.
457 2352 566 2408 Qid
597 2351 671 2392 illic
706 2353 772 2391 ho·

3 2396 10 2502 ι
117 2411 254 2447 minum
279 2406 496 2464 litigant‘3]
544 2410 706 2463 Legitui
731 2418 771 2447 et

119 2464 260 2517 litigat.
312 2467 362 2504 D.

7 2503 12 2592 ἲ
174 2523 235 2559 Ne
269 2517 391 2558 versus
432 2520 526 2560 vltra
554 2518 770 2560 mensuram

122 2584 312 2620 excurrat,
343 2575 466 2626 placet
493 2578 636 2629 Guyeti
667 2578 772 2625 ratio,

10 2630 14 2649 ³
122 2627 226 2684 de
242 2628 369 2668 turbae
384 2632 481 2682 apud
488 2634 623 2683 forum
628 2632 675 2683 st
706 2635 745 2671 Β.

13 2713 16 2730 ι
256 2685 347 2723 'lum
392 2700 539 2728 annona
581 2703 668 2727 cara
710 2688 773 2741 est]

131 2738 466 2782 Comminiscentis
530 2743 583 2783 est
639 2746 774 2795 potius,

1387 1078 1482 1131 Qui

821 1192 938 1233 quam
964 1179 1077 1220 alicui
1101 1178 1316 1219 ifflefeientis.
1373 1177 1482 1233 Qid

820 1237 938 1276 dicam
957 1236 1109 1291 aliud2]
1136 1239 1220 1276 Hoc
1238 1235 1322 1288 post
1339 1232 1481 1287 spesta·

821 1303 934 1332 toiaees
989 1295 1037 1333 D.

876 1355 897 1396 8
933 1349 1011 1387 Cur
1040 1360 1081 1386 tu
1100 1345 1245 1397 obficro
1266 1345 1399 1387 hicme
1417 1346 1483 1397 ft·

821 1403 944 1457 lam2]
975 1400 1203 1445 Αἶποσιώπησις
1233 1403 1354 1442 tertia.
1410 1403 1483 1442 Fa-

824 1458 928 1512 bula]
959 1457 1141 1497 Fabulam
1163 1455 1202 1495 se
1223 1457 1315 1496 dicit
1334 1458 1479 1507 audire,

823 1515 890 1566 qui
919 1514 975 1552 rei
994 1514 1250 1565 principium,
1278 1515 1485 1554 rationem—

823 1583 898 1622 que
915 1571 1081 1623 ignorat.
1139 1571 1187 1608 D.

878 1626 1010 1665 Plures
1023 1636 1061 1663 et
1072 1625 1255 1664 meliores
1268 1625 1380 1664 codd.
1392 1639 1484 1664 con-

822 1681 996 1729 cinnius,
1028 1693 1163 1728 ΗΕΜ,
1201 1692 1294 1731 quae
1326 1681 1411 1721 haec
1435 1681 1482 1733 est

811 1734 947 1789 fabula
960 1737 978 1774 ’ἓ
1034 1738 1076 1775 Β.

875 1804 902 1845 9
930 1790 1032 1844 Eho]
1064 1789 1145 1829 Eho
1168 1791 1386 1830 interiefflo
1417 1791 1483 1842 est,

823 1848 885 1887 vel
924 1847 1160 1900 principium
1191 1848 1313 1896 (Dele
1341 1850 1486 1898 princi·

815 1907 941 1956 pium,
968 1902 1074 1954 quod
1092 1914 1141 1941 ex
1160 1903 1484 1944 antecedentibus

821 1959 884 1998 hic
911 1969 1061 2000 temere
1087 1957 1139 1996 est
1165 1959 1382 2010 repetitum.
1419 1962 1483 2012 Z.)

820 2013 1196 2055 animaduersionem
1218 2015 1259 2052 in
1278 2013 1317 2054 se
1328 2013 1485 2064 poscen-

820 2072 878 2120 tis,
897 2081 960 2110 aut
980 2080 1144 2120 repente
1159 2071 1367 2112 cernentis.
1398 2076 1451 2113 D.

871 2129 932 2166 Au
949 2126 1071 2175 Mysis
1084 2137 1180 2178 puer
1197 2125 1274 2179 hic]
1305 2126 1480 2167 Diffimu-

818 2183 872 2223 lat
900 2184 1049 2229 omnia,
1088 2191 1127 2219 vt
1156 2190 1196 2219 et
1227 2181 1479 2223 Chremetem

821 2252 906 2278 non
928 2237 1060 2277 videre
1075 2236 1263 2276 videatur.
1319 2240 1391 2287 Aa,
1422 2239 1465 2279 in

819 2295 993 2336 terieffio
1011 2292 1067 2332 est
1082 2290 1288 2332 irascentis.
1345 2296 1389 2334 E.

878 2363 928 2393 10
966 2349 1075 2388 Satin
1090 2348 1209 2398 finus
1240 2347 1293 2404 ες]
1332 2352 1377 2390 In
1406 2348 1480 2391 Ms.

819 2409 861 2448 R.
880 2405 922 2443 ro*
945 2419 992 2454 es,
1015 2404 1258 2445 defideratur.
1316 2408 1356 2446 L.

874 2462 1060 2512 Quamuis
1080 2471 1213 2500 contra
1222 2474 1356 2500 omnes
1367 2462 1480 2501 codd.

822 2530 973 2569 repone
993 2527 1125 2556 tamen
1144 2516 1406 2567 Satinscinu's,
1428 2520 1486 2558 mi

824 2576 887 2627 qui
905 2573 945 2612 id
959 2572 1124 2626 rogites?
1153 2572 1272 2626 Qe'm
1294 2575 1489 2627 igiturro-

824 2633 932 2685 gem?
963 2629 1037 2667 Vel
1066 2628 1159 2668 istus
1192 2628 1261 2680 ipfi
1292 2627 1377 2669 satis
1412 2630 1488 2669 hoc

826 2684 1003 2738 probant.
1061 2687 1103 2726 B.
