1815 3168
530 98 1065 142 HEAVTONTlM.

1370 102 1465 161 689

231 228 305 272 Ne
329 223 435 287 quid
457 239 644 274 vereare,
668 221 696 266 {i
720 223 886 266 minus:
927 222 989 266 nil
1012 240 1092 268 nos
1117 223 1194 269 dos
1217 237 1382 271 mouet.

232 297 330 347 CH.
355 305 458 345 Duo
471 298 627 343 talenta
638 315 721 362 pro
735 314 781 343 re
796 295 938 342 nostra
951 314 1032 356 ego
1058 296 1137 342 effe
1153 299 1325 345 dect-eui
1339 301 1456 352 satis3

230 375 312 424 Sed
333 376 389 420 ita
414 370 531 419 diRu
556 390 666 438 opus
690 371 761 424 est,
792 369 821 416 fi
843 388 914 417 me
935 374 998 418 vis
1022 373 1182 419 saluom
1204 372 1310 428 esse,
1346 393 1454 429 rem,

326 460 368 495 et
395 447 548 500 filium,

224 527 304 571 Me
338 541 434 570 mea
466 525 612 570 omnia
632 521 748 578 bona
774 521 866 570 doti
886 520 1031 569 dixisse
1058 523 1134 569 illi.
1175 523 1282 571 ME.
1322 543 1454 589 quam

323 616 417 646 rem
441 599 561 659 agis?

121 692 186 738 70
227 673 335 723 CH.
383 674 434 720 ld
465 675 608 720 mirari
647 684 689 720 te
711 670 921 727 simulato,
944 683 986 720 et
1006 674 1131 720 illum
1153 675 1239 722 hoc
1260 679 1452 737 rogitato

321 748 461 801 simul,

223 824 524 885 Quamobrem
545 823 589 871 id
611 823 774 870 faciam.
799 820 897 871 ΜΕ.
920 827 1027 888 quin
1052 841 1136 885 ego
1159 841 1279 879 vero,
1303 843 1453 890 quam-

318 901 471 947 obrem
492 900 536 946 id
559 902 698 952 facias,
721 899 875 945 nescio.

219 973 326 1025 CH.
368 977 552 1036 Egone?
593 987 639 1022 vt
661 977 752 1020 eius
775 977 996 1029 animum,
1039 978 1115 1039 qui
1135 993 1256 1023 nunc
1280 977 1450 1026 luxuria

315 1063 358 1097 et
381 1051 544 1096 lasciuia

217 1125 405 1178 Diffluit,
418 1126 647 1172 retundam
661 1143 670 1181 3
685 1125 893 1186 redigam,
905 1137 952 1173 vt
964 1143 1051 1189 quo
1065 1126 1102 1172 se
1116 1130 1446 1181 vortatmesciat.

217 1203 270 1251 M
290 1216 330 1248 Ε.
375 1201 494 1258 Quid
516 1199 640 1261 agis?
686 1197 793 1246 CH.
831 1205 974 1257 mitte3
1019 1200 1107 1247 fine
1132 1220 1204 1249 me
1232 1205 1278 1249 in
1297 1205 1376 1252 hac
1395 1223 1446 1253 re

314 1293 467 1338 gerere
487 1277 595 1323 mihi
621 1292 808 1322 morem.
847 1276 946 1324 ME.
984 1274 1090 1330 sino,

116 1369 178 1418 75
217 1357 337 1400 Itane
371 1353 466 1398 vis?
513 1348 618 1398 CH.
661 1354 734 1397 ita.

786 1349 894 1397 ME.
934 1349 1022 1402 fiat.
1062 1349 1168 1400 CH.
1213 1371 1294 1417 age
1340 1351 1442 1412 iarn)

312 1444 492 1475 onrem
511 1438 557 1476 vt
577 1423 760 1480 arcessat,
789 1436 929 1492 paret.

77 1648 221 1695 dicere,
246 1645 352 1697 quod
370 1658 487 1697 parua
504 1644 572 1683 dos
583 1645 737 1685 videre-

78 1714 157 1743 tur:
192 1717 280 1742 nam
301 1715 461 1741 tacemus
484 1700 653 1740 consilia:
681 1716 736 1740 re·

77 1762 228 1800 ticemus
240 1758 391 1797 dolores
405 1772 414 1798 z
436 1755 633 1796 olma-mus
644 1771 735 1810 quo-

77 1829 164 1856 rum
185 1828 255 1854 nos
277 1813 410 1865 pudet.
467 1815 515 1854 C.

133 1874 186 1923 67
213 1871 289 1909 Pro
302 1884 339 1911 re
350 1868 490 1922 nostra]
511 1869 641 1908 Facite
655 1883 734 1909 rem

65 1927 181 1981 fitam
201 1936 396 1966 extenuat.
454 1926 500 1966 C.

133 1986 182 2031 68
225 1986 333 2034 Lege
358 1981 524 2020 meliore
551 1993 731 2030 numero,

75 2040 149 2080 Sed
165 2041 220 2078 ita
239 2038 338 2077 dic‘tu
355 2039 401 2090 est
423 2039 523 2088 ὁρας,
548 2037 654 2086 fi'me
672 2040 732 2077 vis

61 2094 212 2147 fiiluom
228 2093 288 2146 cyfi
309 2107 343 2132 et
363 2107 438 2133 rem
456 2106 492 2133 et
500 2093 658 2144 filium.
687 2096 730 2133 B.

134 2155 187 2204 69
217 2155 342 2206 Quam
369 2163 444 2188 rem
471 2149 606 2204 agis?]
645 2151 733 2188 Hoc

73 2207 128 2246 est
146 2209 247 2259 quaii
275 2205 485 2257 per-tmbati
515 2202 734 2244 interceffo-

73 2264 138 2305 xis.
194 2265 242 2304 C.

131 2329 187 2369 70
214 2317 318 2357 Illum
345 2316 535 2371 rogitato]
573 2314 733 2356 Pulchra

73 2373 302 2423 admonitio,
331 2383 372 2413 vt
388 2348 674 2425 per-teuesaciat
692 2370 734 2410 fi.

74 2431 184 2470 lium.
243 2431 289 2470 C.

127 2497 183 2539 72
213 2484 409 2538 Luxuria]
440 2484 613 2523 Luxuria
628 2498 648 2522 a
662 2483 736 2521 Lu-

73 2555 140 2589 xu,
163 2543 187 2583 i.
209 2554 243 2581 e.
264 2540 328 2593 sup
334 2540 735 2580 erfluitatederiuatur.

75 2599 251 2649 Luscinia
272 2608 400 2636 autem
426 2595 600 2658 designat
617 2609 735 2657 quan-

77 2654 165 2695 dam
186 2653 441 2707 petulantiam
461 2652 738 2703 etimportuni-

1355 1510 1446 1555 Hic

785 1656 901 1686 tatem
914 1675 923 1693 ‚
953 1644 1174 1687 exsultando
1194 1658 1233 1688 et
1252 1648 1446 1690 delestan-

787 1702 837 1742 do
866 1705 905 1741 in
937 1701 1001 1741 sua
1030 1705 1276 1755 turpitudine.
1335 1711 1443 1747 Haec

785 1770 915 1798 tamen
954 1758 1173 1798 differentia
1209 1776 1289 1800 non
1319 1761 1444 1801 obser-

785 1825 917 1861 uatur3
963 1813 1026 1853 sed
1065 1815 1336 1856 indifferenter
1365 1820 1440 1858 illis

784 1870 934 1910 duobus
966 1872 1105 1910 vtimur
1134 1886 1203 1923 pro
1231 1874 1372 1913 eodem
1400 1874 1444 1914 fi-

783 1926 976 1981 gnificatu.
1033 1929 1079 1967 C.

836 1995 889 2036 73
934 1982 1108 2035 Diffluit]
1154 1984 1295 2023 Periius
1339 1986 1435 2035 (Sat.

783 2052 857 2084 111,
881 2041 986 2090 20.),
1019 2038 1169 2088 Dffluis
1188 2054 1320 2080 amens.
1355 2042 1399 2081 C.

835 2108 892 2147 74
921 2096 1024 2148 Qld
1051 2097 1158 2148 aisjr]
1190 2099 1255 2134 Ais
1275 2098 1439 2136 dicimus

782 2149 832 2191 de
850 2152 907 2198 iis,
937 2152 1002 2201 qui
1020 2165 1116 2189 vana
1134 2152 1359 2201 loquuntur.
1393 2157 1439 2195 C.

836 2208 985 2245 Omnes
1004 2206 1129 2256 nostri,
1149 2209 1265 2246 Mitte
1282 2222 1325 2246 ac
1335 2209 1441 2260 sine.-

782 2275 860 2314 quo
883 2261 1008 2301 versus
1030 2261 1070 2300 fit
1082 2263 1329 2302 numerofior.
1368 2269 1409 2309 B.

835 2330 885 2370 75
920 2318 1025 2371 Fiat]
1046 2320 1249 2358 (Ioneeffio
1271 2321 1355 2358 irati
1377 2320 1440 2360 ad-

783 2372 910 2413 uersus
933 2377 1184 2426 pertinacem.
1242 2377 1287 2416 C.

838 2431 1012 2482 Arcejffizt,
1039 2431 1166 2485 paret]
1201 2433 1246 2471 V.
1264 2432 1306 2472 C.
1334 2442 1439 2484 prae-

780 2497 901 2538 paret.
962 2490 998 2526 L.

842 2540 973 2580 Bemb.
1003 2540 1118 2580 habet
1145 2542 1247 2580 reste
1274 2543 1328 2581 Ac
1353 2546 1438 2589 iam,

785 2610 855 2648 pro
877 2597 1023 2651 vulgari
1045 2599 1119 2652 Age
1144 2599 1232 2637 iam.
1294 2600 1333 2638 Β.

952 2657 985 2693 X
1003 2667 1027 2691 x
