1815 3168
558 160 974 207 E-VNVCHV&

1337 179 1427 228 5¹3

198 289 304 337 GN.
341 289 464 334 Prius
495 286 640 333 audite
665 288 836 351 paucis:
869 286 991 350 quod
1024 303 1165 351 quum
1187 289 1362 345 dixero,
1402 292 1433 339 fi

297 363 521 428 placuerit,

198 441 404 487 Facitote.
444 437 540 487 ΡΗ.
576 437 816 487 audiamus,
859 434 975 485 GN.
1021 447 1072 484 tu
1102 440 1294 487 concede
1326 459 1433 506 pau·

295 513 434 559 lulum
457 511 576 566 istuc,
608 513 795 560 Thraso.

196 590 418 652 Principio
451 604 535 648 ego
564 605 642 635 vos
676 588 852 635 credere
883 586 1033 635 ambos
1055 587 1142 635 hoc
1172 585 1284 637 mihi
1303 591 1435 646 vehes

294 674 464 711 menter
486 662 633 717 veliin,

115 873 172 917 37
199 863 314 903 Prius
333 862 614 917 auditepaucis]
646 862 722 903 Mi-

64 934 105 960 ra
124 918 380 959 infinuatione
400 920 501 970 agit:
530 920 597 970 qui
628 933 720 967 non,

64 986 106 1015 vt
122 974 379 1023 consentiant,
411 972 476 1013 sed
496 985 534 1013 vt
554 976 721 1023 audiant,

61 1033 194 1085 paucis
224 1031 332 1083 petit.
388 1032 435 1069 Et
463 1031 566 1070 bene
595 1032 720 1078 Prius,

60 1086 165 1140 quast
195 1099 278 1126 non
313 1084 454 1134 obstet,
492 1099 569 1138 quo
593 1087 722 1126 minus

61 1143 204 1185 faciant
222 1141 326 1196 quod
345 1142 480 1181 velint.
535 1145 639 1182 Tum
656 1142 722 1182 de-

62 1199 159 1240 inde
185 1212 263 1251 quo
294 1198 521 1237 attentiores
544 1198 719 1244 existant,

62 1255 210 1295 addidit
221 1257 352 1307 paucis
362 1253 548 1297 sdeinde
559 1283 568 1301 ,
590 1254 635 1306 fi*
644 1255 720 1306 pla-

64 1313 196 1354 cuerit.
234 1308 381 1349 facilius
410 1310 515 1348 enim
544 1310 720 1357 fleffitur,

63 1381 152 1406 cum
163 1379 238 1417 quo
250 1378 330 1403 non
341 1378 570 1418 pugnamus,
582 1375 621 1404 vt
631 1379 721 1403 con-

63 1421 213 1462 sentiat.
271 1421 387 1460 Prius
425 1420 572 1473 audite]
611 1420 720 1460 Fidu-

64 1480 166 1517 ciam
177 1476 340 1516 ostentat
357 1473 628 1528 persuasoriam
640 1489 722 1516 rem

65 1533 216 1574 dicturi.
272 1532 323 1571 D.

120 1589 234 1629 Prius
244 1588 372 1627 audite
384 1587 530 1641 paucis]
560 1589 646 1626 Hoc
657 1587 723 1626 de-

65 1644 295 1685 liberatiuae
324 1640 470 1695 species
498 1642 562 1682 est.
615 1644 719 1684 Deli-

65 1701 176 1742 berat
199 1699 387 1741 Phaedria
416 1713 466 1737 an
497 1699 660 1739 riualem
679 1700 721 1737 in

64 1768 215 1810 partem
233 1755 440 1795 meretricis
451 1754 619 1806 recipiat.
660 1754 723 1795 Est

65 1826 163 1866 ergo
182 1812 415 1864 principium
432 1810 479 1849 ab
507 1841 516 1850 .
547 1841 556 1849 .
578 1841 587 1851 .
609 1841 618 1850 .
646 1813 723 1863 (ira

67 1871 134 1908 W.
191 1870 316 1915 Forte,
347 1882 368 1905 a
390 1864 604 1919 conceffione
630 1867 724 1911 lum-

65 1938 143 1965 tum
170 1926 229 1976 Z2)
259 1922 495 1970 collocatum,
517 1935 605 1960 cum
616 1922 723 1971 dixit,

61 1980 96 2036 fi
105 1979 298 2034 placuerit,
305 1979 484 2030 facitote.
539 1980 582 2018 E.

125 2099 178 2146 38
211 2089 434 2143 Audiamus]
473 2092 604 2129 Bene:
643 2102 727 2129 non

69 2148 271 2196 Faciamus,
300 2144 366 2186 sed
387 2145 590 2185 Audiamus
610 2144 728 2184 dixit:

72 2217 164 2243 nam
196 2203 320 2255 prima
350 2203 508 2241 oratoris
547 2203 728 2253 impetra-

73 2260 130 2299 tio
155 2259 197 2297 in
224 2260 322 2298 mala
349 2255 457 2297 causa
492 2257 567 2307 est,
604 2256 727 2296 audiri

73 2311 262 2354 meruiss'e.

73 2371 147 2410 lum
165 2369 260 2420 1stuc,
285 2368 443 2423 Thraso]
480 2367 627 2409 Thraso
654 2368 728 2407 hoc

74 2427 118 2466 in
148 2424 288 2463 bonam
320 2437 469 2476 partem
489 2426 658 2477 accepit;
687 2435 728 2464 et

77 2481 170 2521 ideo
189 2490 306 2532 paret.
334 2492 440 2531 putat
462 2482 728 2522 enimveltur-

78 2549 130 2589 pe
157 2534 254 2584 effe,
284 2534 310 2574 fi
340 2536 532 2577 humiliter
551 2548 729 2590 precetur

76 2590 145 2632 suo
176 2591 360 2637 nomine,
385 2590 502 2644 seque
530 2594 728 2642 audiente,

77 2647 274 2702 parasitus:
306 2648 368 2687 vel
377 2648 634 2704 incongruum
649 2649 731 2704 fibi,

1360 757 1429 802 40

771 862 798 902 fi
827 863 867 902 in
897 874 938 901 os
972 860 1154 916 praesens
1181 878 1202 903 a
1222 863 1434 904 Gnatltone

771 919 960 958 laudetur.
1017 919 1124 971 Istuc.
1151 919 1307 974 Thralb]
1339 924 1431 963 Non

772 975 820 1014 ad
850 973 1037 1014 sevocat:
1066 973 1131 1014 sed
1157 977 1287 1015 locum
1306 976 1432 1016 osten-

772 1032 844 1078 dit,
876 1044 953 1083 quo
989 1031 1105 1070 abeat
1139 1042 1256 1084 atque
1291 1046 1433 1073 conce·

771 1087 847 1127 dat.
904 1091 956 1128 D.

825 1148 945 1196 Lege,
966 1142 1125 1182 Paulum
1146 1142 1247 1197 zfluc.
1303 1147 1345 1185 B.

822 1210 876 1251 39
908 1200 1116 1251 Principia,
1152 1214 1221 1254 ego
1248 1202 1333 1255 vos]
1366 1201 1433 1242 Vi-

771 1254 988 1305 det-neque
1006 1253 1043 1293 se
1063 1255 1153 1294 odio
1175 1245 1331 1303 ha‘beri,
1362 1270 1432 1296 ne-

771 1323 849 1362 que
869 1311 1002 1363 (Videt
1019 1324 1095 1350 non
1113 1311 1255 1362 adeost
1267 1312 1351 1351 odio
1364 1313 1432 1351 ha-

770 1365 866 1412 beri,
892 1366 964 1418 fid
1000 1368 1059 1416 Z.)
1098 1365 1246 1406 offendi
1284 1371 1432 1407 animos

771 1421 1000 1461 audientum
1030 1422 1073 1459 in
1102 1423 1232 1461 militis
1252 1425 1429 1464 nomine.

770 1479 855 1516 Hoc
875 1489 970 1529 ergo
1000 1479 1187 1516 oratorie:
1219 1492 1288 1529 pro
1303 1493 1349 1519 eo
1362 1477 1432 1517 ho-

771 1533 880 1571 mine
906 1533 947 1570 in
974 1545 1053 1583 quo
1075 1532 1308 1583 offenditur,
1338 1548 1432 1574 eum

771 1589 813 1626 in
852 1601 930 1639 quo
966 1602 1049 1627 non
1086 1587 1322 1640 offenditur,
1362 1606 1433 1643 po·

772 1642 855 1683 suit.
912 1647 961 1684 D.

828 1701 1017 1752 Principio
1037 1713 1103 1754 ego
1117 1713 1182 1740 vos
1193 1699 1315 1742 ambos
1335 1699 1431 1757 dyst]

771 1758 817 1795 In
842 1754 917 1793 hoc
946 1756 1139 1807 principio
1178 1755 1300 1796 rursus
1328 1760 1434 1797 Gna-

774 1811 863 1858 tho,
893 1813 1079 1862 quoniam
1108 1811 1173 1851 scit
1200 1813 1314 1861 odio,
1349 1812 1433 1853 sum

773 1867 911 1920 (odiose
929 1867 1021 1905 hunc
1048 1869 1105 1919 Z.)
1136 1869 1298 1907 militem
1319 1870 1437 1908 inter-

773 1923 880 1974 poni,
906 1920 944 1961 se
963 1923 1131 1962 vtilitatis
1151 1921 1257 1963 causa
1274 1924 1314 1964 id
1333 1925 1437 1964 face-

776 1991 819 2017 re
847 1977 1064 2017 confitetur.

776 2030 980 2074 consulere
1007 2035 1244 2088 intelligatur
1272 2046 1435 2083 tantum,

777 2104 865 2129 cum
883 2091 1015 2141 vtique
1027 2091 1174 2129 alienus
1184 2091 1225 2130 fit
1235 2093 1299 2141 qui
1318 2093 1437 2144 (quod

775 2148 902 2199 vtique
931 2148 1093 2185 alienum
1124 2147 1189 2197 est,
1204 2144 1340 2200 fi'quis
1369 2151 1435 2200 Z.)

777 2203 906 2254 cupiat
923 2199 1166 2253 persuadere,
1194 2201 1344 2253 adiecit,
1367 2203 1436 2243 Ve-

776 2272 861 2298 rum
895 2258 963 2297 z'id
979 2256 1085 2297 vobis
1099 2257 1257 2310 prodest,
1274 2272 1341 2299 vos
1357 2273 1434 2300 nors

325 2315 383 2354 Tu
411 2315 561 2353 concede
596 2313 728 2364 paulu·
765 2313 898 2364 facere
933 2312 1134 2366 inscitia'st.
1198 2317 1436 2366 Exemplum

778 2369 923 2408 deinde
950 2370 1114 2421 apponit
1137 2369 1252 2421 ipsius
1279 2369 1437 2410 senten·

777 2427 865 2474 tiae,
893 2438 964 2476 per
987 2425 1295 2477 propositionem,
1324 2428 1440 2466 Mili·

776 2494 848 2524 tem
888 2495 955 2535 ego
992 2481 1146 2521 riualem
1189 2483 1435 2534 recipiendum

779 2537 921 2591 cenfio]
954 2538 1124 2577 Primum
1152 2536 1226 2576 hoc
1250 2539 1438 2578 delibera-

780 2596 902 2633 tiuum
927 2593 1006 2642 est,
1035 2604 1074 2632 vt
1100 2594 1164 2644 qui
1187 2591 1334 2643 suadet,
1370 2595 1441 2632 ali·

781 2664 893 2705 quam
918 2645 1148 2691 sententiam
1159 2649 1278 2691 dieat:
1305 2663 1441 2702 quem-

890 2706 968 2749 Kk

1309 2706 1441 2746 admu-

1122 1982 1269 2021 Verum
1296 1994 1347 2019 ne
1365 1981 1436 2020 fibi
1482 2009 1485 2010 γ
