1815 3168
36 706 38 709 Ι
82 721 100 737 a

503 153 506 155 ’
557 149 970 197 EVNVCHVS.

1353 161 1443 208 505·

223 280 373 324 Nemo
392 276 537 324 hercle
558 277 805 341 quisquam:
842 292 945 324 nam
966 276 1013 322 in
1038 292 1111 322 me
1128 276 1258 341 plane
1281 279 1339 323 Di
1361 295 1446 342 po-

319 351 510 399 testatem
533 352 649 398 suam

221 430 415 473 Omnem
447 426 695 480 ostendere3
730 431 800 476 cui
822 437 911 475 tam
932 426 1071 475 subito
1093 436 1160 474 tot
1183 429 1448 487 contigerint

318 504 561 550 commoda.

203 572 297 644 ‘Pa
314 591 356 643 R..
399 578 519 632 Quid
543 578 614 626 hic
639 578 772 625 laetus
797 576 885 625 est?
923 576 1030 627 CH·
1069 595 1096 625 o
1122 580 1334 625 Parmeno
1367 577 1447 634 mi,

313 801 390 851 fim
416 803 616 865 gaudiis?

316 670 343 700 o
374 670 569 700 mearum
592 654 865 719 voluptatum
887 655 1087 700 omnium

157 738 184 790 ς
221 722 446 782 Inuentor,
469 731 684 795 inceptor,
705 727 952 794 peffefilor:
987 722 1086 776 scin’
1114 744 1187 775 me
1218 729 1265 775 in
1286 726 1446 792 quibus

215 878 308 925 Scis
337 880 608 943 Pamphilam
641 896 783 939 meam
818 881 1045 926 inuentam
1082 877 1257 937 ciuem?
1304 876 1445 926 PAR.

313 953 470 1000 audiui*
513 950 620 1001 CH.
657 956 733 1002 scis
754 956 948 1020 sponsam
970 954 1114 1001 mihi?

217 1030 340 1091 PAR.
375 1032 508 1082 Bene,
528 1032 585 1076 ita
606 1047 676 1078 me
692 1033 751 1077 Di
772 1041 931 1082 ament,
967 1027 1146 1076 fabium.
1169 1024 1274 1075 GN.
1297 1021 1446 1076 audin’

312 1114 360 1150 tu
382 1103 507 1151 illum
530 1106 637 1170 quid
660 1105 748 1154 ait?
771 1104 869 1154 CH.
892 1117 987 1153 tum
1000 1116 1146 1152 autem
1156 1103 1391 1152 Phaedriae

81 1298 195 1343 miles
212 1300 389 1352 audiiset,
419 1302 675 1345 vehementer
695 1306 738 1345 in

82 1360 224 1399 amoris
242 1359 413 1398 flammas
442 1358 617 1399 incensus
644 1360 740 1399 deli-'

84 1413 202 1461 berar,
224 1415 316 1465 quid
336 1413 462 1455 facere
482 1415 634 1455 debeat.
673 1417 741 1456 Su-

82 1472 152 1510 mit
170 1469 381 1515 confilium,
400 1485 411 1507 x
424 1470 519 1510 thos
529 1482 651 1524 rogen
680 1477 739 1513 Ac

82 1528 252 1578 primum
278 1526 466 1565 allocutio.
524 1525 661 1568 Rursus
678 1529 739 1566 iu-

82 1583 301 1634 terponitur
320 1581 517 1631 Phaedria,
537 1583 604 1634 qui
616 1581 739 1622 exsul-

83 1641 270 1678 tationem
300 1637 432 1690 gaudii
460 1635 515 1677 sui
543 1640 736 1689 exprimit,

10 1691 13 1693 ’
83 1705 122 1733 et
143 1691 283 1733 defuis
309 1692 546 1733 facultatibus
574 1696 738 1748 gaudet:

84 1750 222 1803 gratias
242 1750 323 1802 agit
342 1749 447 1799 patri,
481 1750 586 1801 quod
603 1749 741 1790 festiue

82 1816 124 1845 et
148 1805 320 1844 iocunde
347 1806 616 1847 interueniens
649 1820 742 1847 cun·

81 1861 139 1900 &a
159 1861 422 1912 compleuerit.
481 1864 523 1903 F..

136 1921 243 1970 Lege
261 1929 348 1956 cum
368 1916 479 1956 codd.
499 1916 656 1968 nostris,
685 1932 741 1959 me

81 1972 190 2013 bodie
212 1973 412 2025 viuitfhrt
484 1977 525 2015 B.

133 2042 159 2072 2
195 2029 314 2067 Nemo
334 2029 448 2068 hercle
458 2029 670 2085 quisqu]
689 2030 739 2078 Et

80 2085 349 2137 interrogauit,
369 2096 408 2124 et
427 2083 626 2137 respondit
651 2086 733 2126 fibi.

79 2141 200 2182 Nemo
227 2139 342 2179 hercle
368 2141 576 2196 qug'fquam]
607 2150 736 2190 Παςέλ-

81 2213 146 2235 κονγ
163 2198 326 2236 tertium.
383 2200 431 2238 D.

137 2265 160 2306 3
196 2253 265 2292 Cui
291 2266 366 2291 tam
379 2252 515 2304 fidn‘to
539 2266 597 2294 tot
621 2257 736 2294 conti-

765 1183 887 1245 1'15

1338 1182 1449 1227 Meo

840 1318 867 1360 ς
897 1306 1087 1354 Inuerttor,
1121 1302 1309 1358 tnceptor]
1340 1303 1447 1343 znue-

787 1364 875 1408 nire‚
902 1359 1084 1414 sapientis
1100 1361 1172 1400 est:
1204 1364 1448 1413 inczpere‚au-

789 1417 913 1456 dacis:
925 1416 1113 1470 perficere,
1125 1416 1346 1455 constantis.
1376 1419 1447 1455 Er-

787 1486 838 1525 go
858 1472 975 1525 plena
995 1472 1163 1511 laudatio
1183 1471 1237 1511 est
1249 1485 1261 1518 3
1290 1483 1328 1510 et
1355 1484 1448 1509 con·

785 1529 870 1576 stat,
900 1530 974 1568 hoc
1003 1527 1220 1569 Chaeream
1246 1527 1447 1566 laudatiae
1510 1552 1513 1553 ν

787 1584 932 1626 dicere.
989 1587 1089 1624 Nam
1130 1584 1171 1623 in
1203 1581 1358 1623 subditis
1390 1579 1447 1622 so-

784 1641 863 1680 lum
879 1639 1092 1680 confilium
1118 1638 1366 1678 attributurus
1393 1636 1448 1678 est

788 1697 1037 1737 Parmenoui.
1093 1693 1191 1734 Scin‘
1215 1709 1270 1734 me
1299 1697 1340 1734 in
1367 1695 1448 1748 qui-

790 1752 852 1792 bus
865 1752 938 1805 sim
953 1749 1134 1807 gaudiis?
1165 1749 1342 1795 Σόλληψις.
1396 1753 1446 1791 Et

788 1819 893 1857 nota,
921 1808 1018 1849 Scm’
1045 1822 1126 1847 me.-
1155 1820 1273 1859 quum
1300 1804 1447 1845 suffice-

788 1875 846 1905 ret
868 1863 979 1915 fiin'.
1033 1867 1137 1917 Ergo
1163 1876 1218 1902 me
1244 1860 1447 1905 abundat:

787 1931 827 1960 et
845 1919 897 1961 est
910 1919 1035 1973 figura
1053 1918 1260 1966 ἀρχαὶῐμᾶς.
1316 1923 1369 1961 D.

841 1978 867 2018 6
896 1977 971 2017 Scis
987 1975 1218 2028 Pamphilam
1229 1975 1364 2029 meam]
1393 1977 1447 2014 A·

786 2034 950 2073 matorie
971 2032 1068 2072 dixit
1088 2045 1225 2071 meam:
1258 2030 1450 2081 vel-poti-

787 2103 830 2128 us
857 2085 1030 2141 sponsam
1057 2100 1204 2135 meam,
1237 2087 1301 2126 vel
1328 2099 1446 2137 quam

785 2158 887 2185 amo.
954 2143 1175 2197 Inuentam]
1221 2142 1447 2195 cognitam.

790 2200 930 2254 ciuem]
961 2200 1082 2240 Deest
1108 2199 1182 2251 eſje.
1238 2199 1313 2239 Scis
1327 2197 1450 2250 spon-

781 2256 865 2310 sam
885 2256 1030 2311 mih1?]
1061 2254 1178 2296 Deest
1188 2256 1321 2318 ettgffe.
1342 2265 1380 2292 et
1394 2253 1448 2292 est

83 2310 209 2364 gerim
238 2309 557 2373 commodaJ·Tam
581 2312 737 2362 qualita-
776 2312 918 2368 spcmfiz
943 2325 1047 2352 nunc
1066 2311 1331 2363 participium.
1358 2311 1407 2349 D.

86 2365 146 2412 tis,
175 2364 247 2403 Tot
265 2367 482 2415 quantitatis
501 2364 563 2405 est.
617 2371 669 2409 D.

139 2432 168 2472 4
194 2420 300 2475 Qid
327 2421 383 2460 bic
414 2421 531 2461 laetus
550 2420 648 2478 est2]
678 2425 739 2462 In-

84 2485 205 2513 uenta
224 2473 382 2526 persona
404 2476 467 2523 est,
491 2474 664 2529 adquam
677 2491 741 2532 ge-

84 2531 139 2569 sta
161 2530 257 2569 haec
275 2544 399 2572 narret
411 2532 601 2585 Chaerea,
622 2547 740 2588 vtpo-

87 2587 202 2638 pulus
227 2597 265 2624 et
287 2588 397 2628 miles
414 2588 631 2641 instruatur,
650 2590 742 2645 quid

92 2643 194 2682 intus
217 2642 366 2696 gestum
386 2642 440 2684 fir.
498 2645 546 2688 D.

844 2380 873 2421 7
899 2369 1037 2408 Audin'
1054 2381 1095 2406 tu
1118 2365 1226 2415 illum,
1239 2367 1330 2420 quid
1341 2365 1450 2416 nit?]

790 2427 875 2465 Hoc
903 2425 1009 2464 vultu
1047 2433 1193 2463 mutato
1231 2432 1270 2463 et
1295 2420 1448 2461 turbato

791 2481 940 2522 dicitm:
991 2483 1041 2521 D.
1213 2479 1218 2482 ’

847 2539 956 2592 Lege
967 2550 1014 2576 ex
1025 2534 1137 2575 codd.
1151 2533 1330 2574 omnibus
1341 2531 1450 2571 Faer-

793 2594 834 2633 ni
859 2604 896 2632 et
917 2593 1062 2644 nostris,
1080 2590 1207 2633 audin'
1226 2603 1266 2630 tu
1286 2589 1342 2633 liic
1363 2587 1453 2644 quid

794 2651 875 2691 ait?
931 2653 970 2693 B.
