1815 3168
312 147 375 201 98

693 142 851 186 ACT.
889 141 938 184 Π.
991 138 1186 184 SCEN.
1222 139 1252 183 1.

450 268 606 320 Video,
632 270 753 314 cuius
774 265 951 314 consilio
975 266 1111 312 fretus
1133 263 1238 310 sum.
1272 260 1379 317 CH.
1397 277 1439 312 at
1460 276 1509 312 tu
1529 266 1674 314 hercle

548 344 654 389 haut
675 345 907 406 quicquam
929 340 1064 393 mihi3
1540 391 1555 408 ,⁷

450 416 546 466 Nisi
582 436 653 473 ca,
688 434 797 481 quae
832 416 942 463 nihil
972 432 1084 480 opus
1113 415 1211 462 sunt
1234 414 1352 462 scire.
1383 409 1523 477 fugin'
1541 416 1676 464 hinc?

548 492 642 541 ΒΥ.
683 510 766 555 ego
789 509 908 545 vero,
939 508 985 538 ac
1007 491 1179 538 lubens,

393 640 701 695 ACTVS
750 636 1155 690 SECVNDI
1201 636 1501 688 SCENA
1541 637 1605 693 11.

575 746 767 788 DAVvs.
797 744 1074 786 CHAvas.
1102 744 1407 785 PAMPHILVS,

315 878 447 992 D1
481 904 518 932 ⁴13
541 903 567 931 ο
588 903 620 929 N
643 902 687 937 1,
738 881 848 930 boni
892 881 999 947 quid
1031 877 1188 950 porto!
1235 880 1305 929 sed
1339 880 1413 930 vbi
1455 881 1678 929 inueniam

546 958 828 1026 Pamphilum
839 955 861 1007 Ρ

317 1195 389 1236 pro
408 1178 552 1225 sufficit,
561 1176 630 1229 fin
649 1177 760 1218 haheo
780 1175 972 1217 dicebant.

318 1252 367 1279 an
391 1238 451 1276 vel
472 1234 667 1274 abundat?
723 1237 771 1274 D.

377 1296 427 1332 Vt
462 1290 552 1330 mihi
584 1289 650 1329 sub
679 1291 796 1328 i'cffum
824 1289 955 1328 veniat
965 1300 976 1333 ;

319 1350 513 1401 pone‚qui
532 1346 622 1384 mihi
639 1359 682 1383 ne
702 1346 821 1383 detur.
880 1347 922 1382 B.

375 1407 429 1457 36
461 1406 514 1442 At
531 1415 571 1440 tu
582 1399 714 1446 hercle]
745 1398 868 1452 (adde
885 1398 976 1437 haut

320 1463 527 1514 quicquam.
581 1460 636 1496 Ita
657 1456 711 1496 est
720 1455 824 1495 reete
845 1456 886 1493 in
904 1451 976 1494 Ms.

318 1515 458 1564 Hulst.)
523 1513 660 1562 Deest,
700 1510 831 1561 affers,
871 1510 978 1559 dicis,

297 1572 489 1614 nuncius.
546 1572 598 1610 D.

374 1640 428 1683 37
461 1622 554 1678 Nist
574 1639 615 1664 ea
641 1626 747 1678 quae]
794 1623 880 1664 Hoc
912 1621 978 1672 est,

320 1710 374 1718 --
404 1685 563 1723 daturne
582 1681 644 1721 illa
663 1681 769 1720 hodie
786 1679 978 1733 Pamphilo

321 1746 501 1793 nuptum?
535 1741 611 1778 By.
633 1737 688 1789 stc
707 1737 766 1792 est.
800 1739 889 1778 Cu.
914 1737 978 1789 qui

309 1797 415 1850 scis?
444 1799 521 1835 ΒΥ.
551 1795 651 1845 apud
656 1795 790 1846 sbrum
807 1793 912 1833 modo
934 1793 978 1831 de

321 1856 435 1893 Dauo
471 1851 614 1889 audiui.
671 1849 791 1901 Quod
826 1862 980 1898 memor

322 1910 376 1950 est
402 1907 624 1955 Cha1·inus‚.
644 1902 680 1944 se
702 1919 785 1944 non
809 1905 978 1943 libenter

323 1962 476 2006 audifi'e.
530 1962 655 2017 Fugin
676 1961 777 2015 hinc]
808 1960 978 2000 Commi-

323 2021 450 2063 nantis
486 2018 557 2067 est,
591 2029 630 2058 et
659 2017 851 2070 abigentis
881 2030 902 2055 a
927 2013 975 2056 se.

323 2080 401 2131 Ego
421 2089 522 2120 vera,
543 2088 584 2113 ac
602 2073 740 2124 lubens]
779 2077 905 2112 Nemo
924 2072 977 2110 lu-

1619 1036 1680 1080 Vt

1023 1177 1129 1216 xime
1139 1176 1312 1228 pertinet
1321 1185 1602 1230 argumentum.
1631 1179 1681 1216 Et

1023 1232 1088 1271 hie
1106 1233 1159 1272 est
1177 1233 1296 1281 locus,
1317 1234 1358 1271 in
1374 1245 1464 1283 quo,
1487 1231 1616 1271 vtfieri
1627 1229 1683 1270 so-

1025 1289 1091 1336 let,
1113 1287 1270 1327 fortuna
1288 1289 1407 1326 mixta
1426 1287 1538 1327 rebus
1558 1285 1682 1338 dispo-

1025 1342 1123 1391 fitis,
1155 1356 1315 1396 magnas
1340 1343 1466 1382 turbas
1492 1342 1567 1381 dat.
1623 1342 1684 1384 Di,

1026 1399 1124 1446 boni,
1144 1397 1231 1437 bom·
1246 1397 1481 1452 quidporto]
1510 1401 1600 1438 Non
1611 1398 1683 1436 mi·

1026 1464 1113 1494 rum
1147 1454 1252 1507 quod
1290 1452 1515 1494 insolentius
1552 1451 1683 1494 Dauus·

1028 1512 1193 1557 exultat,
1222 1512 1309 1563 qui,
1338 1522 1377 1551 vt
1394 1512 1498 1552 Simo
1519 1509 1682 1558 dicebat,

1029 1566 1289 1616 timidusfuir,
1313 1577 1349 1606 vt
1371 1564 1450 1618 ipse
1470 1569 1609 1615 Dauus,
1631 1577 1684 1606 et-

1028 1625 1104 1663 iam
1123 1622 1337 1678 desperauit
1348 1624 1467 1676 (lege,
1491 1637 1566 1662 tam
1585 1624 1684 1662 timi-

1029 1682 1098 1719 dus
1113 1681 1203 1734 fuit
1228 1693 1264 1720 et
1284 1678 1544 1734 perturbatus,
1572 1692 1612 1718 vt
1632 1693 1684 1718 et-

1026 1739 1102 1777 ia‘n
1137 1736 1407 1789 desperauerit)
1447 1748 1496 1775 ex
1527 1737 1684 1787 nuptia-

1025 1807 1110 1833 rum
1128 1802 1293 1840 tei-rore,
1324 1805 1416 1844 quas
1442 1805 1547 1830 nunc
1575 1789 1683 1830 falsas

1027 1850 1227 1899 comperit.
1283 1848 1343 1888 Di
1360 1848 1460 1893 boni,
1478 1847 1566 1886 honi
1589 1847 1684 1899 quid

1023 1910 1151 1957 porto]
1197 1907 1255 1955 Ex
1290 1904 1468 1956 proximo
1497 1903 1720 1954 repetiuiQ⁴

1024 1960 1105 1999 bis:
1135 1958 1199 1999 sed
1228 1970 1356 1999 tamen
1373 1959 1534 1997 alterum
1561 1959 1685 1998 nomi·

1028 2017 1161 2055 natiuo
1183 2016 1336 2068 plurali,
1359 2015 1520 2054 alterum
1541 2015 1683 2067 geniti·

1027 2085 1078 2111 uo
1097 2071 1278 2125 fingulari
1307 2071 1449 2110 diffmm
1474 2069 1537 2108 est¹
1576 2070 1686 2123 Quid

321 2135 460 2175 benter
483 2129 603 2185 fugit,
639 2129 709 2169 nisi
737 2129 886 2167 coaffixs
912 2142 978 2168 ne·
1020 2129 1155 2182 porto]
1185 2130 1277 2167 Non
1298 2124 1416 2166 solum
1427 2139 1599 2177 corpore,
1620 2124 1682 2167 sed

324 2191 500 2230 cessitate.
557 2187 632 2226 Hic
651 2186 767 2225 etiam
787 2183 908 2224 lubens
921 2184 977 2223 di-

321 2250 390 2293 xit,
413 2243 517 2296 quod
539 2242 601 2288 est,
619 2241 812 2281 lubenter.
867 2244 915 2282 D.

381 2307 492 2342 Vnus
534 2312 557 2338 e
591 2297 749 2346 nostris,
797 2309 885 2349 opus
918 2295 977 2347 est.

324 2361 441 2401 Certe
451 2357 672 2396 alterutrum
682 2354 897 2408 legendum
910 2352 974 2401 est,

323 2425 387 2455 aut
406 2425 493 2465 opus
516 2410 682 2463 estfiire,
703 2421 765 2449 aut
785 2421 882 2461 opus
897 2406 982 2448 sunt

312 2471 418 2523 scir-t,
433 2468 634 2509 §Posterius
654 2467 790 2518 placet.
847 2469 888 2505 Β.

383 2540 397 2567 1
432 2528 539 2563 Haec
556 2521 669 2561 scena
679 2521 876 2561 confilium
889 2529 979 2559 con·-

322 2584 421 2623 tinet
440 2579 697 2632 personarum,
723 2577 770 2617 ad
790 2590 880 2630 quas
898 2591 977 2616 ma-

1028 2185 1144 2224 etiam
1165 2185 1296 2234 animo
1316 2193 1510 2235 portamus
1529 2192 1604 2220 tam
1615 2181 1683 2221 bo-

969 2251 972 2256 ·
1027 2254 1088 2286 na,
1112 2253 1225 2291 quam
1243 2239 1353 2278 mala.
1408 2239 1470 2278 Sic
1490 2237 1591 2286 alibi,
1621 2239 1683 2277 Ne

1027 2297 1119 2351 quid
1140 2297 1282 2335 Andria
1291 2307 1459 2346 apportet
1473 2293 1573 2333 mali.
1602 2296 1652 2334 D.

1081 2352 1138 2390 Di
1165 2351 1273 2401 boni,
1318 2351 1408 2389 boni
1434 2350 1527 2402 quui
1546 2349 1681 2405 porto]

1028 2410 1137 2447 Haec
1167 2406 1279 2446 scena
1296 2405 1595 2457 conie'fturalqm
1615 2404 1683 2445 sta·

1026 2475 1115 2508 tum
1128 2474 1245 2504 tenet.
1292 2466 1495 2510 Praeterea
1513 2474 1682 2512 cqnque-

1025 2522 1141 2568 ritur,
1179 2534 1228 2558 an
1257 2520 1364 2558 Simo
1392 2530 1500 2556 veras
1530 2518 1682 2568 nuptias

1024 2575 1070 2615 fit
1106 2575 1223 2616 hodie
1246 2574 1420 2615 fafiiurus.
1477 2575 1599 2613 Huius
1624 2573 1682 2612 rei

1571 2641 1681 2681 argu-
