1815 3168
316 121 411 154 200

693 105 849 150 ACT.
883 103 959 150 IV.
1001 100 1192 147 SCEN.
1222 101 1301 148 IV.

355 250 414 299 35
453 237 583 280 Suam
611 244 785 293 gnatam
806 248 896 277 non
921 228 1061 275 dabit:
1095 237 1216 275 tanto
1237 226 1382 274 hercle
1402 207 1540 288 magis
1554 223 1686 275 dabit.

457 305 569 356 CH.
609 313 718 354 Non
757 306 903 352 hercle
938 304 1076 351 faciet.
1122 300 1283 349 DAV.
1318 319 1438 350 nunc
1472 302 1602 356 adeo,
1641 313 1689 349 vt

557 395 605 431 tu
633 381 684 428 fis
708 382 856 433 sciens,

456 458 552 508 Nisi
576 474 765 522 puerum
786 456 916 507 tollis,
937 456 1024 500 iam
1048 467 1131 512 ego
1155 454 1274 499 hunc
1296 454 1342 499 in
1366 451 1556 499 mediam
1579 453 1692 499 viam

399 585 407 594 ,
457 534 738 584 Prouoluam,
763 542 893 594 teque
912 528 1075 577 ibidem
1096 528 1356 592 peruoluam
1377 531 1424 574 in
1447 528 1558 574 luto.

464 610 568 658 MY.
599 613 676 654 Tu
697 606 786 672 pol,
810 607 963 655 homo,
985 620 1075 651 non
1099 621 1143 649 es
1165 602 1347 650 sobrius.
1380 600 1513 649 DAV.
1533 602 1695 649 fallacia

363 701 432 749 40
465 685 560 731 Alia
589 684 713 729 aliam
733 681 882 728 trudit.
921 682 1007 726 iam
1030 677 1232 726 susurrari
1255 678 1397 732 audio,

467 763 622 808 Ciuem
647 761 833 805 Atticam
856 753 938 804 effe
957 756 1086 807 hanc.
1123 750 1231 802 CH.
1267 750 1393 804 Eho!
1431 749 1481 801 D
1499 765 1533 799 A
1547 765 1595 799 v.
1627 768 1698 800 eo·

565 832 685 881 affius
709 831 880 894 legibus

337 1050 452 1086 μησιςι
483 1034 613 1074 transit
635 1035 741 1074 enim
768 1048 789 1073 a
806 1033 928 1072 mixto
947 1030 997 1071 ad

339 1092 571 1133 imitatiuum
584 1090 850 1130 charasterem.
883 1088 996 1129 Chre·

340 1164 426 1197 mes,
434 1146 476 1199 fi
486 1148 638 1200 positum
652 1146 821 1200 puerum]
851 1151 997 1194 μίμησις,

341 1204 501 1258 quando
536 1205 664 1255 aliqua
693 1202 809 1243 verba
838 1201 885 1240 fic
916 1213 1000 1251 pro-

344 1262 573 1300 nunciamus
595 1290 605 1309 ,
656 1269 696 1299 vt
721 1256 819 1299 Vana
846 1256 1001 1298 videan-

345 1330 413 1358 tur.
478 1318 525 1355 D.

398 1377 506 1424 Lege
527 1370 739 1425 appofi’tum.
799 1373 841 1410 Β.

402 1433 454 1481 36
486 1431 577 1468 Non
595 1427 713 1467 hercle
723 1426 863 1480 finiet]
893 1427 1003 1466 Bene

347 1486 456 1525 enim
486 1486 536 1525 de
563 1483 601 1524 se
624 1485 776 1524 tertiam
803 1479 1003 1533 personam

345 1540 452 1590 fecit,
475 1551 517 1582 ⁴vt
540 1539 660 1592 supra,
688 1542 743 1579 At
761 1537 1001 1589 nuncfhciet.

347 1598 400 1638 Vt
426 1612 468 1636 tu
488 1597 541 1650 sis
566 1596 706 1649 fiiens]
744 1596 1006 1646 Eloquenter;

348 1653 397 1693 fic
416 1655 526 1694 enim
552 1663 700 1693 veteres
733 1664 803 1703 pro
822 1651 925 1701 scias
949 1649 1006 1689 di-

351 1723 457 1750 xere.
516 1712 566 1750 D.
782 1719 784 1721 ’

402 1767 515 1806 Nunc
548 1765 637 1804 adeo
666 1775 710 1802 vt
738 1775 778 1802 tu
795 1759 847 1813 fis
866 1759 1006 1814 sciens]

350 1824 549 1873 Quoniam
570 1821 701 1860 omnia
719 1831 820 1870 quae
837 1817 1011 1856 indican—

349 1879 400 1918 da
411 1877 578 1926 fuerant,
601 1873 786 1928 patefak'ta
797 1872 882 1912 sunt
893 1872 1008 1913 Chre·

349 1936 457 1981 meti,
478 1947 570 1972 vere
593 1934 758 1984 imperat
781 1930 1008 1976 etminatur,

350 2001 392 2029 vt
411 2004 575 2042 puerum
596 1988 642 2027 ab
659 1985 819 2026 aedibus
849 1982 1008 2024 auferar.

349 2047 432 2086 Sed
467 2048 564 2087 haec
597 2044 722 2083 omnis
753 2042 874 2081 oratio
904 2038 1010 2092 supe-

350 2103 429 2142 rior
448 2101 543 2141 illud
564 2101 655 2153 egit,
680 2109 719 2137 vt
736 2098 784 2137 ad
803 2096 1011 2136 disturban-

1589 907 1699 951 Eam

1044 1032 1084 1070 in
1103 1029 1200 1086 luto]
1227 1032 1293 1072 De
1321 1030 1496 1080 proximo
1524 1026 1702 1075 παρόμοιον

1045 1087 1199 1138 repetit.
1260 1088 1308 1126 'Et
1343 1085 1501 1135 quando
1541 1084 1702 1123 nomina

1046 1141 1144 1191 sunt,
1163 1147 1405 1188 παρονομασία5
1435 1139 1592 1191 quando
1621 1152 1702 1178 vel·-

1047 1198 1108 1248 ba,
1129 1196 1307 1245 παρόμοιον
1324 1196 1494 1247 (dicitur,
1516 1196 1618 1235 ref‘te
1639 1193 1705 1234 ad·

1049 1255 1105 1295 dit
1143 1253 1262 1294 West‚
1310 1251 1353 1291 Z.
1364 1254 1394 1304 ).
1469 1250 1705 1304 Peruoluam]

1049 1310 1095 1352 Id
1114 1309 1178 1358 est,
1213 1323 1326 1360 porro
1347 1308 1515 1348 voluam.
1548 1345 1550 1349 ,
1572 1310 1618 1348 Et
1638 1306 1707 1346 do·

1048 1368 1088 1407 lo
1119 1366 1279 1418 quidem
1304 1365 1489 1412 minatur,
1519 1363 1624 1415 quod
1652 1358 1708 1402 sa-

1052 1424 1178 1462 &urus
1207 1435 1289 1461 non
1309 1421 1381 1461 est:
1398 1433 1545 1463 ,verum
1573 1416 1708 1458 sedulo

1051 1478 1092 1518 id
1110 1479 1214 1532 agit,
1242 1478 1374 1522 vtiam
1400 1489 1498 1529 puer
1515 1476 1666 1514 tollatur
1685 1486 1709 1514 e

1051 1534 1204 1575 medio:
1234 1533 1340 1574 fimul
1360 1530 1710 1572 eumseruatChrc.

1052 1591 1158 1639 meti,
1179 1601 1218 1630 vt
1235 1587 1316 1642 ipse
1333 1586 1480 1628 recuset
1505 1600 1707 1641 generum,

1053 1660 1138 1687 non
1165 1657 1204 1684 vt
1232 1660 1254 1685 a
1282 1658 1480 1697 quoquam
1509 1641 1632 1696 pass'us
1660 1643 1711 1682 vi-

1056 1704 1192 1744 deatur
1210 1702 1399 1740 iniuriam.
1453 1702 1502 1740 D.

1112 1769 1165 1811 39
1194 1757 1249 1796 Tu
1271 1757 1335 1810 pol
1358 1757 1464 1797 homo
1493 1769 1568 1794 non
1594 1768 1628 1793 es
1644 1755 1712 1805 so-

1058 1814 1182 1869 brius]
1217 1812 1378 1860 Sobrius,
1395 1811 1452 1851 est
1472 1809 1586 1850 sanae
1601 1824 1714 1850 men-

1059 1872 1118 1919 tis,
1143 1868 1245 1922 quafi
1264 1869 1433 1920 febrim,
1463 1867 1536 1906 hoc
1556 1865 1629 1915 est,
1662 1866 1710 1905 ab

1058 1926 1168 1966 ebrio
1187 1922 1389 1976 separatus,
1415 1921 1590 1970 secretus,
1611 1919 1713 1972 sepa·

1056 1992 1158 2021 ratus
1194 1980 1241 2018 ab
1277 1980 1323 2019 iis
1349 1980 1416 2031 qui
1450 1976 1715 2018 discernuntur

1058 2035 1148 2090 (Ms.
1171 2034 1290 2077 Hulst.
1322 2047 1363 2075 et
1393 2034 1483 2075 edd.
1517 2045 1608 2075 vett.
1637 2037 1714 2076 Ve-

1059 2103 1178 2134 netae
1199 2092 1359 2132 melius:
1391 2091 1462 2130 hoc
1475 2089 1530 2141 est,
1548 2091 1596 2131 ab
1609 2089 1712 2130 ebrio

353 2159 420 2198 das
439 2159 593 2210 nuptias
616 2154 807 2206 Pamphili
827 2164 935 2205 pater
947 2151 1012 2191 do·
1048 2150 1264 2203 fiparatus.
1296 2161 1339 2187 vt
1365 2145 1549 2191 secretus,
1577 2145 1623 2187 ab
1651 2149 1715 2197 iis,

354 2225 519 2261 meretur,
543 2224 580 2252 et
598 2224 703 2251 amor
715 2208 1011 2248 commendare-

352 2283 414 2310 tur
438 2267 728 2312 tantumm0d03
759 2279 842 2304 non
869 2275 1011 2313 tamen,

352 2338 394 2367 vt
423 2327 586 2365 omnino
604 2322 790 2364 Chremes
813 2319 852 2361 se
882 2320 1013 2360 crede-

354 2393 413 2423 2·et
434 2378 657 2434 expulsum.
711 2381 754 2418 E.

410 2450 464 2493 37
493 2439 540 2478 In
567 2436 723 2476 mediam
749 2436 844 2473 viam
862 2432 1014 2487 prouol-

351 2496 456 2549 mam]
496 2497 607 2534 Bene
643 2493 681 2530 in
707 2490 861 2530 mediam
889 2492 1014 2529 viam:

354 2554 443 2602 quia
480 2561 572 2589 ante
607 2547 711 2587 fores
746 2545 890 2600 pofitus
917 2548 1014 2585 iace-

354 2607 431 2646 bat.
490 2609 538 2646 D.

408 2669 460 2718 38
500 2663 616 2715 Teque
645 2657 779 2701 ibidem
804 2656 1015 2712 peruoluam

1061 2219 1151 2260 quae
1172 2203 1458 2257 dzscernuntur).
1509 2205 1561 2247 D.

1116 2273 1171 2315 40
1208 2259 1368 2300 Fallacia
1402 2261 1474 2300 alia
1499 2260 1610 2299 aliam
1636 2271 1714 2299 tru-

1059 2317 1136 2372 dit]
1169 2316 1431 2365 prouerbium,
1453 2316 1514 2355 cui
1533 2313 1714 2364 subiacet,

1060 2387 1251 2414 memorem
1284 2373 1487 2430 mendacem
1522 2370 1582 2424 esse}
1610 2383 1716 2425 opor-

1061 2444 1148 2471 tere.
1205 2432 1254 2470 D.

1117 2497 1168 2540 41
1204 2477 1327 2525 Cincin
1351 2485 1503 2524 atticam
1524 2483 1584 2535 effi
1604 2482 1717 2538 hanc]

1061 2541 1211 2582 Tranfit
1230 2540 1276 2580 ad
1297 2541 1569 2580 imitationem.
1611 2539 1716 2594 Eho]

1062 2597 1283 2639 Interiefflo
1302 2597 1355 2638 est
1374 2595 1621 2638 conturbatae
1637 2609 1716 2637 mu-

1063 2654 1178 2696 lieris.
1234 2655 1283 2696 D.
