1815 3168
493 157 592 221 'DE
628 171 997 220 THEATRo.
1290 184 1422 215 zm

75 309 219 341 nomen
237 294 374 337 sumsit.
430 295 515 335 Fuit
534 303 661 334 autem
681 288 889 338 eiusmodi,
918 301 956 330 vt
974 291 1013 329 in
1037 301 1102 338 ea,
1131 289 1308 342 quamuis
1327 288 1424 328 duro

74 368 114 397 et
130 352 263 407 agresti
284 353 391 398 ioco,
423 361 552 391 tamen
574 350 663 389 vitia
684 348 909 394 hominum,
938 346 1019 388 fine
1040 348 1115 385 vllo
1137 346 1281 399 proprii
1302 345 1426 384 nomi·

73 413 131 452 nis
149 409 277 457 titulo,
303 418 572 458 carperentur,
606 416 726 456 atque
743 417 813 457 per
830 401 993 457 scirpos,
1022 413 1061 441 et
1079 403 1319 454 aenigmata,
1348 415 1426 439 ma—

73 478 174 522 gnae
193 478 252 505 res
274 461 590 504 describerentur.
645 461 688 502 ld
708 475 798 501 vero
819 473 944 512 genus
965 458 1131 499 Fabulae
1149 457 1278 496 multis
1301 456 1428 496 obfuit

71 523 205 571 Poetis,
225 534 343 572 quum
360 520 401 558 in
421 517 679 569 suspicionem
700 515 922 567 potentibus
943 514 1090 555 ciuibus
1103 511 1301 561 venissent,
1322 512 1428 564 quod

74 580 223 620 illorum
248 575 347 621 facia
374 572 644 627 descripsiffent
671 574 713 613 in
741 573 869 624 peiuS‚
898 584 940 613 ac
968 567 1242 611 desei-maffent
1261 568 1428 608 Fabulae

74 647 195 691 genus
213 632 298 671 stilo
323 631 514 670 carminis.

181 688 265 729 Post
296 687 489 727 exoletam
515 688 687 740 Satyram
717 685 926 723 inuentum
958 682 1012 722 est
1037 697 1059 720 a
1086 682 1212 722 Poetis
1241 679 1347 721 aliud
1366 682 1431 720 Fa-

72 747 191 786 bulae
217 757 363 798 genus,
395 755 493 794 quae
513 742 707 782 Comoedia
734 753 830 779 noua
858 739 956 780 dicta
985 739 1049 779 est.
1105 743 1160 781 Ea
1180 748 1260 776 erat
1279 736 1432 782 Fabula,

74 803 279 841 continens
299 801 513 851 imaginem
531 797 704 837 ciuilium
725 810 767 837 ac
787 796 1021 849 priuatarum
1040 807 1187 834 rei-um:
1219 806 1295 844 qua
1316 790 1434 831 disce-

74 858 200 906 batur,
233 856 325 907 quid
345 853 438 895 effer
454 855 496 894 in
518 856 594 893 vita
613 854 723 898 vtile,
755 851 847 904 quid
867 850 1104 891 euitandum.
1161 849 1277 890 Vnde
1297 850 1350 886 ait
1368 848 1434 888 Ci-

74 928 184 962 cero,
210 911 467 954 comoediam
487 908 565 949 effe
581 910 841 950 imitationem
861 908 978 958 vitae,
1007 904 1205 959 speculum
1235 903 1434 945 consuetu-

77 970 176 1012 dinis
194 1000 202 1017 ,
232 969 446 1022 imaginem
464 967 643 1007 veritatis.

186 1026 332 1064 Nomen
355 1022 473 1062 habet
495 1021 709 1068 Comoedia,
741 1020 802 1060 vel
825 1034 845 1058 a
863 1020 1001 1067 como,
1032 1021 1119 1058 Deo
1140 1015 1436 1062 comessationis,

77 1082 139 1122 vel
158 1081 205 1120 ab
227 1094 274 1121 eo
294 1079 399 1132 quod
425 1079 591 1130 primum
613 1074 870 1118 Athenienses
898 1089 969 1128 per
997 1076 1099 1114 vicos
1125 1072 1250 1114 adhuc
1283 1070 1438 1124 disperii

77 1151 127 1177 ex
146 1136 322 1176 omnibus
333 1136 426 1176 locis
446 1134 537 1177 laeti
555 1130 773 1185 alacresque
782 1130 1093 1171 conueniebant:
1123 1129 1259 1183 ibique
1278 1129 1438 1170 rudibus

80 1206 118 1234 et
145 1194 297 1233 incultis
323 1190 485 1232 versibus
515 1191 800 1241 potentiorum,
829 1189 1075 1238 aliorumque
1104 1187 1198 1226 item
1227 1185 1437 1225 hominum

80 1252 171 1291 vitia
198 1249 430 1289 nominatim
458 1246 780 1300 pei-stringebant.
837 1247 997 1285 Nomen
1015 1240 1159 1283 autem
1190 1241 1440 1293 compositum

82 1306 151 1346 ᾶπδ
171 1309 216 1344 τέ
233 1309 394 1352 κωμάζειν
412 1311 465 1341 καὶ
485 1301 584 1351 ᾅδειν.
639 1305 685 1341 In
707 1299 872 1350 summa,
901 1299 1120 1342 Comoedia
1139 1299 1191 1337 est
1213 1302 1350 1338 poema
1372 1295 1438 1337 sub

84 1362 298 1403 imitatione
322 1361 421 1399 vitae
440 1372 482 1398 ac
502 1358 750 1397 similitudine
777 1356 1052 1409 compositum,
1084 1356 1124 1393 in
1152 1354 1260 1407 gestu
1290 1366 1330 1394 et
1354 1368 1443 1405 pro-

86 1417 339 1459 nunciatione
367 1413 583 1455 confistens.
640 1417 685 1453 In
712 1426 758 1451 ea
787 1412 1001 1452 mediocres
1020 1409 1198 1450 fortunae
1220 1409 1440 1458 hominum,

87 1474 192 1528 parui
212 1474 398 1524 impetus,
428 1470 599 1521 pericula
619 1468 864 1519 quotidiana,
897 1467 1118 1507 turbulenta
1136 1467 1338 1518 principia,
1366 1467 1443 1504 lae-

89 1532 199 1583 tique
220 1527 376 1567 fuerunt
396 1526 540 1576 exitus,
569 1535 608 1564 et
627 1523 710 1564 fic'ia
727 1531 966 1577 argumenta.
1023 1522 1157 1562 Caruit
1175 1535 1332 1573 quoque
1354 1521 1444 1562 cho·

90 1601 133 1626 ro
155 1598 256 1624 noua
277 1581 508 1628 Comoed1a‚
536 1590 666 1620 contra
691 1593 805 1631 quam
823 1583 960 1627 Vetus,
987 1578 1251 1632 paulatimque
1270 1576 1448 1629 persona·

91 1656 176 1683 rum
202 1651 367 1678 numero
394 1639 436 1676 in
463 1637 636 1689 quinque
654 1637 768 1676 Anus
794 1635 989 1687 processit:
1019 1633 1123 1684 quod
1145 1645 1237 1673 tunc
1257 1646 1375 1684 quum
1395 1633 1445 1675 ad

91 1708 265 1739 cantores
293 1693 340 1732 ab
360 1693 561 1733 Adiosibus
590 1690 768 1731 tranlibat
795 1690 956 1738 Fabula,
984 1687 1230 1739 consurgeret
1257 1698 1297 1727 et
1323 1689 1446 1731 abiret

91 1753 265 1808 populus.
319 1752 365 1789 In
393 1761 438 1786 ea
465 1749 581 1789 etiam
608 1745 855 1799 personarum
881 1744 1146 1787 ornatus'alius
1169 1746 1354 1786 inuentus
1375 1746 1443 1795 est,

90 1809 215 1867 pallia,
234 1803 341 1849 socci,
361 1815 400 1844 et
416 1803 456 1843 id
477 1815 601 1857 genus
619 1813 779 1842 caetera.

201 1861 285 1902 Post
313 1874 456 1900 nouam
477 1858 734 1902 Comoediam
757 1857 882 1898 Latini
907 1857 1028 1897 multa
1046 1856 1273 1899 Fabularum
1301 1869 1450 1912 genera

91 1920 347 1975 protulerunt,
372 1929 473 1967 quae
494 1927 622 1955 tamen
644 1909 886 1957 Comoedi‘ae
906 1913 1145 1954 dicebamur.
1207 1913 1365 1968 Togatas
1385 1927 1452 1966 vo·x

93 1977 233 2018 cabant
261 1988 282 2015 a
309 1970 463 2013 scenicis
492 1971 752 2019 indumentis,
784 1983 884 2022 quae
903 1972 1114 2011 Romanam
1135 1980 1266 2022 togam
1292 1981 1385 2020 prae
1410 1967 1450 2008 se

93 2031 299 2079 ferebant,
328 2039 367 2070 et
387 2027 434 2068 ab
453 2027 691 2081 argumentis
721 2027 888 2073 Latinis3
918 2027 1179 2066 Praetextatus
1208 2039 1231 2064 a
1257 2024 1451 2078 dignitate

94 2100 134 2129 et
153 2086 285 2126 vestitu
314 2082 584 2137 personarum,
614 2093 654 2124 et
679 2084 812 2124 Latina
830 2081 1006 2122 historia:
1035 2082 1226 2123 Atellanas
1253 2078 1302 2119 ab
1324 2082 1454 2121 Atella

97 2142 282 2185 Oscorum
302 2136 476 2188 ciuitate,
508 2139 572 2181 vbi
589 2139 778 2180 inuentae
796 2138 997 2180 dicuntur:
1027 2150 1097 2180 eae
1120 2135 1254 2177 salibus
1275 2134 1452 2192 consper-

96 2200 159 2242 sae
176 2209 306 2246 erant,
337 2210 380 2237 ac
398 2197 491 2238 iocis
509 2194 758 2250 compositae,
789 2194 831 2234 in
859 2192 897 2234 se
925 2208 1008 2233 non
1035 2193 1226 2232 habentes
1244 2192 1313 2234 nifi
1335 2206 1454 2234 venu-

100 2257 190 2298 stam
219 2253 470 2307 elegantiam:
499 2252 630 2304 quales
653 2249 742 2292 sunt
766 2251 986 2293 Plautinae:
1014 2250 1268 2299 Rhyntoniccze
1286 2250 1454 2290 Comoe-

102 2313 190 2352 diae
215 2311 338 2351 diclae
365 2309 412 2348 ab
441 2308 602 2349 aucloris
629 2308 814 2349 nomine:
857 2306 1130 2353 Tabernariae,
1164 2305 1210 2344 ab
1238 2304 1455 2347 humilitate

102 2367 320 2422 argumenti
351 2376 392 2404 et
416 2364 509 2413 stili3
539 2362 721 2404 Palliatae
751 2361 798 2403 ab
821 2362 953 2403 habitu
973 2374 1012 2403 et
1040 2372 1274 2415 argumento
1291 2363 1455 2401 Graeco.

103 2427 241 2472 Mimi,
271 2422 317 2462 ab
352 2421 619 2462 inuerecunda
643 2420 858 2460 imitatione
886 2420 1019 2459 vilium
1060 2431 1206 2464 rerum,
1237 2428 1276 2458 et
1308 2418 1457 2458 leuium

105 2479 367 2533 personarum.
421 2477 636 2530 Planipedia
663 2488 818 2529 quoque
837 2474 1055 2517 Comoedia
1081 2474 1199 2522 dieta,
1226 2474 1276 2512 ob
1305 2472 1460 2514 humili·

108 2547 224 2576 tatem
253 2534 492 2588 argumenti,
519 2546 562 2573 ac
590 2533 776 2574 vilitatem
804 2533 1010 2579 Acfforum,
1042 2531 1108 2582 qui
1136 2543 1218 2570 non
1251 2529 1458 2580 cothurno,

105 2603 173 2631 aut
199 2589 305 2630 socco
335 2589 542 2630 vtebantur
568 2590 609 2644 in
636 2591 777 2635 Scena‚
808 2598 874 2628 aut
900 2588 1070 2641 pulpito,
1102 2583 1167 2626 sed
1195 2587 1313 2639 plano
1335 2585 1460 2638 pede:

114 2648 172 2687 vel
197 2647 305 2696 ideo,
336 2646 438 2699 quod
465 2659 546 2686 non
575 2659 622 2686 ea
649 2644 812 2699 negotia
836 2646 1053 2694 contineat,
1081 2655 1180 2697 quae
1208 2640 1463 2698 personarum

774 2713 798 2741 e
827 2711 851 2752 5
1418 2707 1464 2737 m
