1815 3168
365 166 495 197 2111
608 149 884 196 VICTOR
920 153 1006 196 DE
1046 153 1452 203 COMOEDIA:

307 304 312 305 γ
363 271 437 308 tius
466 268 571 320 quod
596 269 742 322 plebeii
771 268 920 322 semper
942 273 1077 311 innato
1101 273 1194 312 odio
1221 275 1400 325 patricios
1426 274 1721 329 prosequuntur.
1753 315 1758 323 ,

363 327 523 368 Etenim
552 329 797 378 praepotenti
828 341 978 366 morem
1012 330 1158 379 populo
1191 342 1396 381 gerentes,
1430 345 1469 372 et
1505 334 1649 374 iudices
1683 348 1724 376 et

363 393 561 435 praetores
580 383 791 422 maledictis
810 381 987 422 insectari
1004 384 1170 424 minime
1186 385 1434 427 dubitabant:
1466 403 1506 428 ac
1526 390 1648 430 nihilo
1668 389 1725 432 se·

364 439 445 477 cius
481 440 665 489 priuatos,
692 437 717 476 fi
741 439 824 489 quis
851 439 912 477 vel
938 452 1093 486 auarus,
1120 441 1179 480 vel
1206 442 1376 493 impurus
1405 442 1482 485 efl'e
1507 447 1722 488 videretur:

362 494 610 545 maximeque
629 494 785 533 dabatur
803 495 925 543 laudi,
956 493 981 534 fi
1004 498 1123 534 Poeta
1144 494 1330 550 quispiam
1351 512 1374 538 e
1395 499 1518 541 Scena
1538 504 1722 555 grauiori-

361 549 452 599 bus,
481 563 524 589 ac
546 551 664 602 plene
683 547 867 589 censoriis
886 550 1010 590 verbis
1040 552 1082 590 id
1107 565 1233 605 genus
1255 552 1453 605 homines,
1484 559 1601 597 veluti
1621 560 1722 598 iacu-

358 607 407 646 lis
425 604 660 645 confecifl'et.
717 608 803 645 Hoc
822 620 994 658 namque
1012 608 1123 653 multi
1143 607 1354 649 domestico
1375 611 1514 660 probro
1533 614 1635 666 quasi
1657 616 1721 655 fla-

358 663 465 716 gello
482 662 651 713 quodam
669 662 794 700 vexati
808 692 817 710 ,
856 676 946 703 cum
963 677 1092 703 mores
1111 666 1339 716 praeteritos
1356 678 1525 718 mutare,
1556 681 1635 710 tum
1652 672 1720 711 -vel

358 715 439 757 effe
470 717 594 770 frugi,
634 717 695 756 vel
724 715 854 758 saltem
881 733 1070 771 apparere
1097 721 1360 774 cogebantur:
1399 736 1452 764 ne
1480 724 1612 765 denuo
1640 725 1720 767 sese

357 774 459 813 male
485 784 689 827 gerentes,
719 775 820 813 male
846 774 1063 816 identidem
1092 777 1289 817 audirent:
1319 779 1426 818 cuius
1451 782 1508 819 rei
1536 795 1718 824 numeros

359 843 499 869 omnes
517 830 697 870 Cratinus
718 829 856 870 dicitur
872 830 1109 883 impleuifl'e:
1141 834 1287 885 quippe
1316 836 1475 874 caeteris
1501 837 1718 879 austeritate

356 885 564 940 praestans,
593 885 829 926 acerbissima
849 888 973 941 iurgia
993 891 1204 939 procaciter
1223 888 1444 942 exspuebat.
1500 894 1582 932 Hac
1597 895 1718 934 etiam

356 944 398 981 in
426 953 532 993 parte
563 941 688 981 bonus
717 943 784 982 ille
804 943 1082 997 Aristophanes
1100 959 1183 984 non
1209 946 1443 987 dormitauit.
1498 949 1590 989 Eius
1611 952 1718 990 enim

355 996 507 1049 Vespae
542 997 703 1044 Fabula,
739 1011 931 1050 quotquot
966 1012 1077 1041 erant
1093 1002 1395 1056 *cSycophantaQ
1427 1017 1524 1055 quos
1558 1006 1718 1057 quidem

352 1052 437 1106 ipse
462 1065 570 1094 vocat
601 1056 764 1103 sivi-«amc,
793 1054 882 1095 fecit
913 1055 959 1095 ab
990 1058 1147 1109 incepto
1177 1057 1377 1106 desistere,
1407 1073 1483 1112 quo
1511 1061 1616 1100 inter
1634 1075 1717 1102 cae-

350 1122 434 1151 tera
450 1109 631 1150 facinore'
645 1121 793 1150 tanturn
812 1113 971 1164 placuit,
1002 1124 1041 1152 vt
1061 1115 1253 1167 oleagina,
1284 1129 1385 1166 quae
1410 1130 1479 1168 par
1499 1115 1553 1155 est
1571 1131 1714 1157 aureae

349 1179 540 1215 coronae,
569 1166 790 1207 donaretur.
847 1169 1007 1210 Deinde
1024 1169 1214 1210 labefactis
1238 1173 1370 1222 populi
1401 1171 1561 1221 viribus,
1592 1187 1712 1224 quum

348 1220 494 1262 scilicet
520 1224 731 1273 imperium
758 1223 806 1262 ad
836 1238 976 1276 paucos
1003 1227 1167 1265 omniuo
1206 1224 1416 1276 recidisset,
1453 1229 1558 1267 nulla
1584 1231 1712 1270 Poetis

348 1280 514 1330 amplius
533 1279 658 1318 libere
681 1280 870 1331 loquendi
888 1280 1044 1321 facultas
1063 1281 1368 1331 concedebatur,
1398 1281 1462 1322 sed
1484 1297 1631 1336 poenas
1650 1285 1713 1324 da-

347 1348 391 1374 re
416 1336 695 1387 potentioribus
722 1334 876 1375 necesse
903 1348 999 1385 erat,
1030 1337 1055 1376 fi
1085 1340 1168 1390 quis
1190 1339 1251 1377 vel
1269 1339 1474 1377 minimum
1493 1337 1586 1378 effet
1605 1340 1713 1392 oblof

347 1402 500 1443 quutus.
558 1391 666 1430 Idem
698 1392 805 1430 enim
825 1392 1120 1442 Aristophanes,
1149 1394 1481 1445 quemadmodum
1506 1395 1548 1433 in
1568 1395 1712 1435 Achar-

345 1446 529 1486 nenfibus
547 1447 688 1487 Fabula
706 1447 757 1485 de
778 1445 814 1486 se
832 1445 912 1499 ipse
931 1449 1130 1498 meminit,
1161 1450 1336 1501 quinque
1361 1450 1592 1490 talentorum
1614 1453 1710 1491 mul-

346 1514 424 1542 tam
446 1500 641 1554 perpessus
661 1502 736 1551 est,
764 1515 968 1554 propterea
996 1505 1102 1557 quod
1125 1506 1286 1547 Cleonis
1312 1503 1507 1546 cuiusdam
1525 1520 1574 1547 ex
1593 1506 1710 1549 Athe-

347 1558 537 1599 niensium
568 1559 813 1611 optimatibus
841 1561 1115 1612 impotentiam
1142 1573 1182 1603 et
1209 1563 1430 1614 peculatum
1463 1575 1532 1613 per
1548 1565 1711 1614 Equites

344 1615 528 1658 Fabulam
549 1614 738 1663 detegere
756 1628 973 1656 conaretur.
1029 1619 1187 1659 Etenim
1216 1619 1273 1657 illi
1299 1618 1399 1658 adeo
1422 1617 1496 1658 fuit
1522 1618 1708 1669 infensus,

343 1683 386 1711 vt
410 1672 597 1721 quoniam
625 1671 673 1709 ab
701 1671 842 1723 opifice
869 1670 1073 1722 personam
1099 1675 1239 1714 Cleoni
1265 1674 1426 1713 similem
1454 1674 1598 1714 babere
1623 1690 1707 1716 non

343 1724 488 1779 posset,
519 1726 586 1766 fibi
617 1727 739 1766 multo
768 1726 1001 1780 caeterisque
1027 1729 1066 1768 id
1089 1743 1215 1783 genus
1244 1728 1341 1769 fucis
1363 1731 1623 1771 concinnarit:
1654 1732 1709 1771 hi-

339 1780 624 1834 strionibusque
651 1796 742 1834 prae
769 1784 891 1823 nimio
916 1796 1024 1824 metu
1056 1798 1080 1825 e
1098 1788 1224 1825 Scena
1254 1786 1412 1838 prodire
1437 1800 1519 1826 non
1536 1787 1711 1828 audenti-

342 1839 437 1888 bus,
474 1839 634 1879 Cleonis
675 1838 876 1892 personam
912 1838 1011 1881 solus
1041 1855 1160 1895 agere
1187 1855 1266 1881 non
1297 1842 1493 1881 dubitarit.
1548 1845 1707 1896 Eupolis

340 1908 430 1934 vero
452 1908 634 1947 praeceps
661 1896 702 1935 in
724 1909 833 1936 mare
856 1896 966 1936 datus
985 1897 1060 1947 est,
1088 1911 1136 1937 eo
1163 1897 1267 1949 quod
1296 1900 1533 1950 potentiores
1561 1900 1707 1951 aliquot

340 1952 382 1991 in
410 1953 537 2003 Baptis
557 1952 698 1991 Fabula
724 1952 999 1994 momordisset.
1058 1956 1193 2005 Quum
1216 1955 1333 2008 igitur
1351 1953 1445 1995 haec
1464 1956 1706 1996 animaduer-

332 2017 466 2046 terent
491 2011 655 2055 Poetae,
690 2007 949 2048 decreuerunt
975 2009 1042 2049 fibi
1070 2010 1156 2050 fore
1184 2008 1333 2063 prorsus
1357 2025 1377 2049 a
1398 2011 1609 2051 maledictis
1629 2013 1703 2053 il-lis

337 2063 646 2116 temperandum.
706 2068 844 2116 ltaque
877 2066 948 2105 stili
976 2063 1108 2106 nasum
1138 2065 1189 2105 ob
1218 2067 1429 2107 imminens
1448 2068 1550 2106 vitae
1577 2067 1703 2109 discri-

336 2133 432 2160 men
455 2120 531 2158 alio
560 2132 859 2169 conuerterunt,
895 2125 1035 2162 Poema
1063 2120 1205 2162 scilicet
1232 2124 1418 2172 Homeri,
1453 2123 1511 2163 vel
1546 2125 1702 2165 alterius

336 2176 379 2215 in
396 2176 603 2216 ludibrium
625 2174 739 2228 saepe
757 2178 919 2229 quidem
948 2176 1132 2218 iniuriose
1156 2189 1371 2218 vertentes:
1402 2192 1565 2230 quorum
1584 2183 1702 2221 maxi-

335 2244 402 2271 me
420 2233 601 2274 Cratinus
629 2235 782 2274 Scenae
812 2235 1040 2287 populoque
1069 2238 1128 2285 (vt
1153 2237 1282 2286 aiunt)
1315 2233 1455 2274 seruire
1483 2236 1698 2279 contendit.

335 2291 507 2328 Nouerat
527 2289 633 2328 enim
653 2289 850 2342 (arbitror)
870 2290 910 2329 id
931 2291 1035 2343 quod
1059 2293 1098 2330 in
1120 2292 1296 2331 oratione
1324 2290 1375 2330 de
1394 2303 1539 2330 corona
1556 2294 1700 2332 Demo.

334 2343 488 2384 sthenes
516 2342 661 2394 asserit,
691 2343 769 2386 effe
796 2358 930 2387 natura
957 2342 1238 2400 comparan'm,
1283 2358 1322 2386 vt
1350 2346 1530 2386 homines
1558 2347 1700 2391 libenti

335 2401 468 2439 animo
506 2402 718 2441 calumnias
756 2404 921 2443 aliorum
961 2404 1093 2443 audire
1119 2405 1153 2443 vi
1184 2414 1330 2443 eantur.
1388 2401 1538 2456 Vlysses
1566 2405 1700 2457 itaque

334 2457 470 2508 plurali
491 2471 652 2497 numero
671 2460 852 2499 Fabulam
871 2460 999 2510 dedit,
1031 2473 1130 2513 quae
1149 2460 1264 2499 totius
1277 2456 1471 2512 Odyfl'eae
1491 2460 1701 2503 calumnia·

332 2525 435 2552 retur
454 2512 658 2553 historiam.
718 2515 993 2568 Aristophanes
1012 2523 1167 2569 quoque
1188 2516 1387 2568 postquam
1411 2512 1474 2554 suo
1486 2518 1588 2555 malo
1607 2531 1699 2558 con-

333 2579 387 2608 tra
416 2568 608 2608 stimulum
637 2571 760 2612 calces
787 2572 886 2612 nihil
911 2574 1039 2613 valere
1070 2570 1277 2618 didicisset,
1306 2573 1348 2611 in
1375 2572 1531 2611 alteram
1557 2571 1596 2612 se
1623 2574 1699 2615 for·

332 2638 435 2666 mam
455 2624 555 2678 quali
570 2626 755 2669 Protheus
774 2630 990 2681 conuertit,
1021 2630 1188 2687 Aeolum
1207 2627 1348 2670 scilicet
1366 2627 1547 2668 Fabulam
1565 2644 1586 2670 a
1605 2634 1698 2671 Tra-

1601 2701 1698 2742 greis
