1815 3168
657 179 953 230 ANDRIA.

1383 205 1476 252 205

248 312 395 362 Quem
414 306 574 356 video?
599 304 716 353 estne
749 307 821 353 hic
846 310 980 361 Crito,
1011 309 1209 357 sobrinus
1224 311 1481 376 Chrysidis?

246 387 289 429 Is
314 381 385 428 est.
423 385 515 429 CR.
552 399 578 427 o
601 380 751 445 Mysis,
772 383 899 428 salue.
940 381 991 428 M
1006 398 1048 432 Y.
1089 385 1225 432 saluos
1248 387 1314 441 sis,
1342 393 1478 438 Crito.

246 455 351 504 CR.
392 460 513 503 Itane
536 454 743 520 Chrysis?
780 453 909 506 hem!
946 456 1055 505 MY.
1090 477 1171 507 nos
1196 463 1374 524 quidem
1399 468 1478 531 pol

343 531 513 578 miseras
540 533 747 596 perdidit.

243 602 349 653 CR.
385 607 506 660 Quid
529 604 639 660 vos?
676 624 764 671 quo
784 605 916 687 pastu
936 604 1042 663 hic?
1068 610 1173 659 satin
1196 609 1350 661 reite?
1371 615 1478 663 MY.

339 682 472 728 nosne
488 683 508 729 ’ἰ
555 680 608 727 fic

152 775 212 808 10
245 762 306 806 Vt
325 758 515 821 quimus,
537 758 684 809 aiunt3
726 758 923 822 quandO,
937 770 985 807 vt
1007 760 1226 816 volumus,
1247 781 1340 811 non
1363 765 1478 815 licet.

111 932 173 981 fis,
192 933 353 983 dicatur,
387 937 486 974 Ecce
509 933 583 973 hie.
613 936 771 976 Percon-

114 993 226 1037 tatio,
258 1001 296 1028 vt
312 989 338 1028 fi
360 991 444 1041 quis
465 990 575 1039 dicat,
608 993 687 1032 Cur
707 992 771 1031 ad-

113 1047 296 1086 ulterium
315 1046 527 1085 commifisti
553 1048 680 1100 (leget
721 1050 770 1088 Vt

106 1103 239 1156 siquis
263 1102 377 1154 dicat,
399 1101 468 1143 Vbi
488 1102 635 1144 habitat
657 1105 771 1155 Chry-

103 1158 188 1212 sis?
217 1159 380 1207 dicatur,
407 1159 495 1197 Ecce
521 1159 600 1208 hic,
620 1171 771 1212 percon-

115 1218 211 1255 tatio
229 1213 288 1265 est.
323 1217 398 1253 Aut
409 1214 452 1267 fi
463 1218 543 1268 quis
564 1217 672 1266 dicat,
697 1218 772 1258 Cur

113 1270 339 1311 adulterium
366 1271 595 1323 commtfisti?
622 1270 699 1313 sub.
727 1272 772 1312 fi·

114 1329 258 1369 militer
282 1330 514 1376 percontatio
542 1331 631 1380 erit)
650 1329 671 1372 ‘3
718 1330 772 1369 Si-

114 1384 199 1424 mul
219 1383 333 1421 etiam
352 1382 526 1422 modeste
545 1395 584 1422 et
609 1395 769 1433 mature,

117 1450 158 1479 et
186 1439 236 1476 de
265 1435 304 1476 se
328 1436 427 1476 nihil
455 1439 771 1493 interrogaturus,

118 1495 252 1545 coepit
278 1507 300 1531 a
328 1492 615 1535 blandimentis.
671 1499 719 1536 D.

173 1550 245 1589 Sed
279 1562 367 1602 quos
394 1552 645 1606 perconter-2³]
684 1553 773 1591 Per·

117 1608 286 1646 contatio
307 1618 474 1656 namque
493 1606 545 1646 est
563 1608 665 1658 apud
685 1609 775 1647 Dia-

116 1663 272 1702 lefficos
292 1660 502 1711 inquiffiio,
528 1664 592 1700 cui
616 1662 771 1712 respon-

118 1719 233 1757 detur
255 1717 382 1763 aliter,
415 1729 528 1767 quam
557 1717 612 1756 est
635 1719 700 1757 illa
719 1733 776 1757 re-

115 1772 286 1825 sponfio:
317 1771 379 1810 vbi
413 1783 475 1811 aut
507 1772 552 1825 est
579 1776 774 1825 ponimus,

116 1841 184 1869 aut
209 1842 292 1867 non.
348 1831 454 1867 Haec
479 1830 584 1867 enim
614 1831 775 1869 interro-

115 1886 221 1940 gatio
261 1884 418 1923 dicitur:
476 1885 613 1924 Vidisti
655 1886 778 1934 homif

115 1944 240 1982 nem?
257 1936 466 1979 necefl‘ario
487 1939 778 1992 respondemus,
796 1981 799 1982 γ

114 2007 186 2037 aut
222 1996 320 2040 vidi,
364 2006 431 2034 aut
456 2010 548 2036 non.
605 2002 659 2038 At
682 2011 775 2037 vero

114 2052 362 2107 percontatio
398 2050 473 2091 est:
523 2051 599 2092 Vbi
629 2054 776 2094 habitat

117 2107 297 2161 Chrysis?
325 2107 415 2146 huic
441 2106 665 2161 responderi
692 2125 774 2149 non

117 2165 243 2219 potest
275 2174 339 2202 aut
365 2163 446 2213 Est,
480 2177 547 2204 aut
564 2167 679 2214 Non,
709 2165 774 2206 sed

118 2223 205 2269 Hic,
232 2221 324 2260 mic.
383 2224 427 2260 E.

176 2279 201 2317 6
245 2276 350 2327 Estne
375 2276 433 2314 hic
460 2277 569 2316 Crito
595 2276 775 2328 fibrinus

122 2332 338 2383 Chryfi'dis?
368 2330 520 2371 Sobrini
540 2332 628 2372 sunt
645 2331 775 2372 conso-

121 2386 323 2427 brinorum
361 2387 451 2427 filii:
489 2403 580 2428 nam
605 2389 654 2428 fic
683 2389 775 2428 dicit

121 2444 353 2485 Menander.
386 2456 518 2484 verum
547 2457 586 2484 vt
614 2445 680 2484 alii
707 2459 774 2497 pu·

122 2507 215 2546 tant,
240 2499 289 2538 de
305 2497 490 2540 sororibus
511 2502 607 2550 nati,
640 2511 682 2541 vt
705 2502 775 2540 lint

113 2553 276 2604 sobrini,
299 2555 399 2605 quafi
421 2554 595 2595 sororini.
653 2559 702 2596 D.

181 2622 207 2660 7
245 2610 372 2649 Saluu's
389 2611 441 2660 fik
467 2613 595 2666 Crito]
633 2613 776 2661 Solum,

123 2661 346 2704 affeueratio
372 2664 558 2708 salutantis
593 2667 664 2722 est,
694 2683 777 2710 nou

124 2720 227 2773 quali
244 2719 447 2774 responfio.
500 2727 551 2765 D.

1374 844 1477 888 CR.

878 941 899 984 8
932 937 1041 977 Itane
1061 935 1230 990 Chryfis?
1260 940 1356 995 hem]
1387 944 1480 982 Non

820 1005 925 1031 nunc
945 994 1168 1048 interrogat,
1197 994 1262 1035 sed
1281 996 1480 1037 commise-

821 1059 942 1088 ratur:
978 1060 1016 1088 et
1032 1051 1083 1089 ita
1103 1049 1331 1102 sequebatur
1359 1064 1398 1092 vt
1423 1053 1480 1092 di-

821 1116 936 1154 ceret,
962 1107 1089 1158 periit.
1122 1104 1188 1146 sed
1206 1110 1330 1163 magis
1359 1112 1482 1162 gemi-

821 1171 880 1199 tus
901 1162 1047 1215 (lege,
1088 1166 1247 1217 gemitu)
1284 1164 1482 1217 fignificat,

821 1217 926 1268 quod
951 1220 1078 1257 minus
1098 1218 1258 1261 dixerat.
1300 1221 1381 1261 Nos
1400 1225 1479 1275 qui-

821 1274 901 1312 dem
923 1276 992 1326 pol
1016 1275 1162 1326 mffi’ras
1183 1277 1371 1332 perdidit]
1402 1280 1481 1317 Hie

820 1330 1068 1383 intelligitur,
1104 1329 1217 1383 supra
1254 1329 1481 1374 subaudien-

822 1384 927 1433 dum,
947 1388 1074 1436 periit.
1133 1389 1239 1427 Nam
1256 1403 1325 1440 pro
1346 1392 1478 1441 periit,

823 1439 920 1479 haec
939 1440 1109 1492 reposuit
1119 1444 1298 1494 perdidit.
1356 1449 1407 1487 D.

877 1496 976 1535 Itan’
998 1498 1201 1552 ChUst5?]
1232 1501 1405 1540 Breuiter
1424 1502 1482 1541 in·

823 1554 1127 1605 tei-rogationem
1184 1554 1235 1595 de
1285 1555 1481 1610 Chrysidis

821 1619 945 1646 morte
972 1608 1104 1648 effecit
1125 1623 1211 1650 cum
1241 1611 1400 1652 dolorez
1430 1624 1483 1659 *et

825 1665 928 1702 reSte
954 1675 994 1703 et
1025 1665 1164 1704 ordine
1184 1668 1399 1718 requifiuit‚
1430 1683 1483 1709 au

825 1720 1052 1771 Glycerium
1095 1724 1326 1775 cognouerit
1372 1721 1484 1764 suum

825 1786 988 1826 patrem.
1032 1778 1130 1816 Nam
1149 1777 1313 1817 honeste
1330 1789 1485 1831 peteret

823 1830 1098 1878 hereditatem,
1125 1832 1152 1872 fi
1176 1835 1246 1873 illa
1277 1835 1354 1874 iarn
1386 1836 1484 1875 ciuis

821 1888 981 1940 rognita
997 1888 1182 1928 videatur.
1237 1894 1280 1931 E.

876 1947 1005 1997 Lege,
1044 1959 1112 1984 nos
1138 1945 1211 1999 pol
1242 1947 1404 2000 quidem,
1441 1957 1484 1987 vt

823 2010 890 2048 111,
916 2011 948 2048 1,
975 2012 1009 2041 1.
1063 2004 1105 2040 Β.

875 2067 902 2108 9
929 2055 1036 2109 Qaid
1045 2060 1137 2097 vos?
1164 2071 1236 2110 quo
1249 2060 1360 2111 pado
1373 2058 1482 2114 hic?]

824 2113 1035 2165 Progreffio
1063 2115 1261 2164 loquentis
1290 2114 1337 2153 ad
1365 2116 1483 2154 inter-

825 2167 1052 2220 rogandum.
1110 2169 1154 2208 Id
1192 2169 1246 2208 est
1277 2182 1393 2221 puto,
1424 2173 1483 2209 in—

826 2225 917 2275 quit,
950 2224 1053 2275 quod
1072 2225 1138 2263 ilia
1159 2227 1292 2276 periit:
1325 2239 1391 2266 vos
1416 2240 1482 2266 au-

825 2290 906 2317 tem
950 2293 1025 2331 quo
1069 2280 1214 2322 modo?
1254 2281 1344 2336 Qo
1370 2285 1481 2334 pano

825 2333 939 2388 hic?]
971 2335 1210 2388 Significatio
1241 2340 1294 2377 est
1312 2340 1483 2392 peregri-

824 2393 966 2430 nantis.
1025 2395 1070 2431 D.
1304 2438 1306 2441 y

878 2448 986 2485 Ratio
1007 2445 1131 2486 versus
1152 2449 1295 2502 exigit,
1329 2461 1368 2489 vt
1384 2449 1484 2501 sati·

823 2515 867 2541 ne
888 2503 1047 2556 legatur.
1105 2508 1144 2544 B.
1329 2513 1331 2517 “

883 2570 931 2601 10
959 2559 1110 2607 Nosne?
1131 2557 1185 2611 sic
1205 2573 1247 2600 vt
1263 2563 1417 2613 quimus,
1436 2575 1483 2601 a·

828 2617 929 2662 iunt,
957 2616 1100 2667 quando
1124 2627 1168 2656 vt
1191 2616 1373 2665 volumus,
1407 2631 1484 2657 non

826 2671 930 2726 licet]
961 2674 1007 2712 Et
1024 2671 1070 2711 ad
1096 2669 1327 2723 praesentis,
1358 2684 1396 2711 et
1433 2673 1483 2712 ad

857 2758 875 2789 ἱ
1373 2744 1482 2780 prau-
