1815 3168
314 141 414 201 546

735 131 897 185 AeT.
924 136 958 182 Ι.
996 129 1196 183 SCEN.
1232 134 1264 180 1.

452 260 548 314 ME
562 276 613 311 N.
652 264 852 312 Dicetur.
887 259 997 310 CH.
1038 260 1139 307 istos
1175 258 1331 308 rastros
1356 262 1520 308 interea
1541 270 1686 309 tamen

454 340 669 406 Adpone:
705 356 763 388 ne
780 339 941 387 labora.
979 336 1139 385 ΜΕΝ.
1181 338 1380 384 minime.
1420 332 1529 384 CH.
1556 353 1688 400 quam

556 432 652 462 rem
681 418 771 477 agis
786 415 805 461 ?

457 489 515 540 Μ
528 503 553 537 E
570 504 620 537 N.
660 492 775 544 Sine,
795 490 996 536 vaciuom
1028 498 1205 553 ternpus
1238 504 1295 533 ne
1314 486 1435 551 quod
1455 486 1557 534 dem
1578 486 1690 533 mihi

458 566 658 614 LaboriS.
701 563 808 613 CH.
848 581 941 610 non
975 562 1131 617 finam,
1176 565 1372 628 inquam.
1418 562 1576 611 MEN.
1617 561 1689 614 ah,

562 659 654 688 non
675 657 862 704 aequom
884 640 1000 686 facis,

360 735 428 784 40
464 713 569 765 CH.
609 720 730 770 Hui,
773 727 861 763 tam
886 717 1029 776 grauis
1060 714 1168 770 hos,
1208 711 1396 779 quaeso?
1433 709 1528 762 ME
1544 726 1596 761 N.
1636 710 1694 759 fic

561 787 820 843 meritum'st
858 808 1021 840 meum.
1068 801 1071 803 ’
1124 813 1126 815 >

1594 867 1697 912 Cu.

390 1017 446 1070 36
475 1011 781 1065 Atiflos'rastros]
815 1014 991 1054 Dicimus
1038 1015 1137 1054 Nam
1172 1011 1433 1053 Menedemus
1464 1021 1700 1063 quamquam

332 1072 503 1126 Raflrum
530 1071 572 1108 in
597 1068 780 1121 fingulari
801 1081 839 1110 et
865 1070 993 1121 Rastri
1041 1081 1171 1123 negat,
1192 1067 1231 1120 se
1252 1068 1426 1109 laborem
1442 1067 1581 1120 fugere
1601 1076 1639 1106 et
1657 1063 1700 1103 fi-

334 1132 380 1170 in
407 1126 558 1180 plurali.

335 1200 360 1225 a
393 1183 576 1230 radendo,
618 1180 727 1234 quod
757 1191 895 1224 terram
939 1197 995 1222 ra-

337 1241 445 1281 dant.
500 1241 546 1281 C.

393 1296 502 1350 Istos]
532 1298 584 1338 V.
601 1295 649 1336 C.
679 1304 716 1335 et
735 1293 806 1338 Ms.
835 1299 877 1337 R.
906 1309 946 1335 at
967 1297 997 1335 i-

369 1368 422 1394 os.
481 1356 520 1392 L.

327 1354 366 1408 fl
378 1409 569 1450 Omnium
580 1409 718 1448 Faerni
731 1418 770 1447 et
780 1408 997 1447 nostrorum

338 1465 452 1506 codd.
464 1461 646 1504 consensu
665 1465 740 1517 leg.
772 1466 824 1503 At
844 1463 926 1511 ilios
939 1480 1000 1504 ra-

331 1523 443 1576 stros.
484 1520 641 1560 Deinde
661 1519 820 1560 inversu
841 1518 1000 1572 sequen-

339 1580 369 1619 ti
401 1578 582 1617 meliores
611 1576 722 1616 codd.
760 1576 907 1616 habent
937 1577 1002 1615 ad-

338 1647 441 1688 pone,
464 1633 501 1672 h.
524 1645 557 1672 e.
576 1632 721 1684 depone,
753 1633 909 1685 quodin
922 1633 1003 1686 qui-

345 1688 504 1730 busdam
528 1689 729 1742 reperitur.
784 1693 827 1730 Β,

401 1813 454 1855 37
473 1801 643 1854 Depone]
667 1803 713 1841 In
726 1810 914 1854 tempore.
943 1801 1005 1841 Ne

345 1856 495 1910 labora]
525 1857 568 1896 Id
587 1856 660 1902 est,
694 1858 775 1896 noli
795 1868 835 1897 te
853 1871 1004 1907 vexare,

348 1924 412 1954 aut
432 1924 470 1952 te
487 1913 538 1951 ita
559 1912 692 1951 labore
711 1912 917 1967 conficere.
945 1916 1008 1953 In-

345 1968 501 2011 terdum
520 1983 563 2008 ne
583 1967 712 2007 labora
733 1968 932 2022 fignificat,
953 1982 1006 2008 ne

349 2040 450 2073 cura,
470 2025 553 2063 noli
578 2036 717 2063 curare.
774 2026 820 2067 C.

401 2082 549 2135 Vulgo,
572 2081 748 2132 inprimis
776 2080 825 2120 ob
845 2079 1006 2120 verbum

349 2137 502 2185 labora,
540 2137 769 2188 opinantur,
813 2135 1006 2176 Menede-

349 2208 456 2234 mum
467 2192 586 2232 rastris
599 2205 694 2244 opus
712 2189 840 2232 feciffe
851 2194 890 2231 in
903 2206 1010 2244 prae-

349 2250 484 2291 sentia.
543 2248 620 2289 Sed
649 2248 761 2289 valde
785 2249 910 2299 placet
934 2251 1009 2290 Da-

352 2307 477 2347 ceriae
502 2302 713 2352 sententia,
743 2317 843 2356 quae
862 2305 933 2352 ait,
969 2305 1012 2343 il-

351 2365 432 2402 lum
451 2375 499 2400 ex
518 2374 610 2413 agro
624 2360 851 2400 redeuntem
879 2356 1012 2413 vespe-

350 2419 382 2458 ri
410 2417 476 2456 hic
494 2416 627 2456 rastros
650 2416 821 2455 humeris
841 2416 1008 2471 gestare.

349 2478 453 2516 Nam
472 2484 624 2525 praeter
642 2473 837 2525 pi&uram‚
857 2474 1010 2525 quaein

348 2529 438 2569 cod.
466 2542 545 2581 reg.
566 2528 844 2569 Menedemum
863 2529 1012 2582 gestan-

351 2596 431 2625 tem
448 2584 617 2631 exhibet,
642 2583 844 2636 sequentia
855 2598 1012 2637 quoque

351 2642 457 2685 illam
481 2638 710 2685 sententiam
740 2641 1008 2695 comprobant.

622 1125 724 1166 Diffi
753 1137 885 1166 autem
909 1125 994 1167 sunt
1041 1125 1082 1164 bi
1110 1137 1269 1177 parcere
1299 1121 1424 1176 posse,
1459 1135 1590 1162 tamen
1617 1133 1704 1160 non

1044 1181 1176 1234 pergit
1195 1193 1284 1233 opus
1293 1182 1442 1233 ficere,
1470 1175 1536 1218 sed
1555 1180 1628 1227 ire,
1659 1184 1702 1216 vt

1045 1232 1343 1279 Chremes‘solus
1353 1236 1603 1287 relinquatur.
1627 1232 1701 1271 La-

1046 1292 1195 1342 horare,
1232 1304 1270 1333 vt
1286 1297 1353 1336 Gr.
1379 1299 1497 1339 πονεῖν,
1517 1289 1611 1340 fign.
1631 1287 1703 1326 fibi

1045 1363 1126 1390 non
1147 1363 1317 1401 parcere,
1337 1348 1375 1390 [e
1393 1364 1475 1390 non
1501 1344 1703 1397 respicere,

1048 1408 1184 1447 dolere
1196 1408 1338 1454 animo,
1361 1419 1427 1447 aut
1437 1405 1581 1446 duriter
1593 1400 1631 1441 se
1641 1400 1705 1440 ha-

1046 1463 1155 1502 bere.
1215 1466 1335 1505 Certe
1353 1463 1508 1504 laborin
1523 1457 1628 1500 versu
1639 1467 1706 1511 30.

1050 1533 1133 1559 non
1152 1518 1202 1559 de
1223 1533 1344 1572 opere
1361 1518 1540 1559 faciendo
1561 1517 1709 1555 intelli.

1052 1576 1093 1630 gi
1121 1575 1258 1624 debet,
1287 1574 1350 1615 sed
1378 1576 1429 1615 de
1449 1573 1708 1628 aegritudine,

1048 1631 1114 1672 seu
1144 1631 1195 1674 de
1219 1630 1326 1671 causa
1353 1628 1522 1671 summae
1544 1631 1714 1684 aegritu·

1053 1688 1167 1728 dinis.
1222 1688 1410 1739 Denique
1436 1687 1629 1730 Chremes
1664 1687 1709 1726 in

1052 1742 1162 1784 versu
1188 1756 1249 1798 17.
1282 1743 1710 1796 dIcensftrre,videtur

1052 1800 1123 1840 hos
1142 1799 1243 1853 ipsos
1262 1800 1395 1840 rastros
1414 1799 1637 1854 fignificare.
1667 1804 1708 1841 Z.

1108 1919 1159 1965 38
1197 1911 1307 1958 Sine','
1338 1910 1522 1966 vaciuom]
1561 1907 1629 1951 Ms.
1663 1913 1708 1951 R.

1053 1967 1141 2007 Sine
1163 1982 1228 2017 me,
1250 1980 1329 2008 vac·
1384 1973 1425 2010 L.

1110 2027 1203 2077 Leg.
1229 2023 1314 2062 Sine
1336 2038 1409 2073 me,
1436 2026 1606 2063 vacinom
1636 2034 1712 2065 ete.

1055 2081 1174 2121 Certe
1193 2092 1367 2127 vacuum,
1397 2080 1499 2131 quod
1520 2080 1638 2132 vulgo
1659 2080 1714 2119 le-

1056 2146 1166 2189 gunt,
1183 2148 1374 2190 repugnat
1395 2133 1528 2177 versui.
1586 2139 1631 2177 B.

1112 2260 1164 2302 39
1177 2249 1265 2289 Non
1277 2246 1404 2298 finam,
1417 2247 1584 2302 inquam]
1604 2248 1714 2288 Haec

1057 2306 1180 2358 magis
1200 2305 1309 2359 gestu
1328 2306 1606 2358 exprimuntur.
1638 2307 1685 2346 C.

1114 2427 1170 2469 40
1194 2417 1292 2466 Hui,
1321 2429 1397 2457 tam
1418 2417 1569 2472 graues]
1609 2419 1716 2468 Apo,-

1060 2469 1229 2524 fiopefis:
1269 2483 1310 2512 et
1335 2472 1536 2513 admiratio
1567 2472 1715 2525 ponde·

1058 2530 1107 2566 ris
1127 2527 1340 2579 rastrorum,
1359 2529 1501 2582 quibus
1522 2526 1636 2568 senex
1646 2528 1717 2566 vti·

1059 2594 1129 2623 tur.
1186 2585 1284 2640 Hui]
1331 2583 1551 2628 Miseramis
1588 2584 1712 2625 excla-

1056 2641 1172 2681 matio
1192 2641 1255 2682 est.
1312 2642 1359 2684 C.
