1815 3168
511 147 513 151 ’
561 147 966 193 EVNVCHVS.

1344 165 1447 214 479

220 272 310 324 ΡΥ.
349 278 466 321 Bene
489 273 667 338 aedepol
696 270 866 321 narras':
903 290 1004 320 nam
1023 273 1084 320 illi
1115 274 1242 324 faueo
1271 281 1448 340 virgini.

220 356 288 398 Ite
311 353 449 397 intro:
479 350 738 396 iamdudum
763 350 869 396 hera
889 367 966 396 vos
989 348 1202 414 exspeffiat
1223 354 1358 402 domi.

221 429 380 475 Virum
400 422 566 471 bonum
587 441 737 470 eccum
757 428 1075 471 Parmenonem
1096 426 1298 474 incedere

129 516 190 551 10
222 501 378 550 Video.
417 498 516 546 vide
537 510 584 546 vt
606 499 762 546 otiosus
784 501 831 552 it,
853 498 883 546 fi
903 502 981 545 Dis
1004 496 1167 564 placet!

223 580 362 641 Spero
386 590 456 620 me
478 574 652 626 habere,
672 576 748 637 qui
771 574 890 621 hunc
908 591 1009 621 meo
1034 578 1275 623 excruciem
1296 580 1449 629 modo.

224 652 306 699 Ibo
328 652 457 702 intro,
481 649 534 695 de
555 651 806 710 cognitione
825 660 872 696 vt
892 660 1060 695 certum
1081 650 1228 698 sciam:

225 724 325 774 Post
345 724 485 779 exibo,
504 735 632 789 atque
651 725 770 772 hunc
788 724 1044 791 perterrebo
1067 724 1338 789 sacrilegum.

1212 807 1454 854 ACTVS

97 908 171 963 ter]
201 903 472 959 Responfionis
497 903 671 945 'breuitas
699 913 750 945 at-
797 918 862 946 me
880 901 1455 960 repperiffeconsilium,quem-

97 966 185 1004 tulit
203 962 479 1015 compendium
497 962 749 1014 perquirenti,
797 963 1006 1002 admodum
1024 962 1136 1002 istum
1155 966 1356 1004 tormentis
1375 965 1455 1005 affi-

97 1035 149 1062 ne
169 1021 277 1073 plura
295 1020 562 1070 interrogaret.
614 1021 663 1059 D.

800 1019 919 1067 ciam,
947 1029 985 1060 et
1009 1020 1176 1059 cruciem
1193 1033 1263 1072 pro
1282 1033 1371 1060 mea
1390 1035 1456 1061 vo-

151 1089 180 1130 7
207 1076 309 1115 Nam
343 1073 398 1112 illi
427 1074 547 1125 fhueo
584 1075 749 1130 virgini]
798 1076 961 1114 luntate.
1021 1077 1065 1115 E.

97 1130 214 1183 Quafi
250 1130 370 1179 dicat,
406 1130 461 1168 iili
497 1129 631 1179 saneto,
669 1145 752 1169 non

99 1188 313 1229 Chaereae.
352 1195 393 1224 et
415 1185 523 1225 fimul
552 1183 659 1225 causa
688 1185 754 1235 est,

103 1257 172 1283 cur
198 1244 307 1283 illum
332 1238 455 1280 vlcisci
484 1243 632 1294 cupiat:
662 1243 758 1293 quia

30 1342 37 1346 ,
101 1298 246 1339 scilicet
261 1298 424 1337 multum
443 1298 499 1336 illi
517 1297 634 1337 fauet.
663 1300 712 1339 D.

159 1368 186 1407 9
227 1354 355 1394 Virum
397 1351 551 1407 bonum]
591 1360 754 1398 Εἰςωυείοι,

107 1413 239 1453 Eccum
258 1410 522 1449 Parmenonem
534 1410 758 1448 zncederevi-

105 1467 195 1521 deo]
226 1468 299 1506 Res
328 1463 418 1503 odio
447 1464 622 1517 dignior,
651 1465 760 1503 noui-

106 1534 185 1563 tate
203 1519 348 1561 scilicet
366 1519 541 1561 inceffus.
599 1523 647 1561 D.

168 1590 217 1619 10
259 1577 349 1616 Vide
373 1590 416 1616 vt
441 1576 582 1630 oziofits
610 1576 656 1624 it]
698 1578 761 1615 In-

106 1634 216 1673 uidet
233 1633 287 1672 illi
304 1629 551 1680 securitatem,
569 1645 685 1684 quem
693 1629 763 1670 sol-

109 1687 474 1729 licitumredditura
501 1689 576 1727 est:
607 1701 689 1726 non
723 1701 762 1727 e-

112 1748 195 1786 nim
217 1745 291 1784 vlla
309 1744 383 1782 alia
404 1744 475 1782 erit
492 1743 658 1783 vindic‘ta
668 1742 761 1795 post,

113 1812 268 1855 praeter
300 1798 418 1838 istam.
479 1801 570 1841 Vide
598 1813 642 1838 vt
671 1804 762 1839 otio-

100 1858 173 1910 sus
193 1859 239 1900 it]
269 1855 389 1894 Vultu
413 1855 519 1904 dicit,
544 1867 582 1896 et
595 1854 707 1917 gestu
726 1869 764 1893 e-

111 1927 177 1953 um
196 1909 274 1951 effe
290 1908 474 1949 securum.
528 1915 575 1952 Et
590 1913 687 1950 mire
697 1913 763 1950 Po-

109 1980 171 2010 eta
191 1969 332 2007 laetum
351 1964 538 2016 describit,
569 1977 608 2006 vt
626 1968 765 2018 rePen-

112 2037 153 2064 te
173 2020 431 2063 ostendatesse
440 2034 686 2062 commotum.
725 2025 766 2064 Si

88 2081 188 2122 »Dis
202 2078 372 2132 placetl]
396 2080 596 2129 Proprium
619 2077 673 2118 est
700 2092 767 2118 ex-

114 2135 312 2176 clamantis
322 2135 768 2188 propter-indignitatem

116 2192 271 2233 alicuius
290 2192 375 2230 1·ei.'
414 2192 477 2231 D.
727 2216 729 2219 .

172 2248 262 2288 Vide
299 2257 341 2288 vt
374 2244 529 2300 otiosus]
578 2247 763 2296 Attende,

119 2303 258 2354 inquit,
277 2308 315 2342 vlt
334 2299 482 2341 securus
493 2305 682 2342 Parmeno
691 2317 768 2342 am·

122 2358 239 2406 bulat‚
259 2368 298 2396 et
320 2357 468 2398 otiosus.
522 2361 564 2398 E.

184 2425 230 2455 11
269 2412 385 2466 Spero
412 2427 466 2453 me
501 2412 648 2462 habere]
694 2419 768 2458 Pro

122 2468 346 2509 habituram.
381 2481 444 2509 aut
460 2469 573 2522 spero
604 2483 674 2521 pro
702 2486 772 2511 cre-

120 2526 183 2573 do,
202 2538 313 2564 more
332 2522 405 2565 suo.
457 2528 547 2566 Meo
575 2528 698 2574 modo]
727 2527 772 2568 Id

82 2640 84 2643 Ι
124 2580 190 2628 est,
207 2591 246 2620 vt
267 2580 365 2620 volo.
420 2582 467 2620 D.

178 2636 290 2703 Spero
307 2649 362 2680 me
380 2635 525 2687 hahere]
554 2638 682 2682 Credo
695 2640 772 2680 iarn

855 1135 909 1172 Vt
931 1144 1008 1170 meo
1038 1131 1080 1170 in
1099 1131 1172 1170 iou
1197 1142 1370 1183 acuatur,
1400 1129 1455 1173 se·

803 1199 901 1239 quor
920 1187 1109 1236 ordinem,
1129 1190 1194 1240 qui
1212 1187 1312 1229 hanc
1331 1203 1458 1229 excru-

804 1245 892 1282 ciem
913 1244 989 1282 me6
1010 1243 1138 1291 modo,
1173 1245 1238 1296 qui
1267 1246 1458 1294 reperitur

803 1298 847 1338 in
892 1299 978 1339 cod.
1028 1309 1101 1338 vet.
1144 1297 1324 1340 Prisciani
1367 1314 1458 1355 pag.

808 1366 925 1407 1143.
980 1356 1021 1394 B.
1056 1364 1075 1379 ⁶

864 1421 913 1451 12
942 1408 1009 1448 Ibo
1033 1411 1157 1455 intro,
1185 1411 1228 1450 de
1256 1415 1465 1467 cognitione

807 1474 853 1505 vt
892 1477 1030 1504 certum
1057 1464 1195 1516 sciam]
1237 1469 1463 1521 Eleganter,

808 1518 1024 1573 defatigare
1058 1523 1344 1563 Parmenonem
1376 1537 1463 1563 non

809 1574 1060 1617 neeefi'anum
1079 1589 1206 1628 putat,
1236 1576 1304 1618 sed
1333 1591 1382 1618 ex
1400 1593 1466 1617 oc-

810 1631 973 1672 cafione.-
1030 1634 1129 1672 Nam
1148 1633 1230 1684 post
1241 1647 1330 1674 eum
1345 1636 1465 1683 (Nam

804 1690 921 1741 prius,
949 1687 1008 1728 ed.
1030 1691 1211 1741 Argent.)
1240 1689 1330 1729 dicit
1348 1689 1386 1730 se
1405 1692 1466 1732 ire

809 1744 913 1782 intro
926 1763 948 1784 ε.
965 1744 1110 1783 exitura
1127 1755 1265 1794 autem,
1282 1756 1323 1785 vt
1339 1744 1467 1799 ipsum
1487 1780 1489 1785 ,

810 1800 852 1838 in
874 1801 1261 1841 timoremfconiiciat.
1320 1803 1368 1842 D.

866 1855 931 1894 Ibo
950 1853 1070 1901 intro]
1100 1859 1266 1908 Pergam
1286 1857 1398 1907 intro,
1427 1869 1468 1897 vt

813 1909 1042 1963 cognoscam
1075 1925 1124 1950 an
1149 1913 1281 1964 puella
1307 1912 1470 1967 cognos-

814 1978 931 2007 catur.
983 1969 1026 2006 E.

866 2022 928 2062 De
954 2023 1179 2076 cognitione]
1210 2025 1472 2077 Cognitiones

814 2077 895 2118 fine
913 2080 1134 2131 agnitiones
1153 2080 1312 2119 crebrae
1328 2083 1368 2120 in
1392 2082 1471 2123 Co-

813 2134 1002 2174 moediis:
1030 2135 1136 2186 quod
1155 2136 1294 2175 placid.
1316 2137 1475 2183 Laftam

817 2192 891 2229 tius
922 2188 1137 2230 Obseruauit
1161 2193 1202 2230 in
1230 2195 1320 2232 Stat.
1337 2192 1468 2235 Theb.

814 2246 897 2286 libr.
928 2259 976 2294 v,
1013 2253 1108 2297 718.
1170 2248 1295 2296 Mire,
1333 2250 1475 2303 inquit,

819 2302 1035 2342 comoediae
1070 2304 1230 2357 contigit
1256 2307 1398 2359 agnitio
1427 2304 1476 2356 fi-

816 2357 961 2398 liorum.
1027 2348 1201 2399 vidend.
1247 2359 1474 2409 ,Aristoteles

816 2424 892 2462 περὶ
922 2417 1100 2458 ποιητικῆς.
1155 2418 1196 2457 L.
1247 2420 1249 2422 ’
1379 2419 1382 2422 ’

880 2482 925 2522 13
967 2471 1068 2514 Cum
1098 2474 1249 2511 Faerno
1282 2485 1478 2525 reponen«

822 2526 912 2566 dum
930 2536 1037 2578 pum,
1056 2525 1142 2576 Post
1164 2541 1275 2577 cxcv,
1304 2540 1343 2568 vt
1366 2527 1475 2579 supra

819 2595 886 2626 111,
907 2595 942 2622 2.
990 2581 1111 2625 Simul
1130 2583 1323 2635 imperabo.
1353 2585 1475 2643 postea

822 2641 999 2681 continuo
1021 2651 1124 2680 exeo.
1179 2641 1223 2681 Β,
