1815 3168
317 170 407 227 308

719 162 966 207 ACT.11.
999 160 1193 204 SCEN.
1224 160 1256 204 Ι.

451 290 596 339 PAR.
636 291 694 336 Di
716 289 843 335 boni!
878 286 982 350 quid
1011 286 1096 332 hoc
1118 285 1262 332 morbi
1295 283 1384 332 est?
1424 282 1577 332 adeon'
1614 286 1690 333 ho—

553 367 692 412 mines
719 364 988 410 immutarier

364 463 423 492 20
455 446 518 489 Ex
554 457 727 491 amore,
766 450 813 484 vt
843 455 935 484 non
970 435 1201 496 cognoscas
1236 435 1430 483 eundem
1459 434 1573 483 esse?
1607 437 1692 483 h‘oc

557 533 689 562 nemo
714 516 797 561 fuit

456 595 611 640 Minus
642 594 833 655 ineptus,
856 590 992 650 magis
1016 587 1189 633 seuerus
1216 587 1467 651 quisquam,
1503 603 1584 634 nec
1606 603 1693 633 ma-

561 669 624 728 gis
651 669 896 713 continens.

462 742 547 790 Sed
572 745 669 805 quis
700 743 770 788 hic
793 740 877 793 cst,
912 741 988 802 qui
1011 739 1096 785 huc
1119 739 1299 802 pergit?
1335 740 1462 785 attat!
1500 737 1572 783 hic
1604 739 1696 800 qui·

564 818 664 863 dem
688 816 746 862 est
766 814 970 880 parafitus
998 815 1177 861 Gnatho

465 893 621 940 Militis
637 910 646 935 :
672 892 790 937 ducit
801 892 943 936 secum
954 908 1038 935 vna
1051 892 1266 950 virginem
1279 888 1396 935 dono
1410 889 1526 936 huic.
1540 886 1699 952 papae!

469 970 596 1014 Facie
623 965 822 1012 honesta:
861 968 1048 1013 mirum,
1082 968 1130 1011 ni
1165 981 1248 1024 ego
1270 981 1340 1010 mc
1359 966 1547 1029 turpiter
1568 965 1700 1010 hodie

568 1043 639 1088 hic
672 1039 784 1087 dabo

399 1218 448 1260 19
479 1203 583 1259 Qtid
627 1201 692 1241 hoc
731 1198 855 1241 morbi
892 1198 996 1253 qst?]

340 1260 543 1306 Excusatio
561 1259 714 1308 amoris,
737 1255 894 1309 quando
916 1270 998 1294 non

341 1321 463 1370 culpa,
483 1315 546 1356 sed
567 1314 721 1354 morbus
741 1313 805 1353 est.
859 1313 997 1352 Adeon'

340 1377 506 1415 homiues
535 1372 765 1411 immutarier
794 1384 841 1408 ex
861 1382 996 1415 amore,

341 1446 384 1473 vt:
403 1445 478 1470 non
497 1428 690 1484 cognoscas
711 1427 863 1475 eundem
879 1425 998 1478 ‘Effe-²]

343 1491 460 1529 More
485 1484 549 1525 suo
569 1499 590 1524 a
610 1484 746 1536 plurali
767 1481 934 1523 nurnero
952 1480 1000 1520 ad

342 1544 575 1597 singularem
593 1539 631 1580 se
651 1539 853 1580 conuertit.
900 1540 950 1577 D.

399 1601 458 1639 Di
484 1598 572 1636 honi
595 1597 684 1650 quid
715 1595 838 1649 hod]
864 1596 1001 1635 Seruus

344 1655 591 1697 confirmatus
604 1654 665 1693 dat
676 1650 872 1691 confilium
883 1651 1005 1690 dorni-

348 1728 422 1760 no,
456 1722 494 1750 vt
512 1723 573 1749 rus
596 1719 741 1762 pergat,
776 1709 866 1759 quia
885 1720 1006 1745 mere-

351 1771 433 1808 trici
475 1778 588 1806 antea
627 1763 809 1818 promisit.
864 1765 1006 1804 Secum

347 1823 591 1874 colloquitur,
622 1833 868 1872 conquerens
890 1819 1007 1858 fortu-

352 1895 419 1920 nas
437 1878 608 1918 domini:
643 1890 742 1928 quae
753 1876 805 1914 est
821 1875 1005 1914 allocutio

351 1935 429 1976 sola
450 1935 656 1975 continens
684 1931 873 1970 dolorem.
932 1932 1007 1970 Ge-

348 1992 531 2033 neraliter
563 1989 693 2027 traciat
728 1998 876 2035 tamen,
921 2000 1007 2024 cum

348 2062 431 2089 non
454 2059 530 2085 tam
549 2045 599 2083 de
619 2045 793 2092 domino,
824 2055 940 2094 quam
958 2041 1008 2080 de

350 2117 483 2144 amore
503 2101 767 2151 conqueritur.
824 2103 865 2138 E.

405 2173 458 2200 20
494 2159 542 2196 Vt
563 2170 637 2194 non
661 2155 851 2210 cognoscas
862 2153 1007 2192 etmdem

351 2216 462 2269 eſjb‘ss
494 2216 584 2252 Non
612 2210 738 2251 solent
757 2210 859 2249 stulti
876 2210 1009 2248 induci

1636 1130 1699 1176 25

1048 1198 1201 1246 militis,
1242 1197 1270 1237 fi
1308 1199 1435 1238 ethic
1462 1199 1621 1238 stolidus
1649 1198 1704 1238 est

1047 1251 1162 1309 (estet)
1174 1255 1270 1297 ?Ma
1270 1258 1328 1309 gis
1338 1255 1486 1306 fi’uerus
1497 1255 1702 1307 quisquam,

1050 1325 1111 1350 nec
1138 1314 1255 1366 magis
1284 1311 1492 1364 continens]
1523 1312 1706 1350 Animad-

1049 1378 1159 1406 uerte
1178 1379 1214 1405 vt
1241 1378 1343 1406 amet
1358 1368 1565 1407 Terentius
1590 1372 1706 1421 magis

1050 1423 1194 1462 addere
1221 1422 1402 1474 polhiuo,
1441 1424 1567 1473 potius
1595 1437 1708 1474 quam

1051 1481 1352 1531 comparatiuum
1391 1478 1533 1519 facere.
1607 1482 1710 1517 Nam

1052 1548 1183 1587 neque
1203 1537 1396 1586 seuerior,
1439 1549 1570 1587 neque
1593 1538 1709 1574 conti-

1051 1595 1221 1640 nentior,
1247 1603 1323 1631 tam
1353 1593 1468 1631 valuit
1487 1591 1597 1644 (edd.
1619 1602 1709 1630 vett.

1054 1650 1166 1692 recle,
1184 1649 1320 1700 voluit)
1342 1649 1480 1695 dicere,
1502 1661 1617 1698 quam
1637 1662 1711 1686 ma·

1054 1710 1114 1761 gis
1135 1705 1320 1756 sincerus,
1370 1715 1409 1744 et
1447 1708 1565 1759 magis
1600 1706 1711 1744 conti-
1764 1732 1766 1735 s

1056 1775 1154 1801 nens.
1207 1764 1256 1800 D.
1637 1784 1642 1785 ν

1110 1818 1248 1857 Minus
1268 1817 1413 1868 ineptus
1429 1848 1438 1865 ,
1480 1819 1597 1872 magis
1613 1817 1714 1866 fiue-

1056 1873 1136 1927 rus]
1167 1872 1340 1912 Priscian.
1361 1874 1425 1911 lib.
1446 1887 1515 1912 ΠΙ.
1569 1877 1607 1913 L.

1112 1941 1165 1970 22
1192 1929 1268 1968 Hz'c
1286 1929 1429 1982 quidem
1458 1928 1504 1979 est
1525 1927 1712 1980 par-ofitus

1061 1983 1232 2037 Gnatho]
1277 1985 1382 2023 Haec
1410 1984 1511 2034 apud
1538 1989 1713 2026 Menan-

1056 2040 1167 2078 drum
1187 2040 1230 2078 in
1252 2038 1442 2078 Eunucho
1463 2054 1541 2079 non
1557 2039 1651 2087 sunt,
1671 2049 1711 2078 vt

1057 2094 1139 2148 ipse
1158 2093 1342 2147 profefi'us
1363 2095 1433 2142 est,
1463 2095 1609 2147 pat-afiti
1630 2109 1715 2146 per·

1058 2150 1148 2191 sona
1169 2163 1208 2190 et
1225 2151 1358 2190 militis
1377 2151 1618 2201 (cumlaudet
1630 2165 1713 2191 ver·

1057 2208 1108 2246 ba
1131 2208 1300 2261 Prologi‚
1325 2209 1404 2261 legi
1422 2207 1562 2247 debet:
1596 2209 1713 2247 Para-

348 2269 634 2312 adolescentes:
667 2279 705 2307 et
725 2267 815 2306 ideo
837 2265 885 2306 ad
909 2279 1010 2304 amo·
1049 2267 1118 2316 siti
1144 2264 1338 2317 personam
1371 2264 1454 2303 inde
1489 2262 1648 2303 ablatam
1675 2277 1712 2302 et

350 2341 432 2366 rem
479 2326 608 2365 retulit
655 2324 850 2362 stultitiam
888 2321 1008 2362 Phae-

351 2385 467 2423 driae.
527 2385 574 2421 D.

405 2451 453 2480 21
488 2439 616 2475 Minus
639 2438 793 2487 ineptus,
826 2436 942 2489 magis
951 2434 1007 2484 fi·-

348 2494 475 2548 uerus]
525 2492 599 2532 Nifi
644 2493 752 2531 enim
788 2491 863 2530 hoc
902 2488 1005 2538 effer,

351 2551 443 2602 quid
474 2547 565 2588 esset
590 2548 694 2599 quod
733 2549 842 2587 illum
870 2547 1008 2586 mulier

349 2605 564 2657 praeferret
581 2605 716 2642 militi?
744 2615 808 2642 aut
837 2603 929 2655 quid
950 2615 1005 2642 re·

350 2664 590 2713 linqueretur
606 2660 805 2712 proprium
817 2657 1004 2713 personae

1056 2321 1230 2370 militis):
1259 2317 1324 2358 sed
1351 2319 1402 2359 de
1423 2321 1567 2361 Colace
1594 2331 1712 2359 trans-

1056 2377 1157 2415 latae
1174 2374 1268 2415 sunt.
1325 2378 1375 2417 D.

1110 2437 1200 2473 Non
1229 2433 1375 2485 quidem
1404 2432 1443 2470 in
1464 2445 1577 2471 vnam
1606 2429 1721 2485 sylla--

1056 2488 1145 2528 bam
1169 2488 1423 2535 contrahitur,
1447 2489 1513 2539 qui
1530 2487 1584 2526 est
1603 2501 1711 2526 error

1055 2547 1083 2584 F
1085 2545 1202 2594 aemi,
1224 2542 1287 2583 sed
1306 2545 1364 2583 hic
1380 2545 1590 2596 corripitur.
1623 2545 1661 2582 Β.

1111 2614 1165 2651 24
1196 2601 1303 2638 Facie
1332 2601 1491 2653 honesta]
1525 2606 1709 2646 Οἰκονομίκ,

1055 2670 1129 2708 qua
1153 2655 1364 2698 ostenditur
1382 2668 1575 2697 amaturus
1588 2655 1712 2697 Chae·

1629 2724 1712 2749 rea:
