1815 3168
326 147 420 208 558

747 135 907 181 ACT.
934 133 970 179 1.
1002 131 1197 178 SCEN.
1223 129 1273 176 11.

457 267 588 316 Nihil
609 280 721 330 opus
744 264 827 310 fuit
848 261 1087 308 monitore:
1126 260 1213 304 iam
1234 252 1404 303 'dudum
1430 256 1551 304 domi

330 363 352 395 1
365 363 425 395 20
454 340 626 392 Praesto
638 338 753 405 apud
766 354 836 384 me
849 332 930 382 else
944 337 1086 381 aiunt:
1110 343 1286 393 egomet
1297 333 1503 379 conuiuas
1514 348 1681 378 moror.

459 419 542 466 Ibo
564 417 672 464 adeo
695 415 798 460 hinc
819 414 949 457 intro.
986 409 1056 456 sed
1079 408 1187 471 quid
1207 416 1472 472 crepuerunt
1494 406 1610 453 fores

462 495 584 541 Hinc
606 509 630 537 a
647 490 751 537 me?
795 485 988 550 quisnam
1021 479 1277 546 egreditur?
1313 484 1400 528 huc
1424 478 1686 529 concessero.

446 639 491 691 A
510 640 556 691 C
577 638 699 688 TV
726 634 757 684 S

675 721 989 767 thTipHO.

825 629 1079 684 PRIMI
1143 627 1434 679 SCENA
1493 627 1570 691 1¹·-

1046 718 1353 760 CHREMES.

327 860 426 979 N
445 885 461 913 1
481 885 509 913 n
528 884 547 912 1
566 881 594 911 1.
647 862 788 909 adhuc
808 857 891 912 est,
928 858 1049 921 quod
1071 872 1260 911 vereare,
1285 855 1446 905 Clinia:
1479 854 1691 920 hautqua-

565 948 699 1003 quam
723 938 854 984 etiam
877 930 1057 981 cess'ant:

388 1174 468 1216 119
496 1155 611 1204 Nihil
627 1167 715 1212 opus
724 1154 812 1208 suit
829 1153 990 1195 monito-

329 1221 392 1276 νε]
421 1222 510 1259 Hoc
542 1215 607 1264 est,
640 1224 833 1254 vocator-e.
888 1209 990 1251 Nam

329 1286 533 1318 vocatores
561 1270 718 1324 proprie
728 1294 736 1310 ο,
750 1265 987 1316 dicebantur,

329 1334 401 1389 qui
422 1330 470 1370 ad
490 1340 632 1369 coenas
651 1325 851 1365 vocabant.
886 1324 931 1364 C.

391 1386 508 1428 Nihil
542 1395 632 1437 opus
658 1381 748 1434 ficit
785 1377 990 1433 monitore]

328 1447 413 1488 Iam
433 1444 476 1482 in
499 1440 616 1480 domo
633 1439 822 1478 inuentus
840 1434 894 1475 est
911 1436 990 1485 ille,

1639 1009 1698 1054 Et

1038 1148 1132 1205 pho,
1151 1151 1219 1205 qui
1235 1150 1451 1192 aduentum
1469 1151 1582 1192 amici
1599 1151 1694 1190 mira

1038 1210 1233 1259 voluptate
1265 1209 1360 1259 patri
1389 1219 1527 1247 narrat.
1584 1206 1697 1246 Nihil

1038 1264 1156 1305 adhuc
1174 1265 1234 1317 est,
1253 1265 1352 1318 quod
1369 1264 1534 1316 vereare]
1565 1263 1696 1305 Clinia

1038 1319 1193 1362 miserat
1211 1321 1423 1360 arcessitum
1434 1318 1676 1370 Antiphilam
1687 1331 1695 1355 :

1040 1375 1334 1417 discruciabatur
1359 1375 1465 1428 quod
1492 1385 1574 1414 non
1597 1374 1699 1413 red-i·

1041 1444 1113 1473 ret.
1177 1434 1474 1486 Hautquaquam
1495 1433 1607 1470 etiam
1629 1428 1698 1481 ceffl

328 1513 451 1552 atque
467 1499 586 1537 mire:
619 1489 992 1544 cupiebatillumvoa
1030 1490 1137 1542 stant]
1164 1489 1206 1529 Id
1228 1488 1293 1539 est,
1311 1488 1489 1528 nondum
1507 1486 1698 1527 differunt

331 1569 422 1598 care
447 1554 495 1594 ad
524 1565 698 1592 coenam.
729 1550 914 1588 monitore
935 1560 991 1586 er-

327 1625 386 1669 go
404 1621 506 1666 opus,
521 1609 660 1660 inquit,
674 1606 856 1658 nonfuit,
892 1617 991 1642 nun-

327 1671 392 1710 cia
420 1666 639 1721 (nunciam)
673 1662 785 1709 illum
808 1662 850 1700 in
875 1659 992 1699 domo

329 1724 423 1768 effe.
482 1726 527 1764 E.
615 1770 619 1771 ⁷
763 1771 768 1773 ῃ

345 1817 349 1819 i
392 1790 472 1823 120
499 1774 649 1827 Praesto
665 1770 774 1826 ficm]
801 1773 913 1814 Idem
941 1770 996 1812 est

332 1835 442 1891 quod
473 1831 627 1878 adsum3
666 1843 740 1869 nee
769 1830 877 1869 alteri
908 1828 996 1868 fere

331 1891 453 1933 verbo
470 1888 668 1933 cohaeret,
686 1885 755 1925 nifi
775 1885 895 1933 verbo
911 1882 994 1922 sub-

333 1948 497 1994 stantiuo
519 1955 557 1984 et
574 1943 666 1982 huic
683 1940 858 1992 fimplici.
894 1942 994 1980 Nam

328 2004 474 2060 praesto
496 2000 633 2051 adsum,
654 1998 777 2050 magis
796 1996 995 2035 Poeticum

333 2060 402 2101 est.
460 2057 614 2111 Egomet
642 2056 815 2092 conuiuas
845 2050 991 2104 moror]

333 2117 425 2159 Hoc
441 2113 505 2160 est,
538 2113 581 2151 in
601 2123 707 2149 mora
726 2108 898 2157 detineo.
956 2112 992 2147 A

331 2169 581 2225 quibusdam,
608 2167 752 2215 morari
770 2177 839 2217 pro
860 2160 993 2213 exspe-

332 2230 436 2269 &are
455 2224 684 2277 exponitur,
712 2217 779 2258 fed
805 2233 893 2259 mea
910 2216 991 2258 sen·

334 2284 479 2331 tentia,
508 2279 632 2332 magis
671 2276 853 2320 Poenae,
873 2287 989 2328 quam

330 2338 526 2380 oratorie.
583 2336 634 2376 C.

395 2407 415 2438 1
448 2385 564 2434 Nihil
579 2384 700 2430 adhuc
718 2381 797 2440 est„
812 2386 911 2441 quod
933 2396 989 2425 ve-

333 2447 458 2504 reare]
488 2449 562 2488 Hie
580 2445 754 2493 Cliniae,
786 2445 918 2498 quiex
935 2447 989 2483 A·

333 2501 591 2557 fian-edierat‚
617 2503 760 2554 ingens
790 2499 840 2538 de
868 2499 992 2538 amica

333 2560 548 2606 sollicitudo
575 2558 814 2610 exprimitur.
871 2556 991 2596 Acce-

334 2621 393 2663 dit
417 2614 621 2676 etlsodalis
649 2612 856 2672 opitulator
875 2611 993 2672 ,cntif

1041 1546 1266 1585 aduentum.
1321 1546 1370 1586 C„

1097 1601 1213 1641 Nihil
1251 1600 1385 1651 adhuc]
1433 1599 1542 1639 Haec
1572 1601 1699 1639 Scena

1042 1653 1160 1697 habet
1187 1656 1342 1699 Cliniae
1362 1653 1612 1696 adolescentis
1632 1651 1704 1702 sus·

1044 1716 1262 1768 picionem,
1294 1712 1398 1764 quod
1418 1712 1540 1751 amica
1558 1708 1632 1757 sua,
1661 1710 1701 1750 se

1044 1769 1224 1820 absente,
1254 1779 1430 1822 corrupta
1456 1767 1518 1806 est.
1575 1768 1702 1808 Sumit

1044 1828 1162 1882 igitur
1191 1840 1263 1879 per
1298 1826 1556 1865 conieSturam
1586 1836 1700 1876 argu-

1043 1894 1195 1931 menta,
1224 1894 1322 1933 quae
1351 1878 1418 1920 suo
1437 1881 1524 1918 loco
1543 1880 1699 1932 plenius

1044 1935 1285 1989 apertiusque
1324 1935 1578 1976 narrabimus.
1640 1939 1702 1976 Ae

1044 1992 1208 2045 primum
1235 1991 1338 2045 quafi
1370 1991 1562 2043 quoddam
1591 2005 1700 2046 argu-

1043 2052 1232 2098 mentum,
1255 2047 1405 2088 seruum
1425 2049 1492 2099 qui
1509 2046 1637 2087 miffus
1655 2048 1699 2087 fit

1041 2120 1124 2146 non
1149 2106 1298 2153 redire,
1339 2105 1401 2142 cui
1425 2105 1503 2142 iam
1531 2105 1697 2146 multum

1039 2163 1225 2213 temporis
1263 2160 1440 2200 videatur
1479 2157 1697 2201 affumtum.

1042 2218 1157 2259 Vnde
1178 2217 1338 2258 efficitur
1357 2213 1561 2254 consolatio
1580 2231 1603 2255 a
1619 2218 1707 2257 Cli-s

1039 2274 1206 2326 tiphone
1226 2274 1359 2321 amico,
1380 2285 1467 2321 eum
1487 2271 1598 2310 dicit:
1621 2273 1696 2311 Ni»

1038 2331 1095 2371 hil
1119 2330 1220 2384 quod
1244 2329 1406 2379 {videaris
1432 2326 1493 2379 effi?
1506 2327 1693 2379 solicitus,

1039 2385 1310 2439 hautquaquam
1338 2383 1483 2436 ceffiznt,
1523 2383 1599 2422 hoc
1626 2385 1706 2435 est,¹

1038 2450 1122 2485 non
1133 2439 1503 2481 diutiffim‘etardant.
1547 2443 1695 2490 Vei-qm

1039 2513 1126 2539 cum
1152 2500 1261 2547 intus*
1276 2496 1436 2549 pofitum
1453 2492 1624 2536 Cliniam
1643 2497 1707 2535 al·-

1041 2554 1188 2596 locutus
1207 2551 1318 2602 effet,
1345 2551 1522 2603 Clitipho
1541 2552 1694 2606 egredi-

1040 2623 1110 2670 tur,
1132 2620 1281 2670 'patrem
1303 2605 1501 2666 prospicit,
1530 2609 1567 2649 ei
1593 2621 1694 2647 com-

1587 2675 1698 2708 men·
