<?xml version="1.0" encoding="UTF-8"?>
<!DOCTYPE html PUBLIC "-//W3C//DTD XHTML 1.0 Transitional//EN"
    "http://www.w3.org/TR/xhtml1/DTD/xhtml1-transitional.dtd">
<html xmlns="http://www.w3.org/1999/xhtml" xml:lang="en" lang="en">
 <head>
  <title>
</title>
<meta http-equiv="Content-Type" content="text/html;charset=utf-8" />
  <meta name='ocr-system' content='tesseract 3.04.00' />
  <meta name='ocr-capabilities' content='ocr_page ocr_carea ocr_par ocr_line ocrx_word'/>
</head>
<body>
  <div class='ocr_page' id='page_1' title='image "./comoediaesexexre01tereuoft_0647.png"; bbox 0 0 1815 3168; ppageno 0'>
   <div class='ocr_carea' id='block_1_1' title="bbox 513 149 1050 204">
    <p class='ocr_par' dir='ltr' id='par_1_1' title="bbox 513 149 1050 204">
     <span class='ocr_line' id='line_1_1' title="bbox 513 149 1050 204; baseline 0.007 -5"><span class='ocrx_word' id='word_1_1' title='bbox 513 149 1050 204; x_wconf 82' lang='lat' dir='ltr'><strong>HEAVTONTIM.</strong></span> 
     </span>
    </p>
   </div>
   <div class='ocr_carea' id='block_1_2' title="bbox 1361 170 1474 216">
    <p class='ocr_par' dir='ltr' id='par_1_2' title="bbox 1361 170 1474 216">
     <span class='ocr_line' id='line_1_2' title="bbox 1361 170 1474 216; baseline 0 0"><span class='ocrx_word' id='word_1_2' title='bbox 1361 170 1474 216; x_wconf 79' lang='lat'>549-</span> 
     </span>
    </p>
   </div>
   <div class='ocr_carea' id='block_1_3' title="bbox 104 277 1448 722">
    <p class='ocr_par' dir='ltr' id='par_1_3' title="bbox 104 277 1448 722">
     <span class='ocr_line' id='line_1_3' title="bbox 104 277 1448 347; baseline 0.001 -19"><span class='ocrx_word' id='word_1_3' title='bbox 104 302 113 315; x_wconf 46' lang='grc' dir='ltr'><strong>ι</strong></span> <span class='ocrx_word' id='word_1_4' title='bbox 220 281 362 328; x_wconf 84' lang='lat' dir='ltr'><strong>Sedin</strong></span> <span class='ocrx_word' id='word_1_5' title='bbox 375 277 517 327; x_wconf 75' lang='lat' dir='ltr'><strong>Aliam</strong></span> <span class='ocrx_word' id='word_1_6' title='bbox 530 281 633 328; x_wconf 89' lang='lat' dir='ltr'><strong>hinc</strong></span> <span class='ocrx_word' id='word_1_7' title='bbox 647 280 732 328; x_wconf 85' lang='lat' dir='ltr'><strong>abii</strong></span> <span class='ocrx_word' id='word_1_8' title='bbox 746 293 929 346; x_wconf 85' lang='lat' dir='ltr'><strong>propter</strong></span> <span class='ocrx_word' id='word_1_9' title='bbox 940 284 1220 346; x_wconf 78' lang='lat' dir='ltr'><strong>pauperiem3</strong></span> <span class='ocrx_word' id='word_1_10' title='bbox 1248 294 1375 347; x_wconf 84' lang='lat' dir='ltr'><strong>atque</strong></span> <span class='ocrx_word' id='word_1_11' title='bbox 1390 283 1448 330; x_wconf 85' lang='lat' dir='ltr'><strong>ibi</strong></span> 
     </span>
     <span class='ocr_line' id='line_1_4' title="bbox 124 357 1250 420; baseline -0.004 -15"><span class='ocrx_word' id='word_1_12' title='bbox 124 357 188 405; x_wconf 86' lang='lat'><strong>60</strong></span> <span class='ocrx_word' id='word_1_13' title='bbox 220 357 358 404; x_wconf 89' lang='lat' dir='ltr'><strong>Simul</strong></span> <span class='ocrx_word' id='word_1_14' title='bbox 381 363 554 408; x_wconf 52' lang='lat' dir='ltr'><strong>renuet</strong></span> <span class='ocrx_word' id='word_1_15' title='bbox 575 357 760 417; x_wconf 88' lang='lat' dir='ltr'>gloriam</span> <span class='ocrx_word' id='word_1_16' title='bbox 783 360 911 403; x_wconf 83' lang='lat' dir='ltr'><strong>armis</strong></span> <span class='ocrx_word' id='word_1_17' title='bbox 933 357 1034 403; x_wconf 90' lang='lat' dir='ltr'><strong>belli</strong></span> <span class='ocrx_word' id='word_1_18' title='bbox 1057 359 1250 420; x_wconf 85' lang='lat' dir='ltr'><strong>repperi.</strong></span> 
     </span>
     <span class='ocr_line' id='line_1_5' title="bbox 217 431 1200 479; baseline -0.003 0"><span class='ocrx_word' id='word_1_19' title='bbox 217 432 435 479; x_wconf 76' lang='lat' dir='ltr'><strong>Postremo</strong></span> <span class='ocrx_word' id='word_1_20' title='bbox 456 431 565 478; x_wconf 88' lang='lat' dir='ltr'><strong>adeo</strong></span> <span class='ocrx_word' id='word_1_21' title='bbox 584 448 652 478; x_wconf 88' lang='lat' dir='ltr'><strong>res</strong></span> <span class='ocrx_word' id='word_1_22' title='bbox 672 432 823 478; x_wconf 59' lang='lat' dir='ltr'><strong>rediit:</strong></span> <span class='ocrx_word' id='word_1_23' title='bbox 862 431 1200 479; x_wconf 81' lang='lat' dir='ltr'><strong>adolescentulus</strong></span> 
     </span>
     <span class='ocr_line' id='line_1_6' title="bbox 215 503 1341 571; baseline -0.003 -17"><span class='ocrx_word' id='word_1_24' title='bbox 215 511 352 571; x_wconf 87' lang='lat' dir='ltr'>Saepe</span> <span class='ocrx_word' id='word_1_25' title='bbox 378 506 542 560; x_wconf 83' lang='lat' dir='ltr'><strong>eadem,</strong></span> <span class='ocrx_word' id='word_1_26' title='bbox 568 517 611 553; x_wconf 86' lang='lat' dir='ltr'><strong>et</strong></span> <span class='ocrx_word' id='word_1_27' title='bbox 633 509 823 568; x_wconf 84' lang='lat' dir='ltr'><strong>grauiter</strong></span> <span class='ocrx_word' id='word_1_28' title='bbox 847 507 1079 560; x_wconf 76' lang='lat' dir='ltr'><strong>audiendo,</strong></span> <span class='ocrx_word' id='word_1_29' title='bbox 1103 504 1244 555; x_wconf 52' lang='lat' dir='ltr'><strong>vigi-as</strong></span> <span class='ocrx_word' id='word_1_30' title='bbox 1267 503 1341 552; x_wconf 81' lang='lat' dir='ltr'><strong>est.</strong></span> 
     </span>
     <span class='ocr_line' id='line_1_7' title="bbox 212 582 1165 635; baseline -0.001 -6"><span class='ocrx_word' id='word_1_31' title='bbox 212 584 385 629; x_wconf 85' lang='lat' dir='ltr'><strong>Putauit</strong></span> <span class='ocrx_word' id='word_1_32' title='bbox 406 598 478 627; x_wconf 89' lang='lat' dir='ltr'><strong>me</strong></span> <span class='ocrx_word' id='word_1_33' title='bbox 500 592 543 628; x_wconf 87' lang='lat' dir='ltr'><strong>et</strong></span> <span class='ocrx_word' id='word_1_34' title='bbox 563 592 712 635; x_wconf 84' lang='lat' dir='ltr'><strong>aetate,</strong></span> <span class='ocrx_word' id='word_1_35' title='bbox 734 592 778 628; x_wconf 84' lang='lat' dir='ltr'><strong>et</strong></span> <span class='ocrx_word' id='word_1_36' title='bbox 800 582 1106 629; x_wconf 87' lang='lat' dir='ltr'><strong>beneuolentia</strong></span> <span class='ocrx_word' id='word_1_37' title='bbox 1161 616 1165 617; x_wconf 22' lang='grc' dir='ltr'><em>ν</em></span> 
     </span>
     <span class='ocr_line' id='line_1_8' title="bbox 213 651 1277 722; baseline -0.003 -18"><span class='ocrx_word' id='word_1_38' title='bbox 213 658 315 704; x_wconf 86' lang='lat' dir='ltr'><strong>Plus</strong></span> <span class='ocrx_word' id='word_1_39' title='bbox 337 657 442 704; x_wconf 86' lang='lat' dir='ltr'><strong>scire</strong></span> <span class='ocrx_word' id='word_1_40' title='bbox 461 667 503 703; x_wconf 87' lang='lat' dir='ltr'><strong>et</strong></span> <span class='ocrx_word' id='word_1_41' title='bbox 524 651 930 722; x_wconf 78' lang='lat' dir='ltr'><strong>prouidere,&#39;quam</strong></span> <span class='ocrx_word' id='word_1_42' title='bbox 953 657 991 703; x_wconf 91' lang='lat' dir='ltr'><strong>se</strong></span> <span class='ocrx_word' id='word_1_43' title='bbox 1011 657 1151 720; x_wconf 89' lang='lat' dir='ltr'><strong>ipsum</strong></span> <span class='ocrx_word' id='word_1_44' title='bbox 1177 654 1277 702; x_wconf 84' lang='lat' dir='ltr'><strong>fibi:</strong></span> 
     </span>
    </p>
   </div>
   <div class='ocr_carea' id='block_1_4' title="bbox 114 730 1332 794">
    <p class='ocr_par' dir='ltr' id='par_1_4' title="bbox 114 730 1332 794">
     <span class='ocr_line' id='line_1_9' title="bbox 114 730 1332 794; baseline -0.002 -13"><span class='ocrx_word' id='word_1_45' title='bbox 114 730 177 794; x_wconf 86' lang='lat'><strong>65</strong></span> <span class='ocrx_word' id='word_1_46' title='bbox 215 735 268 779; x_wconf 90' lang='lat' dir='ltr'><strong>In</strong></span> <span class='ocrx_word' id='word_1_47' title='bbox 290 730 432 780; x_wconf 80' lang='lat' dir='ltr'>Asiam</span> <span class='ocrx_word' id='word_1_48' title='bbox 454 732 508 779; x_wconf 90' lang='lat' dir='ltr'><strong>ad</strong></span> <span class='ocrx_word' id='word_1_49' title='bbox 531 736 698 794; x_wconf 84' lang='lat' dir='ltr'>Regem</span> <span class='ocrx_word' id='word_1_50' title='bbox 720 732 951 779; x_wconf 82' lang='lat' dir='ltr'><strong>militatum</strong></span> <span class='ocrx_word' id='word_1_51' title='bbox 976 732 1093 785; x_wconf 82' lang='lat' dir='ltr'><strong>abiit,</strong></span> <span class='ocrx_word' id='word_1_52' title='bbox 1128 731 1332 779; x_wconf 84' lang='lat' dir='ltr'><strong>Chreme.</strong></span> 
     </span>
    </p>
   </div>
   <div class='ocr_carea' id='block_1_5' title="bbox 61 949 736 2623">
    <p class='ocr_par' dir='ltr' id='par_1_5' title="bbox 72 949 736 1104">
     <span class='ocr_line' id='line_1_10' title="bbox 75 949 735 1005; baseline 0.003 -16"><span class='ocrx_word' id='word_1_53' title='bbox 75 950 116 989; x_wconf 80' lang='lat' dir='ltr'><strong>tii</strong></span> <span class='ocrx_word' id='word_1_54' title='bbox 135 960 382 1002; x_wconf 87' lang='lat' dir='ltr'><strong>praeceptum</strong></span> <span class='ocrx_word' id='word_1_55' title='bbox 393 949 491 1003; x_wconf 83' lang='lat' dir='ltr'><strong>(Art.</strong></span> <span class='ocrx_word' id='word_1_56' title='bbox 501 953 606 993; x_wconf 87' lang='lat' dir='ltr'><strong>Poet.</strong></span> <span class='ocrx_word' id='word_1_57' title='bbox 623 952 735 1005; x_wconf 85' lang='lat'>173.)</span> 
     </span>
     <span class='ocr_line' id='line_1_11' title="bbox 72 1006 736 1061; baseline 0.003 -16"><span class='ocrx_word' id='word_1_58' title='bbox 72 1006 246 1048; x_wconf 86' lang='lat' dir='ltr'><strong>laudator</strong></span> <span class='ocrx_word' id='word_1_59' title='bbox 268 1009 457 1061; x_wconf 50' lang='lat' dir='ltr'><strong>temporis·¹</strong></span> <span class='ocrx_word' id='word_1_60' title='bbox 473 1009 548 1048; x_wconf 74' lang='grc' dir='ltr'><strong>αέῖἱ</strong></span> <span class='ocrx_word' id='word_1_61' title='bbox 585 1009 736 1048; x_wconf 88' lang='lat' dir='ltr'><strong>induci-</strong></span> 
     </span>
     <span class='ocr_line' id='line_1_12' title="bbox 74 1064 245 1104; baseline 0.018 -3"><span class='ocrx_word' id='word_1_62' title='bbox 74 1074 145 1102; x_wconf 87' lang='lat' dir='ltr'>tur.</span> <span class='ocrx_word' id='word_1_63' title='bbox 200 1064 245 1104; x_wconf 90' lang='lat' dir='ltr'><strong>C.</strong></span> 
     </span>
    </p>

    <p class='ocr_par' dir='ltr' id='par_1_6' title="bbox 67 1117 734 1661">
     <span class='ocr_line' id='line_1_13' title="bbox 124 1117 734 1174; baseline 0 -16"><span class='ocrx_word' id='word_1_64' title='bbox 124 1131 176 1172; x_wconf 82' lang='lat'><strong>59</strong></span> <span class='ocrx_word' id='word_1_65' title='bbox 205 1119 250 1158; x_wconf 89' lang='lat' dir='ltr'><strong>In</strong></span> <span class='ocrx_word' id='word_1_66' title='bbox 267 1117 412 1174; x_wconf 77' lang='lat' dir='ltr'><strong>Aſsum]</strong></span> <span class='ocrx_word' id='word_1_67' title='bbox 442 1121 557 1171; x_wconf 88' lang='lat' dir='ltr'><strong>Quae</strong></span> <span class='ocrx_word' id='word_1_68' title='bbox 583 1119 639 1160; x_wconf 89' lang='lat' dir='ltr'><strong>est</strong></span> <span class='ocrx_word' id='word_1_69' title='bbox 662 1130 734 1159; x_wconf 87' lang='lat' dir='ltr'><strong>ter-</strong></span> 
     </span>
     <span class='ocr_line' id='line_1_14' title="bbox 73 1174 730 1227; baseline 0.002 -15"><span class='ocrx_word' id='word_1_70' title='bbox 73 1174 125 1213; x_wconf 84' lang='lat' dir='ltr'><strong>tia</strong></span> <span class='ocrx_word' id='word_1_71' title='bbox 143 1188 228 1225; x_wconf 91' lang='lat' dir='ltr'><strong>pars</strong></span> <span class='ocrx_word' id='word_1_72' title='bbox 249 1175 367 1224; x_wconf 89' lang='lat' dir='ltr'><strong>orbis,</strong></span> <span class='ocrx_word' id='word_1_73' title='bbox 397 1186 437 1215; x_wconf 88' lang='lat' dir='ltr'><strong>et</strong></span> <span class='ocrx_word' id='word_1_74' title='bbox 460 1176 664 1227; x_wconf 86' lang='lat' dir='ltr'><strong>prouincia</strong></span> <span class='ocrx_word' id='word_1_75' title='bbox 688 1176 730 1213; x_wconf 92' lang='lat' dir='ltr'><strong>in</strong></span> 
     </span>
     <span class='ocr_line' id='line_1_15' title="bbox 72 1229 728 1283; baseline 0 -14"><span class='ocrx_word' id='word_1_76' title='bbox 72 1242 120 1269; x_wconf 82' lang='lat' dir='ltr'><strong>ea</strong></span> <span class='ocrx_word' id='word_1_77' title='bbox 165 1241 273 1283; x_wconf 86' lang='lat' dir='ltr'><strong>parte</strong></span> <span class='ocrx_word' id='word_1_78' title='bbox 322 1229 494 1271; x_wconf 82' lang='lat' dir='ltr'><strong>eiusdem</strong></span> <span class='ocrx_word' id='word_1_79' title='bbox 543 1231 728 1269; x_wconf 85' lang='lat' dir='ltr'><strong>nominis.</strong></span> 
     </span>
     <span class='ocr_line' id='line_1_16' title="bbox 72 1284 730 1341; baseline 0 -16"><span class='ocrx_word' id='word_1_80' title='bbox 72 1287 235 1336; x_wconf 85' lang='lat' dir='ltr'><em>Propter</em></span> <span class='ocrx_word' id='word_1_81' title='bbox 249 1288 476 1341; x_wconf 81' lang='lat' dir='ltr'><strong>pauperiem]</strong></span> <span class='ocrx_word' id='word_1_82' title='bbox 508 1288 612 1338; x_wconf 88' lang='lat' dir='ltr'>Quia</span> <span class='ocrx_word' id='word_1_83' title='bbox 622 1284 730 1326; x_wconf 80' lang='lat' dir='ltr'><strong>vnus-</strong></span> 
     </span>
     <span class='ocr_line' id='line_1_17' title="bbox 71 1341 729 1394; baseline 0 -14"><span class='ocrx_word' id='word_1_84' title='bbox 71 1341 231 1393; x_wconf 84' lang='lat' dir='ltr'><strong>quisque</strong></span> <span class='ocrx_word' id='word_1_85' title='bbox 249 1344 352 1394; x_wconf 89' lang='lat' dir='ltr'><strong>cupit</strong></span> <span class='ocrx_word' id='word_1_86' title='bbox 371 1344 600 1394; x_wconf 82' lang='lat' dir='ltr'><strong>pauperiem</strong></span> <span class='ocrx_word' id='word_1_87' title='bbox 617 1341 729 1394; x_wconf 83' lang='lat' dir='ltr'><strong>fuge-</strong></span> 
     </span>
     <span class='ocr_line' id='line_1_18' title="bbox 72 1398 726 1450; baseline -0.005 -13"><span class='ocrx_word' id='word_1_88' title='bbox 72 1412 133 1444; x_wconf 87' lang='lat' dir='ltr'><strong>re,</strong></span> <span class='ocrx_word' id='word_1_89' title='bbox 163 1409 345 1448; x_wconf 85' lang='lat' dir='ltr'>tanquam</span> <span class='ocrx_word' id='word_1_90' title='bbox 367 1411 553 1450; x_wconf 81' lang='lat' dir='ltr'><strong>magnum</strong></span> <span class='ocrx_word' id='word_1_91' title='bbox 572 1398 726 1445; x_wconf 82' lang='lat' dir='ltr'><strong>malum,</strong></span> 
     </span>
     <span class='ocr_line' id='line_1_19' title="bbox 71 1453 728 1505; baseline 0 -13"><span class='ocrx_word' id='word_1_92' title='bbox 71 1466 110 1493; x_wconf 80' lang='lat' dir='ltr'><strong>vt</strong></span> <span class='ocrx_word' id='word_1_93' title='bbox 151 1453 276 1505; x_wconf 86' lang='lat' dir='ltr'><strong>inquit</strong></span> <span class='ocrx_word' id='word_1_94' title='bbox 316 1455 508 1492; x_wconf 85' lang='lat' dir='ltr'>Horatius.</span> <span class='ocrx_word' id='word_1_95' title='bbox 568 1454 728 1504; x_wconf 82' lang='lat' dir='ltr'><strong>Propter</strong></span> 
     </span>
     <span class='ocr_line' id='line_1_20' title="bbox 67 1507 728 1563; baseline 0 -15"><span class='ocrx_word' id='word_1_96' title='bbox 67 1509 293 1563; x_wconf 83' lang='lat' dir='ltr'><strong>pauperiem]</strong></span> <span class='ocrx_word' id='word_1_97' title='bbox 334 1509 541 1562; x_wconf 84' lang='lat' dir='ltr'><em>Paupertas</em></span> <span class='ocrx_word' id='word_1_98' title='bbox 567 1507 622 1547; x_wconf 86' lang='lat' dir='ltr'><strong>est</strong></span> <span class='ocrx_word' id='word_1_99' title='bbox 648 1522 728 1548; x_wconf 87' lang='lat' dir='ltr'><strong>me-</strong></span> 
     </span>
     <span class='ocr_line' id='line_1_21' title="bbox 71 1563 726 1618; baseline -0.002 -15"><span class='ocrx_word' id='word_1_100' title='bbox 71 1565 279 1613; x_wconf 82' lang='lat' dir='ltr'><strong>diocrium,</strong></span> <span class='ocrx_word' id='word_1_101' title='bbox 316 1566 507 1618; x_wconf 82' lang='lat' dir='ltr'><em>pauperies</em></span> <span class='ocrx_word' id='word_1_102' title='bbox 525 1563 726 1604; x_wconf 88' lang='lat' dir='ltr'><strong>mendico-</strong></span> 
     </span>
     <span class='ocr_line' id='line_1_22' title="bbox 71 1622 271 1661; baseline -0.005 -1"><span class='ocrx_word' id='word_1_103' title='bbox 71 1635 169 1660; x_wconf 85' lang='lat' dir='ltr'><strong>rum.</strong></span> <span class='ocrx_word' id='word_1_104' title='bbox 224 1622 271 1661; x_wconf 90' lang='lat' dir='ltr'><strong>C.</strong></span> 
     </span>
    </p>

    <p class='ocr_par' dir='ltr' id='par_1_7' title="bbox 61 1675 728 2221">
     <span class='ocr_line' id='line_1_23' title="bbox 125 1675 724 1730; baseline -0.008 -12"><span class='ocrx_word' id='word_1_105' title='bbox 125 1680 180 1719; x_wconf 90' lang='lat'><strong>60</strong></span> <span class='ocrx_word' id='word_1_106' title='bbox 215 1676 305 1716; x_wconf 89' lang='lat' dir='ltr'><strong>Rem</strong></span> <span class='ocrx_word' id='word_1_107' title='bbox 332 1686 369 1717; x_wconf 81' lang='lat' dir='ltr'><strong>et</strong></span> <span class='ocrx_word' id='word_1_108' title='bbox 393 1675 575 1730; x_wconf 82' lang='lat' dir='ltr'><em>gloriam]</em></span> <span class='ocrx_word' id='word_1_109' title='bbox 614 1678 724 1715; x_wconf 86' lang='lat' dir='ltr'><strong>Haec</strong></span> 
     </span>
     <span class='ocr_line' id='line_1_24' title="bbox 62 1730 728 1782; baseline -0.005 -10"><span class='ocrx_word' id='word_1_110' title='bbox 62 1733 146 1774; x_wconf 70' lang='lat' dir='ltr'><strong>‚duo</strong></span> <span class='ocrx_word' id='word_1_111' title='bbox 165 1732 395 1782; x_wconf 83' lang='lat' dir='ltr'><strong>potiffimum</strong></span> <span class='ocrx_word' id='word_1_112' title='bbox 410 1731 626 1771; x_wconf 87' lang='lat' dir='ltr'><strong>amilitibus</strong></span> <span class='ocrx_word' id='word_1_113' title='bbox 638 1730 728 1770; x_wconf 89' lang='lat' dir='ltr'><strong>stre-</strong></span> 
     </span>
     <span class='ocr_line' id='line_1_25' title="bbox 67 1787 726 1840; baseline -0.002 -13"><span class='ocrx_word' id='word_1_114' title='bbox 67 1790 156 1827; x_wconf 78' lang='lat' dir='ltr'><strong>nuis</strong></span> <span class='ocrx_word' id='word_1_115' title='bbox 198 1800 474 1840; x_wconf 85' lang='lat' dir='ltr'><strong>comparantur.</strong></span> <span class='ocrx_word' id='word_1_116' title='bbox 536 1787 609 1826; x_wconf 79' lang='lat' dir='ltr'><strong>Res</strong></span> <span class='ocrx_word' id='word_1_117' title='bbox 654 1787 726 1826; x_wconf 82' lang='lat' dir='ltr'><strong>tria</strong></span> 
     </span>
     <span class='ocr_line' id='line_1_26' title="bbox 67 1843 725 1896; baseline -0.002 -13"><span class='ocrx_word' id='word_1_118' title='bbox 67 1854 188 1892; x_wconf 70' lang='lat' dir='ltr'><strong>notat,</strong></span> <span class='ocrx_word' id='word_1_119' title='bbox 224 1845 435 1896; x_wconf 86' lang='lat' dir='ltr'><strong>imperium</strong></span> <span class='ocrx_word' id='word_1_120' title='bbox 469 1843 546 1882; x_wconf 75' lang='lat' dir='ltr'><strong>flue</strong></span> <span class='ocrx_word' id='word_1_121' title='bbox 573 1843 725 1890; x_wconf 83' lang='lat' dir='ltr'><strong>diuitas,</strong></span> 
     </span>
     <span class='ocr_line' id='line_1_27' title="bbox 68 1899 725 1947; baseline -0.005 -8"><span class='ocrx_word' id='word_1_122' title='bbox 68 1900 199 1947; x_wconf 88' lang='lat' dir='ltr'><strong>litem,</strong></span> <span class='ocrx_word' id='word_1_123' title='bbox 241 1910 280 1938; x_wconf 80' lang='lat' dir='ltr'><strong>et</strong></span> <span class='ocrx_word' id='word_1_124' title='bbox 323 1903 533 1939; x_wconf 83' lang='lat' dir='ltr'><strong>Venerem.</strong></span> <span class='ocrx_word' id='word_1_125' title='bbox 598 1899 725 1938; x_wconf 83' lang='lat' dir='ltr'><strong>Armis</strong></span> 
     </span>
     <span class='ocr_line' id='line_1_28' title="bbox 61 1953 723 2009; baseline -0.003 -14"><span class='ocrx_word' id='word_1_126' title='bbox 61 1955 230 2009; x_wconf 82' lang='lat' dir='ltr'><strong>-repperi]</strong></span> <span class='ocrx_word' id='word_1_127' title='bbox 261 1955 339 1995; x_wconf 87' lang='lat' dir='ltr'><strong>Alii</strong></span> <span class='ocrx_word' id='word_1_128' title='bbox 361 1954 529 1996; x_wconf 85' lang='lat' dir='ltr'><strong>Codices</strong></span> <span class='ocrx_word' id='word_1_129' title='bbox 556 1967 638 1993; x_wconf 87' lang='lat' dir='ltr'><strong>non</strong></span> <span class='ocrx_word' id='word_1_130' title='bbox 658 1953 723 1993; x_wconf 84' lang='lat' dir='ltr'><strong>ha-</strong></span> 
     </span>
     <span class='ocr_line' id='line_1_29' title="bbox 69 2010 721 2059; baseline -0.006 -7"><span class='ocrx_word' id='word_1_131' title='bbox 69 2013 165 2052; x_wconf 88' lang='lat' dir='ltr'><strong>bent</strong></span> <span class='ocrx_word' id='word_1_132' title='bbox 193 2024 278 2050; x_wconf 86' lang='lat' dir='ltr'><strong>cum</strong></span> <span class='ocrx_word' id='word_1_133' title='bbox 297 2012 408 2050; x_wconf 81' lang='lat' dir='ltr'><strong>armis</strong></span> <span class='ocrx_word' id='word_1_134' title='bbox 427 2010 539 2059; x_wconf 86' lang='lat' dir='ltr'><strong>belli,</strong></span> <span class='ocrx_word' id='word_1_135' title='bbox 570 2021 610 2049; x_wconf 89' lang='lat' dir='ltr'><strong>et</strong></span> <span class='ocrx_word' id='word_1_136' title='bbox 629 2020 721 2049; x_wconf 85' lang='lat' dir='ltr'><strong>tunc</strong></span> 
     </span>
     <span class='ocr_line' id='line_1_30' title="bbox 67 2067 722 2120; baseline -0.002 -13"><span class='ocrx_word' id='word_1_137' title='bbox 67 2070 180 2107; x_wconf 87' lang='lat' dir='ltr'><strong>armis</strong></span> <span class='ocrx_word' id='word_1_138' title='bbox 199 2067 293 2106; x_wconf 86' lang='lat' dir='ltr'><strong>belli</strong></span> <span class='ocrx_word' id='word_1_139' title='bbox 312 2067 560 2120; x_wconf 82' lang='lat' dir='ltr'><strong>intelligatur,</strong></span> <span class='ocrx_word' id='word_1_140' title='bbox 571 2067 595 2105; x_wconf 89' lang='lat' dir='ltr'><strong>i.</strong></span> <span class='ocrx_word' id='word_1_141' title='bbox 607 2079 639 2106; x_wconf 92' lang='lat' dir='ltr'><strong>e.</strong></span> <span class='ocrx_word' id='word_1_142' title='bbox 651 2080 722 2118; x_wconf 87' lang='lat' dir='ltr'><strong>per</strong></span> 
     </span>
     <span class='ocr_line' id='line_1_31' title="bbox 69 2121 722 2177; baseline -0.003 -14"><span class='ocrx_word' id='word_1_143' title='bbox 69 2124 262 2177; x_wconf 83' lang='lat' dir='ltr'><strong>praeclara</strong></span> <span class='ocrx_word' id='word_1_144' title='bbox 279 2121 400 2177; x_wconf 81' lang='lat' dir='ltr'><strong>gesta,</strong></span> <span class='ocrx_word' id='word_1_145' title='bbox 429 2136 530 2175; x_wconf 86' lang='lat' dir='ltr'><strong>quae</strong></span> <span class='ocrx_word' id='word_1_146' title='bbox 556 2122 650 2176; x_wconf 83' lang='lat' dir='ltr'><strong>geffi</strong></span> <span class='ocrx_word' id='word_1_147' title='bbox 679 2123 722 2161; x_wconf 92' lang='lat' dir='ltr'><strong>in</strong></span> 
     </span>
     <span class='ocr_line' id='line_1_32' title="bbox 68 2181 288 2221; baseline 0 -2"><span class='ocrx_word' id='word_1_148' title='bbox 68 2181 184 2221; x_wconf 82' lang='lat' dir='ltr'><strong>bello.</strong></span> <span class='ocrx_word' id='word_1_149' title='bbox 243 2181 288 2221; x_wconf 94' lang='lat' dir='ltr'><strong>C.</strong></span> 
     </span>
    </p>

    <p class='ocr_par' dir='ltr' id='par_1_8' title="bbox 70 2233 725 2456">
     <span class='ocr_line' id='line_1_33' title="bbox 125 2233 725 2288; baseline -0.005 -12"><span class='ocrx_word' id='word_1_150' title='bbox 125 2237 292 2276; x_wconf 73' lang='lat' dir='ltr'><strong>simulet</strong></span> <span class='ocrx_word' id='word_1_151' title='bbox 311 2248 399 2284; x_wconf 88' lang='lat' dir='ltr'><strong>rem,</strong></span> <span class='ocrx_word' id='word_1_152' title='bbox 418 2247 453 2274; x_wconf 86' lang='lat' dir='ltr'><strong>et</strong></span> <span class='ocrx_word' id='word_1_153' title='bbox 468 2233 642 2288; x_wconf 84' lang='lat' dir='ltr'><em>gloriam]</em></span> <span class='ocrx_word' id='word_1_154' title='bbox 671 2237 725 2274; x_wconf 91' lang='lat' dir='ltr'><strong>Vt</strong></span> 
     </span>
     <span class='ocr_line' id='line_1_34' title="bbox 70 2291 725 2342; baseline -0.002 -12"><span class='ocrx_word' id='word_1_155' title='bbox 70 2299 146 2330; x_wconf 83' lang='lat' dir='ltr'><strong>vno</strong></span> <span class='ocrx_word' id='word_1_156' title='bbox 183 2301 359 2342; x_wconf 85' lang='lat' dir='ltr'><strong>tempore</strong></span> <span class='ocrx_word' id='word_1_157' title='bbox 394 2291 557 2331; x_wconf 84' lang='lat' dir='ltr'><strong>militiae</strong></span> <span class='ocrx_word' id='word_1_158' title='bbox 593 2291 725 2330; x_wconf 85' lang='lat' dir='ltr'><strong>labore</strong></span> 
     </span>
     <span class='ocr_line' id='line_1_35' title="bbox 71 2346 725 2400; baseline 0.003 -15"><span class='ocrx_word' id='word_1_159' title='bbox 71 2347 236 2399; x_wconf 87' lang='lat' dir='ltr'><strong>propri0‚</strong></span> <span class='ocrx_word' id='word_1_160' title='bbox 257 2357 296 2386; x_wconf 89' lang='lat' dir='ltr'><strong>et</strong></span> <span class='ocrx_word' id='word_1_161' title='bbox 313 2346 484 2387; x_wconf 87' lang='lat' dir='ltr'>fortunas</span> <span class='ocrx_word' id='word_1_162' title='bbox 510 2347 725 2400; x_wconf 83' lang='lat' dir='ltr'><strong>reperirem</strong></span> 
     </span>
     <span class='ocr_line' id='line_1_36' title="bbox 72 2403 449 2456; baseline 0.003 -14"><span class='ocrx_word' id='word_1_163' title='bbox 72 2403 347 2456; x_wconf 86' lang='lat' dir='ltr'><strong>etdignitates.</strong></span> <span class='ocrx_word' id='word_1_164' title='bbox 404 2408 449 2445; x_wconf 90' lang='lat' dir='ltr'><strong>E.</strong></span> 
     </span>
    </p>

    <p class='ocr_par' dir='ltr' id='par_1_9' title="bbox 69 2455 724 2623">
     <span class='ocr_line' id='line_1_37' title="bbox 124 2455 724 2514; baseline -0.007 -12"><span class='ocrx_word' id='word_1_165' title='bbox 124 2462 180 2502; x_wconf 86' lang='lat'><strong>62</strong></span> <span class='ocrx_word' id='word_1_166' title='bbox 208 2459 414 2514; x_wconf 83' lang='lat' dir='ltr'><strong>Audiendo]</strong></span> <span class='ocrx_word' id='word_1_167' title='bbox 444 2459 595 2500; x_wconf 83' lang='lat' dir='ltr'><strong>Scilicet</strong></span> <span class='ocrx_word' id='word_1_168' title='bbox 609 2455 724 2510; x_wconf 88' lang='lat' dir='ltr'><strong>saepe</strong></span> 
     </span>
     <span class='ocr_line' id='line_1_38' title="bbox 70 2514 710 2566; baseline 0 -12"><span class='ocrx_word' id='word_1_169' title='bbox 70 2514 211 2556; x_wconf 83' lang='lat' dir='ltr'><strong>eadem</strong></span> <span class='ocrx_word' id='word_1_170' title='bbox 229 2515 401 2554; x_wconf 81' lang='lat' dir='ltr'><strong>conuicia</strong></span> <span class='ocrx_word' id='word_1_171' title='bbox 417 2526 456 2555; x_wconf 92' lang='lat' dir='ltr'><strong>et</strong></span> <span class='ocrx_word' id='word_1_172' title='bbox 475 2515 622 2566; x_wconf 87' lang='lat' dir='ltr'><strong>probra.</strong></span> <span class='ocrx_word' id='word_1_173' title='bbox 661 2515 710 2554; x_wconf 79' lang='lat' dir='ltr'><strong>Vi</strong></span> 
     </span>
     <span class='ocr_line' id='line_1_39' title="bbox 69 2569 724 2623; baseline 0 -13"><span class='ocrx_word' id='word_1_174' title='bbox 69 2573 149 2610; x_wconf 64' lang='lat' dir='ltr'><strong>etus</strong></span> <span class='ocrx_word' id='word_1_175' title='bbox 167 2569 228 2623; x_wconf 84' lang='lat' dir='ltr'><strong>est]</strong></span> <span class='ocrx_word' id='word_1_176' title='bbox 260 2573 295 2610; x_wconf 88' lang='lat' dir='ltr'>A</span> <span class='ocrx_word' id='word_1_177' title='bbox 314 2570 500 2622; x_wconf 82' lang='lat' dir='ltr'><strong>propofito</strong></span> <span class='ocrx_word' id='word_1_178' title='bbox 511 2572 610 2610; x_wconf 91' lang='lat' dir='ltr'><strong>malo</strong></span> <span class='ocrx_word' id='word_1_179' title='bbox 624 2584 724 2610; x_wconf 84' lang='lat' dir='ltr'><strong>amo-</strong></span> 
     </span>
    </p>
   </div>
   <div class='ocr_carea' id='block_1_6' title="bbox 0 2625 726 2683">
    <p class='ocr_par' dir='ltr' id='par_1_10' title="bbox 0 2625 726 2683">
     <span class='ocr_line' id='line_1_40' title="bbox 0 2625 726 2683; baseline 0.001 -18"><span class='ocrx_word' id='word_1_180' title='bbox 0 2661 7 2665; x_wconf 85' lang='lat'>.</span> <span class='ocrx_word' id='word_1_181' title='bbox 73 2628 122 2668; x_wconf 58' lang='lat'><strong>1¹53</strong></span> <span class='ocrx_word' id='word_1_182' title='bbox 147 2625 330 2669; x_wconf 73' lang='lat' dir='ltr'><strong>deflexus.</strong></span> <span class='ocrx_word' id='word_1_183' title='bbox 383 2629 431 2669; x_wconf 84' lang='lat' dir='ltr'><strong>Et</strong></span> <span class='ocrx_word' id='word_1_184' title='bbox 454 2627 506 2666; x_wconf 82' lang='lat' dir='ltr'><strong>ita</strong></span> <span class='ocrx_word' id='word_1_185' title='bbox 528 2626 657 2683; x_wconf 75' lang='lat' dir='ltr'><strong>laudat</strong></span> <span class='ocrx_word' id='word_1_186' title='bbox 685 2625 726 2666; x_wconf 86' lang='lat' dir='ltr'><strong>fi-</strong></span> 
     </span>
    </p>
   </div>
   <div class='ocr_carea' id='block_1_7' title="bbox 1335 800 1445 853">
    <p class='ocr_par' dir='ltr' id='par_1_11' title="bbox 1335 800 1445 853">
     <span class='ocr_line' id='line_1_41' title="bbox 1335 800 1445 853; baseline 0 0"><span class='ocrx_word' id='word_1_187' title='bbox 1335 800 1445 853; x_wconf 69' lang='lat' dir='ltr'><strong>Cu.</strong></span> 
     </span>
    </p>
   </div>
   <div class='ocr_carea' id='block_1_8' title="bbox 770 948 1499 2735">
    <p class='ocr_par' dir='ltr' id='par_1_12' title="bbox 783 948 1442 1172">
     <span class='ocr_line' id='line_1_42' title="bbox 783 948 1442 1003; baseline -0.002 -12"><span class='ocrx_word' id='word_1_188' title='bbox 783 952 900 1001; x_wconf 84' lang='lat' dir='ltr'><strong>lium,</strong></span> <span class='ocrx_word' id='word_1_189' title='bbox 927 951 992 1003; x_wconf 90' lang='lat' dir='ltr'><strong>qui</strong></span> <span class='ocrx_word' id='word_1_190' title='bbox 1022 951 1062 989; x_wconf 89' lang='lat' dir='ltr'><strong>in</strong></span> <span class='ocrx_word' id='word_1_191' title='bbox 1089 949 1192 989; x_wconf 88' lang='lat' dir='ltr'><strong>malo</strong></span> <span class='ocrx_word' id='word_1_192' title='bbox 1218 963 1299 990; x_wconf 91' lang='lat' dir='ltr'><strong>non</strong></span> <span class='ocrx_word' id='word_1_193' title='bbox 1319 948 1442 990; x_wconf 80' lang='lat' dir='ltr'><strong>fuerit</strong></span> 
     </span>
     <span class='ocr_line' id='line_1_43' title="bbox 784 1004 1440 1060; baseline 0 -13"><span class='ocrx_word' id='word_1_194' title='bbox 784 1010 971 1060; x_wconf 79' lang='lat' dir='ltr'><strong>pertinax,</strong></span> <span class='ocrx_word' id='word_1_195' title='bbox 991 1017 1029 1045; x_wconf 92' lang='lat' dir='ltr'><strong>vt</strong></span> <span class='ocrx_word' id='word_1_196' title='bbox 1047 1007 1159 1055; x_wconf 81' lang='lat' dir='ltr'><strong>multi</strong></span> <span class='ocrx_word' id='word_1_197' title='bbox 1176 1004 1272 1046; x_wconf 89' lang='lat' dir='ltr'><strong>sunt.</strong></span> <span class='ocrx_word' id='word_1_198' title='bbox 1315 1008 1440 1047; x_wconf 62' lang='lat' dir='ltr'><strong>Vic‘lus</strong></span> 
     </span>
     <span class='ocr_line' id='line_1_44' title="bbox 783 1061 1439 1118; baseline -0.006 -14"><span class='ocrx_word' id='word_1_199' title='bbox 783 1065 850 1118; x_wconf 87' lang='lat' dir='ltr'><strong>est]</strong></span> <span class='ocrx_word' id='word_1_200' title='bbox 882 1067 967 1103; x_wconf 90' lang='lat' dir='ltr'><strong>Non</strong></span> <span class='ocrx_word' id='word_1_201' title='bbox 994 1062 1097 1101; x_wconf 74' lang='lat' dir='ltr'><strong>cellit</strong></span> <span class='ocrx_word' id='word_1_202' title='bbox 1115 1072 1180 1102; x_wconf 86' lang='lat' dir='ltr'><strong>aut</strong></span> <span class='ocrx_word' id='word_1_203' title='bbox 1198 1063 1332 1114; x_wconf 81' lang='lat' dir='ltr'><strong>paruit,</strong></span> <span class='ocrx_word' id='word_1_204' title='bbox 1362 1061 1439 1110; x_wconf 81' lang='lat' dir='ltr'><strong>sed,</strong></span> 
     </span>
     <span class='ocr_line' id='line_1_45' title="bbox 784 1117 1439 1172; baseline 0 -14"><span class='ocrx_word' id='word_1_205' title='bbox 784 1120 886 1172; x_wconf 85' lang='lat' dir='ltr'><strong>quod</strong></span> <span class='ocrx_word' id='word_1_206' title='bbox 909 1118 961 1159; x_wconf 89' lang='lat' dir='ltr'><strong>est</strong></span> <span class='ocrx_word' id='word_1_207' title='bbox 972 1119 1146 1170; x_wconf 85' lang='lat' dir='ltr'><strong>oppreffi‚</strong></span> <span class='ocrx_word' id='word_1_208' title='bbox 1164 1119 1284 1157; x_wconf 56' lang='lat' dir='ltr'><strong>vietus</strong></span> <span class='ocrx_word' id='word_1_209' title='bbox 1296 1117 1358 1156; x_wconf 88' lang='lat' dir='ltr'><strong>est.</strong></span> <span class='ocrx_word' id='word_1_210' title='bbox 1393 1119 1439 1158; x_wconf 91' lang='lat' dir='ltr'><strong>C.</strong></span> 
     </span>
    </p>

    <p class='ocr_par' dir='ltr' id='par_1_13' title="bbox 777 1174 1499 1438">
     <span class='ocr_line' id='line_1_46' title="bbox 836 1174 1499 1228; baseline -0.006 -13"><span class='ocrx_word' id='word_1_211' title='bbox 836 1177 951 1228; x_wconf 78' lang='lat' dir='ltr'><strong>Saepe</strong></span> <span class='ocrx_word' id='word_1_212' title='bbox 989 1175 1132 1222; x_wconf 72' lang='lat' dir='ltr'><strong>eadem,</strong></span> <span class='ocrx_word' id='word_1_213' title='bbox 1181 1186 1216 1213; x_wconf 83' lang='lat' dir='ltr'><strong>et</strong></span> <span class='ocrx_word' id='word_1_214' title='bbox 1246 1174 1436 1228; x_wconf 78' lang='lat' dir='ltr'><strong>grauiter]</strong></span> <span class='ocrx_word' id='word_1_215' title='bbox 1497 1178 1499 1182; x_wconf 81' lang='grc'>’</span> 
     </span>
     <span class='ocr_line' id='line_1_47' title="bbox 781 1227 1437 1280; baseline -0.006 -9"><span class='ocrx_word' id='word_1_216' title='bbox 781 1232 851 1272; x_wconf 90' lang='lat' dir='ltr'><strong>His</strong></span> <span class='ocrx_word' id='word_1_217' title='bbox 871 1241 1006 1270; x_wconf 78' lang='lat' dir='ltr'><strong>onerat</strong></span> <span class='ocrx_word' id='word_1_218' title='bbox 1023 1227 1171 1268; x_wconf 82' lang='lat' dir='ltr'><strong>causam</strong></span> <span class='ocrx_word' id='word_1_219' title='bbox 1190 1227 1305 1277; x_wconf 83' lang='lat' dir='ltr'><strong>suam,</strong></span> <span class='ocrx_word' id='word_1_220' title='bbox 1330 1230 1437 1280; x_wconf 85' lang='lat' dir='ltr'><strong>quod</strong></span> 
     </span>
     <span class='ocr_line' id='line_1_48' title="bbox 777 1286 1436 1338; baseline -0.006 -11"><span class='ocrx_word' id='word_1_221' title='bbox 777 1286 1007 1338; x_wconf 83' lang='lat' dir='ltr'><strong>frequenter</strong></span> <span class='ocrx_word' id='word_1_222' title='bbox 1025 1286 1176 1333; x_wconf 78' lang='lat' dir='ltr'><strong>dixerit,</strong></span> <span class='ocrx_word' id='word_1_223' title='bbox 1201 1297 1240 1324; x_wconf 87' lang='lat' dir='ltr'><strong>et</strong></span> <span class='ocrx_word' id='word_1_224' title='bbox 1258 1286 1436 1338; x_wconf 84' lang='lat' dir='ltr'><strong>grauiter.</strong></span> 
     </span>
     <span class='ocr_line' id='line_1_49' title="bbox 777 1339 1437 1383; baseline -0.003 -1"><span class='ocrx_word' id='word_1_225' title='bbox 777 1342 960 1383; x_wconf 84' lang='lat' dir='ltr'><strong>Tandem</strong></span> <span class='ocrx_word' id='word_1_226' title='bbox 982 1339 1206 1381; x_wconf 85' lang='lat' dir='ltr'><strong>adolescens</strong></span> <span class='ocrx_word' id='word_1_227' title='bbox 1228 1343 1344 1380; x_wconf 56' lang='lat' dir='ltr'><strong>vietus</strong></span> <span class='ocrx_word' id='word_1_228' title='bbox 1365 1339 1437 1380; x_wconf 84' lang='lat' dir='ltr'><strong>dis-</strong></span> 
     </span>
     <span class='ocr_line' id='line_1_50' title="bbox 780 1396 1301 1438; baseline 0 -1"><span class='ocrx_word' id='word_1_229' title='bbox 780 1396 928 1438; x_wconf 75' lang='lat' dir='ltr'><strong>cesserit</strong></span> <span class='ocrx_word' id='word_1_230' title='bbox 947 1398 988 1436; x_wconf 87' lang='lat' dir='ltr'><strong>in</strong></span> <span class='ocrx_word' id='word_1_231' title='bbox 1009 1398 1199 1436; x_wconf 84' lang='lat' dir='ltr'><strong>militiam.</strong></span> <span class='ocrx_word' id='word_1_232' title='bbox 1257 1400 1301 1437; x_wconf 90' lang='lat' dir='ltr'><strong>E.</strong></span> 
     </span>
    </p>

    <p class='ocr_par' dir='ltr' id='par_1_14' title="bbox 773 1448 1438 1669">
     <span class='ocr_line' id='line_1_51' title="bbox 835 1448 1437 1506; baseline -0.003 -14"><span class='ocrx_word' id='word_1_233' title='bbox 835 1457 885 1505; x_wconf 84' lang='lat'><strong>63</strong></span> <span class='ocrx_word' id='word_1_234' title='bbox 919 1455 1074 1492; x_wconf 80' lang='lat' dir='ltr'><strong>Putauit</strong></span> <span class='ocrx_word' id='word_1_235' title='bbox 1102 1453 1174 1506; x_wconf 88' lang='lat' dir='ltr'><strong>me]</strong></span> <span class='ocrx_word' id='word_1_236' title='bbox 1213 1448 1437 1493; x_wconf 87' lang='lat' dir='ltr'><strong>Clementis-</strong></span> 
     </span>
     <span class='ocr_line' id='line_1_52' title="bbox 778 1507 1436 1560; baseline -0.002 -13"><span class='ocrx_word' id='word_1_237' title='bbox 778 1507 888 1548; x_wconf 80' lang='lat' dir='ltr'><strong>fimus</strong></span> <span class='ocrx_word' id='word_1_238' title='bbox 908 1513 1017 1560; x_wconf 84' lang='lat' dir='ltr'><strong>pater</strong></span> <span class='ocrx_word' id='word_1_239' title='bbox 1036 1507 1156 1547; x_wconf 86' lang='lat' dir='ltr'><strong>filium</strong></span> <span class='ocrx_word' id='word_1_240' title='bbox 1176 1508 1316 1555; x_wconf 82' lang='lat' dir='ltr'><strong>laudat,</strong></span> <span class='ocrx_word' id='word_1_241' title='bbox 1330 1507 1436 1558; x_wconf 90' lang='lat' dir='ltr'><strong>quod</strong></span> 
     </span>
     <span class='ocr_line' id='line_1_53' title="bbox 777 1564 1438 1616; baseline -0.002 -13"><span class='ocrx_word' id='word_1_242' title='bbox 777 1578 860 1603; x_wconf 75' lang='lat' dir='ltr'><strong>non</strong></span> <span class='ocrx_word' id='word_1_243' title='bbox 889 1565 1067 1616; x_wconf 82' lang='lat' dir='ltr'><strong>pertinax</strong></span> <span class='ocrx_word' id='word_1_244' title='bbox 1085 1565 1127 1603; x_wconf 88' lang='lat' dir='ltr'><strong>in</strong></span> <span class='ocrx_word' id='word_1_245' title='bbox 1148 1564 1271 1615; x_wconf 87' lang='lat' dir='ltr'><strong>malis,</strong></span> <span class='ocrx_word' id='word_1_246' title='bbox 1294 1565 1438 1603; x_wconf 86' lang='lat' dir='ltr'><strong>vtmul-</strong></span> 
     </span>
     <span class='ocr_line' id='line_1_54' title="bbox 773 1619 1156 1669; baseline -0.003 -10"><span class='ocrx_word' id='word_1_247' title='bbox 773 1622 822 1669; x_wconf 84' lang='lat' dir='ltr'><strong>ti,</strong></span> <span class='ocrx_word' id='word_1_248' title='bbox 850 1619 974 1659; x_wconf 85' lang='lat' dir='ltr'><strong>fuerit.</strong></span> <span class='ocrx_word' id='word_1_249' title='bbox 1032 1620 1076 1659; x_wconf 88' lang='lat' dir='ltr'><strong>C.</strong></span> <span class='ocrx_word' id='word_1_250' title='bbox 1154 1648 1156 1651; x_wconf 89' lang='lat'>-</span> 
     </span>
    </p>

    <p class='ocr_par' dir='ltr' id='par_1_15' title="bbox 771 1673 1436 1995">
     <span class='ocr_line' id='line_1_55' title="bbox 830 1673 1436 1715; baseline -0.002 0"><span class='ocrx_word' id='word_1_251' title='bbox 830 1675 905 1715; x_wconf 78' lang='lat' dir='ltr'><strong>Etsi</strong></span> <span class='ocrx_word' id='word_1_252' title='bbox 925 1674 1133 1715; x_wconf 81' lang='lat' dir='ltr'><strong>Bembinus</strong></span> <span class='ocrx_word' id='word_1_253' title='bbox 1152 1675 1304 1714; x_wconf 84' lang='lat' dir='ltr'><strong>videtur</strong></span> <span class='ocrx_word' id='word_1_254' title='bbox 1320 1673 1436 1714; x_wconf 84' lang='lat' dir='ltr'><strong>habe-</strong></span> 
     </span>
     <span class='ocr_line' id='line_1_56' title="bbox 775 1731 1433 1784; baseline -0.002 -13"><span class='ocrx_word' id='word_1_255' title='bbox 775 1745 818 1771; x_wconf 89' lang='lat' dir='ltr'><strong>re</strong></span> <span class='ocrx_word' id='word_1_256' title='bbox 834 1731 1050 1784; x_wconf 73' lang='lat' dir='ltr'><strong>fizpientia:</strong></span> <span class='ocrx_word' id='word_1_257' title='bbox 1088 1742 1217 1769; x_wconf 88' lang='lat' dir='ltr'><strong>tamen</strong></span> <span class='ocrx_word' id='word_1_258' title='bbox 1247 1741 1294 1770; x_wconf 73' lang='lat' dir='ltr'><strong>&#39;et</strong></span> <span class='ocrx_word' id='word_1_259' title='bbox 1320 1731 1433 1770; x_wconf 87' lang='lat' dir='ltr'>codd.</span> 
     </span>
     <span class='ocr_line' id='line_1_57' title="bbox 774 1785 1434 1838; baseline -0.003 -11"><span class='ocrx_word' id='word_1_260' title='bbox 774 1787 864 1837; x_wconf 83' lang='lat' dir='ltr'><strong>fide,</strong></span> <span class='ocrx_word' id='word_1_261' title='bbox 892 1799 930 1827; x_wconf 85' lang='lat' dir='ltr'><strong>et</strong></span> <span class='ocrx_word' id='word_1_262' title='bbox 957 1785 1065 1827; x_wconf 86' lang='lat' dir='ltr'><strong>sensu</strong></span> <span class='ocrx_word' id='word_1_263' title='bbox 1084 1787 1266 1838; x_wconf 85' lang='lat' dir='ltr'><strong>probatur</strong></span> <span class='ocrx_word' id='word_1_264' title='bbox 1286 1785 1434 1825; x_wconf 79' lang='lat' dir='ltr'><strong>beneuo-</strong></span> 
     </span>
     <span class='ocr_line' id='line_1_58' title="bbox 773 1843 1433 1895; baseline -0.002 -13"><span class='ocrx_word' id='word_1_265' title='bbox 773 1844 902 1884; x_wconf 76' lang='lat' dir='ltr'><strong>lentia.</strong></span> <span class='ocrx_word' id='word_1_266' title='bbox 960 1847 1058 1883; x_wconf 82' lang='lat' dir='ltr'><strong>Nam</strong></span> <span class='ocrx_word' id='word_1_267' title='bbox 1082 1853 1118 1881; x_wconf 83' lang='lat' dir='ltr'><strong>vt</strong></span> <span class='ocrx_word' id='word_1_268' title='bbox 1146 1843 1232 1895; x_wconf 85' lang='lat' dir='ltr'><em>plus</em></span> <span class='ocrx_word' id='word_1_269' title='bbox 1250 1843 1433 1893; x_wconf 67' lang='lat' dir='ltr'><strong>scirere-</strong></span> 
     </span>
     <span class='ocr_line' id='line_1_59' title="bbox 771 1898 1432 1950; baseline -0.003 -11"><span class='ocrx_word' id='word_1_270' title='bbox 771 1899 894 1939; x_wconf 85' lang='lat' dir='ltr'><strong>fertur</strong></span> <span class='ocrx_word' id='word_1_271' title='bbox 911 1898 959 1938; x_wconf 90' lang='lat' dir='ltr'><strong>ad</strong></span> <span class='ocrx_word' id='word_1_272' title='bbox 981 1912 1155 1947; x_wconf 84' lang='lat' dir='ltr'><strong>aetatem,</strong></span> <span class='ocrx_word' id='word_1_273' title='bbox 1190 1899 1242 1937; x_wconf 90' lang='lat' dir='ltr'><strong>ita</strong></span> <span class='ocrx_word' id='word_1_274' title='bbox 1258 1899 1432 1950; x_wconf 72' lang='lat' dir='ltr'><strong>prouide-</strong></span> 
     </span>
     <span class='ocr_line' id='line_1_60' title="bbox 771 1953 1295 1995; baseline 0 0"><span class='ocrx_word' id='word_1_275' title='bbox 771 1970 810 1995; x_wconf 84' lang='lat' dir='ltr'><strong>re</strong></span> <span class='ocrx_word' id='word_1_276' title='bbox 828 1955 874 1994; x_wconf 87' lang='lat' dir='ltr'><strong>ad</strong></span> <span class='ocrx_word' id='word_1_277' title='bbox 899 1953 1196 1994; x_wconf 84' lang='lat' dir='ltr'><strong>beneuolentiam.</strong></span> <span class='ocrx_word' id='word_1_278' title='bbox 1253 1958 1295 1995; x_wconf 89' lang='grc' dir='ltr'><strong>Β.</strong></span> 
     </span>
    </p>

    <p class='ocr_par' dir='ltr' id='par_1_16' title="bbox 770 2010 1431 2555">
     <span class='ocr_line' id='line_1_61' title="bbox 824 2010 1431 2065; baseline -0.008 -12"><span class='ocrx_word' id='word_1_279' title='bbox 824 2014 877 2064; x_wconf 87' lang='lat'><strong>65</strong></span> <span class='ocrx_word' id='word_1_280' title='bbox 908 2012 956 2051; x_wconf 86' lang='lat' dir='ltr'><strong>In</strong></span> <span class='ocrx_word' id='word_1_281' title='bbox 978 2010 1098 2064; x_wconf 83' lang='lat' dir='ltr'><strong>Asiam</strong></span> <span class='ocrx_word' id='word_1_282' title='bbox 1113 2011 1164 2050; x_wconf 85' lang='lat' dir='ltr'><strong>ad</strong></span> <span class='ocrx_word' id='word_1_283' title='bbox 1182 2010 1316 2065; x_wconf 83' lang='lat' dir='ltr'><strong>Regem</strong></span> <span class='ocrx_word' id='word_1_284' title='bbox 1336 2011 1431 2049; x_wconf 86' lang='lat' dir='ltr'><strong>mili-</strong></span> 
     </span>
     <span class='ocr_line' id='line_1_62' title="bbox 771 2067 1429 2122; baseline -0.003 -15"><span class='ocrx_word' id='word_1_285' title='bbox 771 2068 909 2122; x_wconf 85' lang='lat' dir='ltr'><em>tatum]</em></span> <span class='ocrx_word' id='word_1_286' title='bbox 939 2067 1168 2119; x_wconf 39' lang='lat' dir='ltr'><strong>Singula‘sin</strong></span> <span class='ocrx_word' id='word_1_287' title='bbox 1197 2068 1429 2117; x_wconf 78' lang='lat' dir='ltr'><strong>pronuncia-</strong></span> 
     </span>
     <span class='ocr_line' id='line_1_63' title="bbox 772 2121 1429 2172; baseline -0.002 -10"><span class='ocrx_word' id='word_1_288' title='bbox 772 2124 884 2162; x_wconf 89' lang='lat' dir='ltr'><strong>tione</strong></span> <span class='ocrx_word' id='word_1_289' title='bbox 903 2121 988 2161; x_wconf 85' lang='lat' dir='ltr'><strong>sunt</strong></span> <span class='ocrx_word' id='word_1_290' title='bbox 1007 2121 1231 2162; x_wconf 86' lang='lat' dir='ltr'><strong>collocanda</strong></span> <span class='ocrx_word' id='word_1_291' title='bbox 1257 2123 1429 2172; x_wconf 85' lang='lat' dir='ltr'><strong>(eleuan-</strong></span> 
     </span>
     <span class='ocr_line' id='line_1_64' title="bbox 773 2175 1428 2231; baseline -0.002 -13"><span class='ocrx_word' id='word_1_292' title='bbox 773 2179 823 2218; x_wconf 88' lang='lat' dir='ltr'><strong>da</strong></span> <span class='ocrx_word' id='word_1_293' title='bbox 846 2181 921 2231; x_wconf 72' lang='lat' dir='ltr'><strong>Z).</strong></span> <span class='ocrx_word' id='word_1_294' title='bbox 977 2181 1077 2218; x_wconf 90' lang='lat' dir='ltr'><strong>Nam</strong></span> <span class='ocrx_word' id='word_1_295' title='bbox 1098 2180 1136 2216; x_wconf 88' lang='lat' dir='ltr'><strong>in</strong></span> <span class='ocrx_word' id='word_1_296' title='bbox 1153 2175 1285 2227; x_wconf 81' lang='lat' dir='ltr'><em>Astam.</em></span> <span class='ocrx_word' id='word_1_297' title='bbox 1320 2177 1428 2229; x_wconf 85' lang='lat' dir='ltr'><strong>quod</strong></span> 
     </span>
     <span class='ocr_line' id='line_1_65' title="bbox 775 2234 1428 2287; baseline -0.002 -13"><span class='ocrx_word' id='word_1_298' title='bbox 775 2235 888 2283; x_wconf 84' lang='lat' dir='ltr'><strong>dixit,</strong></span> <span class='ocrx_word' id='word_1_299' title='bbox 923 2234 1148 2287; x_wconf 81' lang='lat' dir='ltr'><strong>intelligere</strong></span> <span class='ocrx_word' id='word_1_300' title='bbox 1179 2234 1365 2273; x_wconf 84' lang='lat' dir='ltr'><strong>debemus</strong></span> <span class='ocrx_word' id='word_1_301' title='bbox 1384 2235 1428 2273; x_wconf 86' lang='lat' dir='ltr'><strong>in</strong></span> 
     </span>
     <span class='ocr_line' id='line_1_66' title="bbox 772 2289 1427 2344; baseline -0.005 -14"><span class='ocrx_word' id='word_1_302' title='bbox 772 2292 1035 2344; x_wconf 80' lang='lat' dir='ltr'><strong>longinquum</strong></span> <span class='ocrx_word' id='word_1_303' title='bbox 1072 2290 1211 2329; x_wconf 85' lang='lat' dir='ltr'><strong>locum.</strong></span> <span class='ocrx_word' id='word_1_304' title='bbox 1265 2289 1326 2329; x_wconf 84' lang='lat' dir='ltr'><strong>Ad</strong></span> <span class='ocrx_word' id='word_1_305' title='bbox 1360 2290 1427 2328; x_wconf 85' lang='lat' dir='ltr'><strong>Re-</strong></span> 
     </span>
     <span class='ocr_line' id='line_1_67' title="bbox 770 2343 1428 2403; baseline -0.005 -17"><span class='ocrx_word' id='word_1_306' title='bbox 770 2361 853 2403; x_wconf 85' lang='lat' dir='ltr'><strong>gem</strong></span> <span class='ocrx_word' id='word_1_307' title='bbox 872 2360 963 2385; x_wconf 85' lang='lat' dir='ltr'><strong>vero</strong></span> <span class='ocrx_word' id='word_1_308' title='bbox 986 2345 1058 2384; x_wconf 88' lang='lat' dir='ltr'><strong>hoc</strong></span> <span class='ocrx_word' id='word_1_309' title='bbox 1077 2344 1140 2392; x_wconf 86' lang='lat' dir='ltr'><strong>est,</strong></span> <span class='ocrx_word' id='word_1_310' title='bbox 1170 2345 1270 2396; x_wconf 74' lang='lat' dir='ltr'><strong>qmli</strong></span> <span class='ocrx_word' id='word_1_311' title='bbox 1291 2346 1338 2384; x_wconf 85' lang='lat' dir='ltr'><strong>ad</strong></span> <span class='ocrx_word' id='word_1_312' title='bbox 1358 2343 1428 2385; x_wconf 86' lang='lat' dir='ltr'><strong>ser·</strong></span> 
     </span>
     <span class='ocr_line' id='line_1_68' title="bbox 772 2399 1426 2449; baseline -0.005 -7"><span class='ocrx_word' id='word_1_313' title='bbox 772 2404 950 2442; x_wconf 84' lang='lat' dir='ltr'><strong>uitutem.</strong></span> <span class='ocrx_word' id='word_1_314' title='bbox 1009 2402 1056 2441; x_wconf 87' lang='lat' dir='ltr'><strong>In</strong></span> <span class='ocrx_word' id='word_1_315' title='bbox 1074 2402 1210 2441; x_wconf 69' lang='lat' dir='ltr'><strong>militia</strong></span> <span class='ocrx_word' id='word_1_316' title='bbox 1227 2417 1259 2449; x_wconf 70' lang='grc' dir='ltr'><strong>η,</strong></span> <span class='ocrx_word' id='word_1_317' title='bbox 1280 2401 1342 2440; x_wconf 83' lang='lat' dir='ltr'><strong>vbi</strong></span> <span class='ocrx_word' id='word_1_318' title='bbox 1362 2399 1426 2439; x_wconf 77' lang='lat' dir='ltr'><strong>sci-</strong></span> 
     </span>
     <span class='ocr_line' id='line_1_69' title="bbox 771 2458 1426 2508; baseline -0.006 -9"><span class='ocrx_word' id='word_1_319' title='bbox 771 2460 862 2499; x_wconf 89' lang='lat' dir='ltr'><strong>licet</strong></span> <span class='ocrx_word' id='word_1_320' title='bbox 886 2458 1001 2497; x_wconf 87' lang='lat' dir='ltr'><strong>durus</strong></span> <span class='ocrx_word' id='word_1_321' title='bbox 1026 2458 1135 2497; x_wconf 87' lang='lat' dir='ltr'><strong>labor</strong></span> <span class='ocrx_word' id='word_1_322' title='bbox 1155 2468 1193 2496; x_wconf 91' lang='lat' dir='ltr'><strong>et</strong></span> <span class='ocrx_word' id='word_1_323' title='bbox 1211 2458 1426 2508; x_wconf 75' lang='lat' dir='ltr'><strong>periculum</strong></span> 
     </span>
     <span class='ocr_line' id='line_1_70' title="bbox 772 2515 1422 2555; baseline -0.008 0"><span class='ocrx_word' id='word_1_324' title='bbox 772 2515 838 2555; x_wconf 83' lang='lat' dir='ltr'><strong>est.</strong></span> <span class='ocrx_word' id='word_1_325' title='bbox 894 2517 938 2554; x_wconf 90' lang='grc' dir='ltr'><strong>Ε.</strong></span> <span class='ocrx_word' id='word_1_326' title='bbox 1419 2542 1422 2550; x_wconf 27' lang='grc' dir='ltr'><strong>Α</strong></span> 
     </span>
    </p>

    <p class='ocr_par' dir='ltr' id='par_1_17' title="bbox 773 2565 1426 2671">
     <span class='ocr_line' id='line_1_71' title="bbox 824 2565 1425 2622; baseline -0.012 -11"><span class='ocrx_word' id='word_1_327' title='bbox 824 2572 868 2610; x_wconf 88' lang='lat' dir='ltr'><strong>ln</strong></span> <span class='ocrx_word' id='word_1_328' title='bbox 885 2570 1004 2622; x_wconf 83' lang='lat' dir='ltr'><strong>Asiam</strong></span> <span class='ocrx_word' id='word_1_329' title='bbox 1026 2569 1075 2608; x_wconf 84' lang='lat' dir='ltr'><strong>ad</strong></span> <span class='ocrx_word' id='word_1_330' title='bbox 1091 2567 1241 2622; x_wconf 82' lang='lat' dir='ltr'><strong>Regem]</strong></span> <span class='ocrx_word' id='word_1_331' title='bbox 1272 2565 1425 2606; x_wconf 72' lang='lat' dir='ltr'><strong>Etiamsi</strong></span> 
     </span>
     <span class='ocr_line' id='line_1_72' title="bbox 773 2623 1426 2671; baseline -0.012 -4"><span class='ocrx_word' id='word_1_332' title='bbox 773 2627 960 2671; x_wconf 82' lang='lat' dir='ltr'><strong>Daceriae</strong></span> <span class='ocrx_word' id='word_1_333' title='bbox 978 2623 1241 2670; x_wconf 82' lang='lat' dir='ltr'><strong>concedamus,</strong></span> <span class='ocrx_word' id='word_1_334' title='bbox 1262 2627 1426 2663; x_wconf 83' lang='lat' dir='ltr'><strong>Menan-</strong></span> 
     </span>
    </p>

    <p class='ocr_par' dir='ltr' id='par_1_18' title="bbox 884 2679 1427 2735">
     <span class='ocr_line' id='line_1_73' title="bbox 884 2679 1427 2735; baseline -0.004 -17"><span class='ocrx_word' id='word_1_335' title='bbox 884 2685 980 2725; x_wconf 58' lang='lat' dir='ltr'><strong>Issm</strong></span> <span class='ocrx_word' id='word_1_336' title='bbox 1010 2694 1033 2735; x_wconf 84' lang='lat'><em>3</em></span> <span class='ocrx_word' id='word_1_337' title='bbox 1317 2679 1427 2717; x_wconf 71' lang='lat' dir='ltr'><strong>druna</strong></span> 
     </span>
    </p>
   </div>
  </div>
 </body>
</html>
