1815 3168
62 2767 103 2799 ,ab

505 149 507 151 ’
562 146 978 193 EVNVCHVS.

1350 146 1448 205 463

222 276 260 326 P
272 289 317 323 Y.
359 273 480 330 Quid
494 273 573 320 tibi
594 289 677 333 ego
691 272 829 318 dicam
843 265 1025 321 misera?
1046 268 1172 317 illum
1181 272 1451 319 Eunuchum

321 359 482 411 negant

223 423 382 473 Fuisse.
415 419 522 470 Tu.
555 425 650 486 quis
669 423 754 469 fuit
774 421 938 483 igitur?
987 424 1077 466 ΡΥ.
1107 418 1183 465 iste
1206 421 1410 469 Chaerea.

226 496 338 548 Tu.
397 501 489 553 Qui
536 499 765 545 Chaerea?
817 496 906 544 Py.
962 494 1038 542 iste
1078 495 1275 559 ephebus
1322 496 1453 543 frater

320 574 568 622 Phaedriae.

221 645 273 698 T
289 670 336 696 H.
374 649 496 704 Quid
523 651 596 701 aie,
618 645 838 695 venefica?
858 643 941 692 ΡΥ.
964 647 1081 709 atqui
1103 657 1221 691 certo
1242 647 1453 708 comperi.

132 745 192 778 10
227 722 339 773 ΤΗ.
381 724 503 779 Quid
529 727 563 770 is
585 723 758 770 obsecro
782 722 833 768 ad
855 721 969 768 nos?
1009 720 1298 784 quamobrem
1322 719 1454 766 addu-

323 799 417 847 stus
448 797 540 845 est?
577 796 672 844 ΡΥ.
707 796 878 853 nesci03

224 874 322 925 Nisi
358 872 510 922 amafl'e
542 873 672 920 credo
703 871 987 938 Pamphilam.
1025 866 1139 918 Tu.
1173 866 1299 920 hem!
1335 869 1455 918 mise-

318 968 366 998 ra
391 948 528 996 occidi
540 966 550 1005 3

224 1026 394 1078 Infelix,
416 1023 446 1070 fi
468 1024 642 1087 quidem
661 1034 710 1071 tu
733 1022 856 1070 istaec
877 1040 978 1071 vera
999 1022 1234 1090 praedicas.

224 1106 355 1151 Num
376 1100 420 1147 id
441 1100 650 1147 lacrumat
668 1101 825 1162 virgo?
849 1099 933 1150 ΡΥ.
953 1098 999 1146 id
1024 1101 1199 1165 opinor.
1221 1094 1325 1146 Tu.
1348 1096 1456 1163 quid

327 1179 400 1232 ais,
426 1174 654 1237 sacrilega?

96 1357 163 1402 sed
181 1357 276 1400 abiit
307 1357 415 1399 dixit.
469 1354 753 1412 Qamobrem?

99 1418 190 1471 quid
202 1416 347 1469 fadum
365 1414 435 1468 est?
464 1414 615 1467 taces?]
646 1416 754 1452 Haec

98 1471 261 1511 ἀσύνδετα
281 1470 450 1513 instantis
474 1469 654 1508 dominae
673 1470 753 1508 vul-

99 1539 183 1569 tum
208 1528 457 1578 habitumque
481 1524 752 1564 demonstrant.

155 1652 183 1695 7
212 1636 308 1694 Qis
326 1636 411 1688 ficit
438 1637 606 1691 igitur?]
647 1636 754 1676 Haec

101 1696 320 1737 cu11&atiue
339 1694 543 1743 (minatiue.
576 1705 625 1731 ex
644 1692 753 1731 codd.

99 1755 217 1804 vett.)
237 1749 529 1802 pronuncianda
555 1745 661 1787 sunt:
693 1757 757 1786 aut

100 1810 193 1860 quia
211 1807 332 1845 inuita
349 1805 505 1852 indicat,
533 1815 597 1844 aut
615 1804 761 1842 dubitat

102 1865 153 1903 de
178 1864 340 1901 nomine
365 1861 512 1914 ignoti:
550 1867 612 1899 aut
639 1861 759 1910 trepi-

103 1920 169 1959 dat
189 1931 259 1970 per
278 1918 477 1957 timorem:
508 1926 591 1964 aut,
619 1926 657 1954 vt
677 1926 758 1953 non

104 1976 279 2016 videatur
298 1969 457 2020 affuisse,
485 1981 569 2010 cum
589 1969 707 2010 fuerit
726 1984 760 2009 a-

104 2032 225 2071 &um:
266 2040 330 2068 aut
359 2028 449 2080 quia
480 2039 562 2066 nou·
593 2026 761 2065 libenter

105 2088 207 2127 dicat
225 2087 306 2124 eius
324 2097 483 2130 nomen,
506 2081 566 2122 cui
580 2080 759 2122 irascitur.

106 2143 184 2184 Sed
219 2155 294 2196 ego
337 2138 500 2194 agnosco
537 2139 762 2178 ancillarum

107 2195 446 2246 consuetudinem,
479 2209 578 2248 quae
600 2194 762 2234 obliuio-

108 2253 172 2293 sae
193 2252 287 2293 sunt.
343 2256 392 2294 D.

167 2316 189 2358 8
219 2308 283 2361 Iste
301 2304 491 2363 Ephebm]
515 2305 682 2359 Ephebus
695 2318 763 2345 no-

111 2377 204 2405 men
224 2364 271 2403 ad
291 2376 450 2405 aetatem
461 2365 600 2410 retulit,
622 2376 703 2402 non
716 2360 764 2401 ad

111 2419 258 2460 facinus
278 2418 522 2460 commissum.
576 2418 764 2472 Ephebus]

109 2477 206 2521 ‚Cito
232 2475 413 2525 ostendit,
449 2490 517 2516 cur
541 2475 610 2516 iste
636 2479 767 2516 Eunu.

113 2531 206 2570 chus
232 2530 409 2572 creditur.
460 2536 509 2573 D.

167 2600 194 2641 9
222 2587 425 2641 Qicllais,
455 2586 664 2643 veneficaff]
696 2589 767 2627 Re·

116 2641 172 2691 dit
190 2642 346 2701 ⁸rursum
373 2643 422 2686 ad
448 2644 695 2698 iracundiam,-
729 2657 767 2698 a7

1326 1249 1459 1298 Istuc·

802 1368 914 1410 ptum
948 1353 1169 1397 conuicium
1198 1365 1238 1395 et
1267 1355 1460 1394 comicum

803 1416 844 1452 in
866 1413 1032 1459 ancillas,
1055 1411 1224 1464 venefica,
1243 1412 1341 1463 lupa,
1362 1413 1461 1462 v‘ipea

803 1484 857 1519 ra,
882 1478 921 1507 et
929 1468 1123 1522 fizcrilega,
1161 1479 1201 1507 et
1220 1476 1368 1506 caetera
1391 1469 1461 1518 (an

803 1527 990 1565 excetra?
1038 1524 1157 1563 Certe
1193 1523 1346 1563 Plautus
1386 1521 1462 1561 hoe

805 1581 983 1620 conuicio
1017 1581 1130 1618 vtitm·
1166 1578 1297 1619 Pseud.
1335 1591 1377 1627 1,
1417 1587 1460 1627 2,

832 1650 867 1678 2.
895 1668 904 1677 .
961 1638 1009 1676 D.

807 1644 828 1686 8
864 1638 918 1733 1)0
945 1691 1048 1745 Qid
1067 1692 1098 1728 is
1116 1686 1262 1741 obsecro
1282 1689 1332 1728 ad
1349 1703 1416 1728 nos
1427 1689 1463 1742 ?]

805 1748 896 1788 Non
923 1749 1091 1800 rogantis
1120 1746 1174 1785 est
1200 1744 1366 1797 obsecro,
1397 1742 1464 1783 sed

809 1803 987 1843 dolentis.
1045 1805 1094 1843 D.

864 1860 1040 1912 Coi-rige,
1069 1858 1177 1913 Qid
1196 1860 1228 1896 is
1248 1855 1390 1908 obficro
1413 1849 1470 1896 ad

808 1928 873 1961 me,
893 1925 960 1954 aut
982 1914 1215 1968 quamobrem
1236 1910 1468 1964 adduc‘zu’st?

809 1981 879 2010 etc.
938 1972 1055 2018 Nam,
1090 1983 1162 2019 me,
1204 1969 1411 2020 postulatur
1443 1980 1466 2008 a

809 2023 939 2073 sensu,
971 2027 1060 2077 quia
1076 2025 1196 2066 Thais
1222 2026 1378 2065 aedium
1399 2024 1469 2063 do·

809 2081 916 2122 mina
936 2081 990 2121 est
1009 2080 1095 2122 sola.
1151 2086 1276 2128 Tum,
1305 2094 1380 2125 aut,
1411 2093 1470 2119 re·

810 2139 958 2191 peritur
1006 2138 1049 2176 in
1107 2138 1286 2176 omnibus
1333 2136 1468 2175 nostris

811 2194 922 2233 codd.
945 2204 1097 2245 praeter
1116 2204 1246 2241 vnum,
1273 2191 1346 2240 vbi,
1373 2202 1410 2231 vt
1426 2192 1469 2231 in

810 2250 1014 2298 Bembino,
1038 2249 1150 2288 abest.
1195 2250 1378 2299 Denique
1389 2261 1471 2287 ver·

812 2304 870 2345 sus
890 2302 1007 2352 eausa,
1040 2304 1249 2356 adduc‘lu'st,
1275 2306 1329 2345 vti
1351 2303 1471 2344 habet

812 2358 897 2413 ipse.
915 2360 1048 2401 Bemb.
1105 2364 1145 2400 Β.

873 2429 920 2459 11
967 2416 1201 2468 Nifi'amaffi’
1231 2413 1334 2456 credo
1364 2417 1473 2457 Pam-

812 2472 968 2536 philam]
997 2473 1117 2515 Deest
1137 2474 1252 2527 quod:
1284 2484 1323 2513 vt
1342 2473 1396 2524 fit,
1415 2473 1474 2516 ni-

804 2531 840 2583 Jt
864 2530 973 2582 quod.
1030 2531 1080 2570 D.

875 2598 922 2637 13
954 2585 1108 2624 Numici
1124 2584 1303 2625 lacrumat
1318 2587 1474 2643 virgoss]

815 2645 869 2689 Vt
887 2639 1020 2702 supra²
1041 2641 1099 2701 *14
1115 2656 1200 2687 vero
1221 2641 1325 2696 strio
1346 2648 1476 2738 ινῗιηι-

1357 2711 1381 2755 Γ
1394 2714 1448 2743 m}
1468 2719 1472 2723 '
