1815 3168
311 148 412 206 456

680 140 937 187 AcT.1v.
980 138 1182 184 SCEN.
1217 137 1315 186 vn.
1356 115 1365 119 ’

455 264 553 317 ΤΗ
571 279 622 314 Α.
657 267 834 316 Lubuit.
870 263 922 314 T
935 280 969 312 H
983 280 1029 313 R.
1062 264 1336 330 Pamphilam
1356 281 1464 326 ergo
1484 264 1573 312 huc
1593 265 1689 313 red-

558 344 624 397 de,
646 341 722 390 nisi
744 346 785 390 vi
809 345 948 389 mauis
971 343 1099 406 eripi.

459 417 566 470 CH.
605 419 714 468 Tibi
738 419 855 465 illam
881 417 1066 464 reddat?
1106 426 1180 462 aut
1212 425 1259 462 tu
1281 414 1398 462 illam
1422 413 1606 476 tangas?
1641 433 1691 464 o-

563 491 759 544 mnium!
797 490 913 541 GN.
954 492 1022 545 ah,
1047 490 1155 555 quid
1175 492 1264 537 ais?
1298 502 1407 538 tace.

462 567 559 621 ΤΗ
573 585 616 620 R.
651 571 773 626 Quid
793 581 841 617 tu
864 568 943 616 tibi
963 567 1060 615 vis?
1097 583 1182 627 ego
1205 583 1296 613 non
1320 577 1498 628 tangam
1517 567 1694 613 meam?

562 645 608 696 C
623 660 676 698 Η.
709 657 828 694 tuam
849 655 1008 696 a'utem,
1029 643 1240 690 furcifer?

465 721 521 774 G
536 737 584 773 Ν.
623 719 751 770 Cane
786 719 863 767 fis:
916 720 1050 766 nescis
1085 720 1158 765 cui
1186 734 1307 765 nunc
1337 715 1697 782 maledicas-viro.

561 794 609 847 C
629 811 680 845 Η.
719 815 814 845 non
839 807 888 844 tu
908 795 1012 844 hinc
1032 793 1158 844 abis?

386 961 441 1003 26
465 957 629 1011 Lubuit]
677 955 894 1008 Superbum
926 954 995 1003 est,

335 1027 377 1058 et
407 1016 666 1055 meretricium
699 1012 876 1052 verbum.
931 1011 996 1051 Sic

334 1074 388 1113 de
408 1070 632 1112 Chelidone
651 1068 792 1109 Cicero
812 1070 942 1117 (Vei-r.
963 1078 996 1107 1.

335 1130 424 1181 52.)
444 1127 507 1175 ait,
540 1124 720 1165 Libenter
738 1127 793 1163 ait
805 1122 851 1174 fi
868 1123 999 1175 fac‘tu-

334 1199 429 1224 ram.
486 1182 573 1221 Huc
599 1180 725 1227 redde]
755 1179 903 1219 ldioma
934 1176 1000 1226 est,

336 1254 410 1294 pro
427 1238 663 1278 contumelia
688 1243 769 1289 (per
792 1233 1000 1275 contumeli—

335 1298 417 1347 am)
443 1291 692 1347 reposcentis.
722 1291 772 1331 fic
799 1303 838 1330 et
858 1292 900 1329 in
920 1293 1002 1331 He-

338 1367 438 1406 cyra,
463 1352 681 1389 Renumeret
699 1349 822 1386 dotem
849 1346 940 1385 huc:
971 1358 1002 1383 e-

339 1422 393 1449 at.
452 1404 539 1457 Nifi'
565 1407 606 1444 vi
642 1407 762 1443 mauis
797 1402 911 1456 eripi]
946 1405 1004 1443 V-

340 1476 444 1505 trum
470 1461 540 1515 nisi
554 1474 625 1514 pro
645 1473 728 1500 non
756 1470 796 1498 et
813 1457 861 1497 fi:
890 1468 928 1497 vt
944 1456 1001 1507 fit,

339 1521 383 1562 Si
401 1519 471 1560 tihi
491 1519 590 1556 illam
605 1518 722 1556 mauis
739 1516 844 1567 eripi.
891 1519 945 1557 D.

395 1575 625 1627 Pamplnlam
653 1585 745 1627 ergo
778 1571 862 1619 huc]
894 1572 1004 1621 Quo-

341 1635 449 1674 niam
468 1629 757 1670 meretrixdixit
773 1627 894 1676 libuit,
908 1627 1003 1667 ideo

340 1687 584 1739 Pamphiiam
602 1698 710 1725 nunc
729 1685 882 1736 repetit.
913 1686 959 1724 E.

397 1745 584 1786 Meliores
607 1741 717 1782 codd.
738 1739 897 1788 habent,
928 1740 1001 1779 Ni-

332 1803 370 1855 fi
390 1802 433 1854 fi
454 1802 495 1839 vi
511 1801 652 1839 mauis:
683 1810 848 1850 quorum
866 1797 1006 1835 alteru·

345 1870 446 1898 trum
467 1869 553 1895 cum
572 1854 615 1893 fit
626 1854 780 1898 inutile3
803 1853 930 1900 efficio,
950 1853 1004 1901 vi,

343 1913 450 1966 quod
476 1913 519 1950 in
538 1909 655 1950 Thefi
680 1910 809 1947 locum
829 1922 912 1948 non
940 1907 1004 1946 ha-

342 1971 438 2010 bere
474 1965 612 2020 potest.
666 1967 720 2004 Vt
749 1974 918 2010 taceam,
961 1963 1005 2001 in

344 2023 427 2077 ipso
445 2023 564 2075 Eripi,
594 2019 860 2074 praesentibus
877 2019 1007 2060 militi-

343 2082 440 2130 buS‚
473 2081 559 2120 Vim
588 2076 671 2118 satis
690 2076 877 2129 intelligi.
909 2079 950 2116 B.

398 2150 455 2190 27
494 2133 581 2176 Tibi
605 2136 704 2174 illam
731 2131 915 2185 reddat?]
953 2132 1007 2171 Se

344 2195 512 2248 primum
526 2190 744 2241 interponit
754 2187 950 2235 Chremes,
969 2197 1009 2225 vt

345 2247 654 2291 adolescentulus
682 2245 809 2298 potuit
833 2245 911 2283 iam
935 2241 1008 2282 fra-

346 2308 408 2347 &o
430 2305 567 2345 milite.
619 2304 701 2342 Aut
725 2314 769 2341 tu
796 2299 897 2339 illam
925 2311 1008 2339 tan-

344 2364 445 2418 gas?
484 2358 664 2413 omnium]
704 2358 771 2400 Ait
801 2367 1009 2407 vtrumque

348 2418 554 2461 Chremes.
609 2416 711 2455 Nam
757 2413 852 2465 quia
894 2412 1006 2459 dixit,

346 2472 571 2526 Nifi'sztibi
587 2472 704 2511 mauis
724 2471 832 2522 eripi,
860 2469 922 2514 ait,
951 2468 1008 2507 Tu

349 2529 451 2570 illam
475 2528 631 2585 tangas?
661 2538 700 2567 et
719 2525 867 2565 addidit
884 2525 1009 2564 Omni-

349 2601 422 2628 um.
477 2589 525 2626 Et
549 2584 605 2624 est
629 2583 847 2626 ἀποσιώπησις
873 2579 1008 2621 secun-

347 2644 409 2684 da.
464 2642 527 2682 Sic
569 2651 701 2680 autem
738 2638 847 2690 loqui
881 2634 1008 2677 solent

345 2701 434 2753 plus
461 2696 582 2753 gestu,
603 2703 718 2750 quam
738 2693 866 2739 verbis
884 2695 1009 2738 conci-

1643 873 1702 915 30

1043 955 1085 995 ti.
1146 954 1236 995 Tibi
1265 968 1344 993 eam
1370 953 1527 997 reddat?
1566 966 1632 993 aut
1659 966 1702 993 m

1043 1025 1123 1051 eam
1141 1023 1286 1066 tangas,
1304 1010 1522 1064 omnium?]
1552 1012 1704 1062 Magna

1045 1068 1102 1106 vis
1120 1067 1161 1105 in
1179 1066 1476 1118 pronominibus
1503 1077 1543 1104 et
1560 1064 1705 1118 signifi-

1044 1123 1146 1163 catio
1164 1121 1226 1161 est.
1252 1132 1292 1160 vt
1313 1122 1506 1162 Cantando
1524 1133 1569 1162 tu
1580 1122 1707 1163 illum?

1047 1179 1180 1232 (Virg.
1198 1178 1278 1219 Ecl.
1302 1190 1375 1225 111,
1391 1180 1495 1230 25.>.
1548 1181 1598 1220 D.

1105 1234 1161 1274 Tu
1181 1234 1280 1273 illam
1304 1234 1497 1288 tanga53]
1524 1234 1708 1274 Tandem

1051 1291 1239 1332 excitatus
1266 1289 1456 1332 Chremes
1484 1290 1708 1336 intercedit,

1051 1358 1092 1386 et
1108 1346 1278 1385 furentis
1296 1358 1408 1385 more
1426 1344 1543 1384 verba
1553 1358 1635 1384 non
1647 1358 1713 1384 ex-

1051 1402 1194 1455 primit,
1214 1402 1362 1453 quippe
1381 1415 1470 1440 curn
1493 1396 1714 1442 intercedat

1051 1458 1241 1512 parasitus,
1268 1458 1346 1497 iam
1364 1457 1596 1511 intelligens
1613 1457 1713 1496 futu·-

1051 1529 1136 1555 tum
1154 1515 1338 1567 iurgium,
1357 1514 1462 1567 quod
1484 1513 1590 1563 dicit,
1610 1515 1710 1561 [Ha2

1051 1573 1134 1626 quis
1153 1573 1208 1610 ais
1225 1572 1246 1615 (ἓ
1276 1583 1364 1610 tace.
1420 1573 1464 1610 E.

1108 1630 1226 1679 Lege,
1247 1639 1315 1665 aut
1333 1639 1376 1665 tu
1393 1639 1470 1665 eam
1486 1627 1641 1682 tangas?
1671 1637 1714 1668 et

1052 1696 1124 1736 pro
1153 1685 1232 1728 ais,
1258 1696 1432 1735 repone,
1467 1687 1557 1738 agis.
1613 1687 1714 1726 Nam

1052 1752 1190 1779 omnes
1202 1739 1331 1788 nostri,
1342 1749 1495 1791 praeter
1504 1753 1636 1788 vnum,
1648 1739 1714 1780 ha·

1053 1796 1152 1837 bem
1177 1810 1269 1844 eam‚-
1286 1796 1392 1847 quod
1411 1793 1539 1835 versus
1556 1795 1710 1848 probat.

1052 1852 1225 1900 Deinde,
1252 1854 1352 1906 agis,
1382 1850 1552 1890 firmatur
1580 1850 1715 1904 pleris-

1053 1921 1131 1960 que
1148 1908 1282 1946 nostris
1303 1906 1422 1946 libris.
1476 1910 1516 1947 B.

1107 1970 1160 2012 28
1195 1963 1306 2020 Qid
1329 1975 1371 2001 tu
1398 1960 1472 2002 tibi
1498 1964 1612 2019 vis?]
1643 1968 1718 2006 Re-

1054 2020 1125 2061 ae.
1157 2033 1245 2058 cum
1266 2017 1432 2062 Thaide,
1449 2021 1556 2059 enim
1584 2022 1718 2073 loque-

1053 2075 1178 2123 batur,
1198 2089 1280 2114 non
1302 2087 1389 2113 cum
1408 2074 1491 2113 hoc.
1538 2076 1621 2132 Ego
1640 2092 1716 2118 non

1056 2146 1207 2187 tangam
1228 2131 1395 2185 meam3]
1430 2135 1539 2171 Bene
1563 2133 1717 2173 addidit

1055 2189 1197 2228 Meam.
1255 2187 1359 2227 Hinc
1385 2188 1495 2227 enim
1530 2189 1716 2238 probatur

1055 2244 1197 2285 iniuste
1225 2241 1389 2289 dietim,
1430 2245 1487 2283 Tu
1513 2244 1613 2285 illam
1632 2260 1716 2286 tan-

1052 2305 1146 2357 gas?
1198 2299 1313 2339 Tuam
1332 2299 1477 2338 autem?
1493 2300 1716 2357 furczferl]

1055 2361 1294 2411 Incongrue,
1329 2367 1368 2394 vt
1396 2356 1598 2407 imperitus
1625 2359 1717 2398 ado-

1058 2410 1214 2461 lescens,
1234 2411 1401 2451 iiberum
1412 2410 1611 2454 seruilibus
1624 2428 1716 2454 con·

1058 2470 1169 2509 uiciis
1194 2469 1372 2521 exagitat.
1426 2471 1475 2509 D.

1112 2523 1255 2570 Verba,
1273 2524 1376 2577 „Quid
1386 2538 1427 2563 m
1445 2524 1518 2563 tibi
1527 2527 1609 2569 vis?
1634 2539 1715 2565 ma.

1055 2583 1097 2624 le
1105 2581 1216 2622 codd.
1228 2581 1418 2634 affignant
1428 2581 1639 2622 Chremeti.
1668 2585 1709 2621 B.

1111 2649 1166 2694 29
1199 2636 1372 2690 Cauest's,
1395 2637 1510 2690 nescis
1529 2641 1585 2678 cui
1602 2637 1713 2677 male-

1610 2695 1712 2736 dicas

1798 541 1802 678 .-.,-.--
1793 237 1800 530 -.-.--..—-..—.<
1789 0 1796 230 ..-.--—-——-
