1815 3168
577 158 872 205 ANDRIA.
919 164 922 166 “

1331 171 1402 220 73³

173 294 268 336 Itur
292 288 344 335 ad
367 302 460 352 me..
492 280 603 332 MY.
641 286 781 332 oratio
801 283 907 331 haec
938 297 1010 329 me
1032 282 1229 330 miseram
1259 285 1398 331 exani-

273 365 410 410 mauit
428 371 562 408 metu.

173 437 212 487 P
226 452 257 484 Α
273 452 325 484 Μ.
364 441 483 484 Nam
504 435 610 499 quid
635 451 718 497 ego
740 450 859 481 nunc
886 433 1024 480 dicam
1044 431 1097 478 de
1116 433 1273 498 patre?
1310 433 1367 478 ah

176 517 425 560 Tantamne
451 527 548 559 rem
578 523 666 561 tam
695 509 970 572 negligenter
999 509 1159 570 agere?
1210 518 1401 574 praeter-

217 634 221 636 ,
273 590 367 636 iens
389 586 525 635 modo

44 808 196 863 aliquod
214 806 425 860 monstrum.
479 809 558 856 Sic,
590 805 704 863 Qid

44 866 202 907 hominis
221 878 370 904 vxorem
390 861 496 903 habes
509 868 527 904 ἓ
554 867 603 904 Et
620 874 699 901 mu-

42 923 139 962 tauit
158 933 298 974 gemm,
328 918 493 959 dicendo
515 933 575 958 ea:
608 931 700 970 quo-

45 979 149 1018 niam
179 976 328 1016 femina
356 974 420 1014 est.
475 975 538 1016 Sic
568 975 612 1014 in
629 977 700 1015 Eu-

45 1032 187 1082 nuch0‚
216 1032 337 1079 Taces,
365 1030 562 1086 monstrum
580 1030 699 1070 homi-

45 1090 130 1130 nis?
159 1101 234 1128 non
259 1088 419 1127 diflurus
446 1088 506 1126 es?
546 1085 703 1140 Aliquid

45 1143 193 1196 monstri
217 1145 347 1183 alunt.-
374 1145 430 1193 ea]
475 1145 581 1183 Dum
604 1155 702 1181 mon-

37 1200 159 1253 strum
171 1200 329 1243 dixerat,
349 1215 389 1239 ea
401 1197 609 1243 subiunxit,
622 1209 703 1237 tan-

49 1270 166 1308 quam
189 1269 272 1295 non
291 1255 435 1304 verbis,
471 1251 536 1294 sed
555 1252 706 1294 senten-

47 1313 125 1352 tiae
145 1310 324 1350 seruiens.
367 1311 522 1351 Nemini
534 1308 704 1362 obtrudi]

47 1369 154 1410 Mire
183 1367 348 1412 obtrudi,
376 1367 476 1418 quafi
501 1367 634 1405 inuito.
666 1376 707 1403 et

50 1433 175 1462 totum
198 1436 284 1461 cum
304 1421 510 1461 iracundia.
569 1420 708 1460 Obtru-

51 1479 104 1528 di,
121 1477 297 1530 infringi,
324 1472 503 1530 impingi.
560 1481 609 1519 D.

113 1537 162 1576 16
193 1534 340 1573 Itur-ad
351 1533 424 1581 me]
453 1536 594 1573 Dotem
608 1545 708 1571 ama-

51 1601 112 1630 tor
141 1603 218 1628 nou
245 1590 407 1642 cogitat:
446 1599 485 1632 et
513 1588 561 1627 ad
591 1589 709 1626 vilita-

51 1656 134 1686 tem
151 1644 272 1689 trahit,
291 1644 396 1696 quod
411 1645 506 1682 vlu-o
523 1644 643 1691 venit,
668 1653 707 1680 et

53 1701 163 1754 quod
181 1698 220 1739 se
238 1701 379 1752 repetit
388 1698 586 1740 Chremes.
620 1700 707 1738 Itur

51 1757 105 1797 od
123 1756 190 1803 me]
221 1755 337 1807 Quafi
347 1755 396 1795 ad
408 1754 569 1796 hostem.
599 1755 706 1794 Plau-

52 1823 112 1853 tus
121 1810 316 1859 Pseudolo,
332 1814 384 1862 (Ι,
397 1824 434 1865 5,
446 1811 532 1863 38.)
561 1810 647 1850 Itur
660 1809 709 1849 ad

51 1882 121 1909 me.
163 1871 212 1910 Et
229 1868 337 1921 Virg.
360 1869 483 1918 (Aen.
502 1879 564 1915 nt,
589 1867 706 1919 423.)

51 1947 109 1958 --
138 1922 251 1975 fimul
292 1922 374 1974 ensi·
396 1922 522 1962 reliHo
552 1920 640 1961 Ibat
667 1923 709 1960 in

52 1979 258 2030 Euryalum
263 1990 432 2033 propere.
456 1977 590 2017 Oratio
602 1977 707 2031 haec]

53 2036 177 2079 Etiam
194 2035 448 2088 pauca'verba
465 2045 616 2075 veteres
627 2047 708 2073 ora-

53 2094 196 2137 tionem
218 2089 409 2130 dicebant.
466 2093 516 2132 D.

58 2177 62 2180 -
113 2159 164 2201 17
197 2147 300 2186 Nam
315 2147 407 2201 quid
419 2151 501 2200 ego]
531 2145 646 2198 Quafi
658 2145 712 2185 di·

54 2214 133 2253 cat,
160 2202 254 2255 quid
279 2214 356 2256 ego
374 2202 424 2243 de
441 2213 551 2255 patre
570 2201 708 2249 dicam,

55 2259 124 2312 qui
147 2259 317 2298 alienum
327 2256 579 2298 accusauerim
590 2258 711 2300 Chre-

55 2316 231 2358 metem?
268 2315 371 2355 Nam
398 2316 488 2368 quid
514 2316 596 2370 ego]
639 2318 710 2355 Re-

59 2369 115 2410 dit
132 2370 179 2410 ad
199 2382 356 2422 patrem,
377 2371 419 2410 in
431 2383 508 2422 quo
519 2382 626 2410 noue
637 2369 712 2409 hoc

60 2424 216 2474 accusat,
241 2427 492 2480 negligenter
509 2440 598 2467 eum
624 2439 713 2480 age·

61 2493 118 2530 re,
138 2481 239 2532 quod
264 2484 364 2522 nolit
392 2481 491 2524 fieri.
521 2479 615 2533 (Ms.
641 2485 712 2522 Bo-

61 2536 152 2576 end.
178 2547 216 2575 et
233 2537 293 2577 ed,
320 2541 385 2580 Du
409 2542 452 2583 Β.
507 2538 626 2597 Qod
646 2551 711 2580 vo-

60 2589 262 2648 luitfieri).
315 2598 368 2639 D.

1284 656 1401 705 Mihi

803 804 906 845 Nam
932 803 1026 856 quid
1048 816 1115 859 ego
1142 802 1257 843 dicam
1278 801 1321 840 de
1337 812 1405 853 pa-

749 861 854 909 tre?]
883 857 1019 901 Rursus
1039 861 1091 900 est
1111 858 1282 899 officium
1293 857 1343 896 de
1354 854 1407 897 se-

749 917 862 956 nibus
910 927 1114 955 mutuatus.
1171 916 1273 953 Nam
1322 926 1408 953 cum

749 975 874 1025 primo
901 971 952 1011 de
970 982 1089 1024 patre,
1109 984 1200 1010 mox
1211 969 1260 1008 de
1277 966 1409 1008 socero

750 1026 925 1078 dixisset,
967 1028 1190 1080 interposito
1234 1025 1410 1078 Glycerii

751 1086 927 1132 nomine,
957 1084 1059 1123 redit
1081 1085 1130 1123 ad
1143 1082 1407 1122 Chremetem.

750 1140 840 1180 hinc
869 1141 920 1180 de
939 1152 1050 1193 patre
1071 1138 1247 1193 suggerit.
1301 1140 1411 1187 Que-

754 1199 848 1237 ritur
867 1207 996 1236 autem
1016 1195 1066 1235 de
1084 1194 1211 1235 socero
1230 1206 1299 1245 per
1321 1206 1412 1231 con-

755 1255 947 1301 ieSturam,
972 1251 1078 1303 quod
1088 1250 1206 1291 filiam
1216 1247 1320 1289 suam
1334 1247 1411 1287 sae-

756 1324 809 1362 pe
827 1310 1003 1361 polliceri
1021 1306 1390 1359 cupiatoepudiatam
1401 1319 1414 1342 :

757 1365 808 1404 de
826 1376 934 1416 patre
950 1377 1092 1412 autem,
1121 1362 1224 1414 quod
1242 1358 1412 1414 segniter

757 1432 798 1459 et
824 1421 1076 1473 negligenter
1102 1419 1152 1457 de
1177 1417 1246 1456 filii
1265 1416 1413 1467 nuptiis

759 1476 929 1529 cogitare
966 1475 1149 1514 videatur.
1214 1476 1267 1512 lta
1308 1470 1412 1522 quod

756 1532 805 1571 de
822 1542 928 1583 patre
946 1528 1055 1582 supra
1065 1528 1300 1584 generaliter
1309 1527 1414 1566 dixe-

756 1599 821 1636 rat,
856 1601 974 1626 nonne
1001 1587 1173 1639 oportuit
1198 1583 1332 1635 restrffi&
1356 1596 1414 1622 me

755 1657 860 1691 ante,
901 1655 1006 1681 nunc
1034 1655 1105 1694 per
1131 1639 1296 1693 speciem
1325 1652 1412 1691 pro—

754 1699 876 1751 ponit.
931 1700 973 1737 Ε.

808 1754 993 1794 Deleatur
1011 1765 1108 1791 nunc
1127 1764 1216 1791 cum
1235 1749 1346 1789 codd.
1371 1747 1411 1788 fi-

757 1810 827 1858 de,
865 1820 946 1848 tum
984 1809 1097 1848 metri
1135 1804 1253 1846 causa.
1313 1808 1416 1846 Nam

757 1865 852 1920 quid
869 1863 935 1905 sub
955 1866 1032 1904 ifilu
1055 1863 1153 1903 stare
1171 1862 1301 1902 debet.
1340 1864 1381 1901 B.

818 1927 866 1970 18
912 1921 1116 1961 Tantamne
1155 1919 1259 1972 rem]
1293 1919 1415 1965 Sum-

756 1991 860 2018 mam
877 1978 956 2016 voti
974 1990 1016 2016 ac
1034 1976 1200 2028 nuptias,
1242 1976 1416 2015 Praeter-

757 2038 832 2074 iens
859 2033 984 2088 modo]
1033 2033 1107 2073 Hic
1135 2030 1301 2071 ostendit
1333 2027 1416 2081 spe-

759 2090 905 2130 cialiter
924 2089 1019 2141 quid
1041 2088 1269 2141 peccauerit.
1300 2085 1417 2125 Pater

759 2149 869 2199 (vett.
881 2198 883 2200 q
896 2144 981 2185 edd,
1004 2157 1112 2198 puter
1129 2145 1233 2182 reete
1243 2140 1416 2182 referunt

759 2201 808 2243 ad
828 2202 972 2242 Donati
990 2199 1106 2240 verba.
1122 2198 1416 2251 antecedentia)

756 2260 979 2311 praeteriens
998 2256 1106 2296 modo
1124 2253 1218 2294 mihi
1237 2255 1336 2307 apud
1348 2253 1417 2305 fb-

760 2316 858 2357 rum]
887 2313 1074 2365 Vndique
1102 2311 1289 2350 conflatur
1309 2322 1416 2349 accu-

760 2368 877 2410 satio:
906 2384 955 2410 ex
969 2368 1088 2418 fat-To,
1120 2367 1225 2418 quod
1246 2377 1416 2419 praeter·

760 2427 870 2468 iens:
902 2439 951 2465 ex
981 2437 1179 2477 ternpore,
1209 2422 1314 2475 quod
1334 2434 1417 2461 mo·
1474 2467 1476 2469 ‚

762 2482 830 2522 do:
861 2495 912 2521 ex
931 2482 1028 2531 loco=
1058 2481 1146 2532 quia
1164 2481 1205 2518 in
1227 2478 1333 2518 foro:
1364 2490 1417 2516 ex

760 2537 879 2579 modo
909 2549 947 2578 et
976 2550 1024 2578 ex
1050 2536 1193 2586 verbis,
1217 2539 1324 2580 onr
1348 2532 1417 2572 tibi

761 2594 940 2641 ducenda
959 2594 1024 2635 est.
1076 2595 1127 2638 D.
1307 2645 1341 2689 F

871 2653 905 2695 E
933 2664 958 2706 ς
1330 2659 1418 2688 νας·
