1815 3168
515 196 1077 254 ARGVMENTVM.
1453 220 1481 269 3

86 330 195 386 philo
213 323 379 373 cuidam,
406 323 576 365 Simonis
595 321 687 371 filio,
717 322 813 361 vltro
842 318 1123 372 desponderat:
1167 320 1235 371 qui
1261 313 1486 374 Pamphilus

85 396 218 426 contra
244 379 414 420 sororem
439 378 653 432 Chrysidis,
685 390 734 417 ac
762 378 1015 429 peregrinam
1046 386 1129 414 tum
1151 376 1358 425 creditam,
1387 377 1485 418 Pali..

86 442 214 482 bulam
231 435 352 488 {supra
361 436 513 484 dietam,
534 436 693 474 alteram
713 431 1066 480 C111·emetis{filiam
1080 461 1089 478 ,
1117 429 1185 470 sub
1209 433 1374 471 nomine
1393 435 1486 487 Gly-

84 497 185 545 cerii,
216 494 384 532 latenter
402 490 452 529 fic
472 491 625 539 amauit,
646 500 685 529 vt
700 502 749 528 ex
768 501 814 527 ea
838 487 963 526 filium
985 485 1204 538 suscepisset
1220 485 1341 527 inscio
1360 500 1484 539 patre.

86 555 178 603 Qua
205 562 248 588 re
278 548 494 596 intelleffib,
533 555 750 585 commotus
776 545 885 585 Simo
913 554 1024 595 pater
1050 543 1263 595 Pamphili,
1293 543 1386 583 dum
1412 559 1486 596 per

81 605 191 650 falsas
218 605 373 656 nuptias
400 613 524 642 tentat
548 603 721 641 animum
752 599 964 651 Pamphili,
1002 600 1136 638 multis
1161 599 1288 638 modis
1321 614 1343 639 a
1366 604 1485 641 Dauo

48 706 52 711 ,
81 660 159 714 ipse
178 660 371 699 deluditur
389 657 518 704 sei-1103
547 657 795 710 periculoque
810 654 971 695 Charini
998 666 1036 693 et
1059 653 1246 706 Pamphili
1275 667 1399 694 motus
1428 669 1486 695 er-

80 732 141 759 ror
159 719 201 755 in
219 715 346 756 sabula
359 747 368 765 ,
401 713 517 766 vsque
537 713 585 753 ad
605 726 692 752 eum
718 712 839 751 finem
856 711 988 750 duuus
1007 710 1078 759 est,
1110 710 1203 749 dum
1222 708 1395 751 Athenas
1423 726 1487 752 ve·

78 776 192 815 niens
212 771 379 813 Andrius
398 770 554 822 quidam
572 770 680 810 Crito
701 781 783 807 rem
812 768 975 818 aperiat,
1003 778 1043 805 et
1066 766 1213 805 nodum
1238 766 1391 806 fabulae
1418 766 1489 807 sol-

80 841 159 870 vat:
187 841 258 880 per
279 840 394 880 quem
414 827 546 879 agnita
561 824 729 865 Pasibula
750 824 930 873 recipitur
956 837 977 861 a
995 822 1238 873 parentibus,
1269 835 1309 862 et
1327 823 1486 864 traditur

79 884 282 936 Pamphilo
299 884 461 923 amanti:
489 881 716 922 Philumena
734 893 823 919 vero
842 879 1012 920 Charino
1042 876 1319 930 despondetur,
1350 890 1391 918 et
1417 891 1488 919 tra-

81 941 181 980 ditur
190 940 400 991 exoptanti.
430 936 627 989 Pei-spent>
639 947 866 990 argumento
886 932 978 973 scire
996 933 1181 973 debemus
1201 933 1299 974 hanc
1317 932 1396 974 ess'e
1415 936 1489 975 vir-

80 1008 201 1037 tutem
227 997 436 1048 poeticam,
468 1005 506 1033 vt
531 1008 553 1032 a
581 993 789 1031 nouissimis
810 991 1027 1044 argumenti
1055 989 1170 1029 rebus
1190 991 1391 1042 incipiens,
1412 992 1489 1031 ini-

81 1054 175 1092 tium
206 1051 358 1091 fabulae
387 1061 426 1089 et
455 1051 646 1102 originem
667 1048 856 1087 narratiue
883 1046 1017 1085 reddat
1044 1044 1332 1097 spectatoribus,
1360 1048 1489 1087 aufiio·

79 1120 242 1160 remque
267 1104 503 1160 praesentem
535 1105 603 1144 fibi
631 1103 826 1153 exhibeat,
864 1103 928 1141 vbi
955 1101 1041 1142 finis
1069 1102 1126 1141 est
1149 1101 1312 1142 fabulae.
1369 1107 1488 1152 Hunc

80 1165 188 1205 enim
215 1163 351 1203 orbem
377 1173 416 1201 et
442 1162 621 1200 circulum
649 1161 823 1211 poeticae
850 1158 995 1198 virtutis
1024 1171 1104 1197 non
1128 1158 1246 1197 modo
1266 1158 1382 1198 secuti
1400 1156 1490 1199 sunt

80 1221 215 1273 tragici
241 1219 458 1269 comicique
496 1218 687 1265 auum-es,
718 1214 782 1255 sed
801 1217 992 1254 Homerus
1021 1215 1139 1253 etiam
1166 1226 1205 1254 et
1222 1216 1407 1277 Virgilius
1433 1226 1491 1254 te-

80 1287 260 1316 nuerunt.
316 1274 555 1315 Diuifionem
575 1274 722 1312 affinum
741 1273 781 1310 in
800 1271 942 1311 Latinis
961 1270 1097 1310 fabulis
1126 1271 1390 1312 interuolcere
1415 1268 1492 1311 dif-

81 1331 182 1371 ficile
202 1331 269 1371 est.
293 1328 438 1369 causam
457 1328 679 1368 iamdudum
707 1322 1063 1367 demonstrauiiims.
1121 1326 1239 1365 Vnde
1257 1338 1396 1375 autem,
1425 1336 1492 1366 aut

83 1385 296 1438 quomodO,
325 1385 498 1436 quamuis
525 1397 660 1436 aegre,
690 1394 821 1422 tamen
853 1383 1019 1434 intelligi
1045 1382 1307 1435 distinguique
1338 1382 1491 1434 possint,

81 1441 136 1483 est
154 1454 296 1493 operae
311 1443 473 1492 pretium
492 1439 632 1478 dicere.
689 1439 881 1489 Principio
901 1437 1109 1476 dicendum
1134 1439 1208 1486 est,
1238 1439 1384 1478 nullam
1401 1451 1489 1488 per-

82 1496 215 1537 sonam
244 1493 428 1549 egi-effam
456 1495 685 1546 quinquies,
713 1495 807 1532 vltra
836 1494 943 1532 exire
970 1490 1085 1542 poffe.
1139 1493 1217 1533 Sed
1246 1495 1311 1533 iila
1338 1508 1381 1533 re
1408 1495 1491 1544 ple-

83 1566 248 1604 rumque
284 1551 516 1603 decipimur,
559 1549 663 1601 quod
698 1546 918 1601 personam,
955 1562 1041 1587 cum
1075 1550 1260 1597 tacuerit,
1302 1546 1490 1602 egrefl'am

83 1607 175 1649 falso
202 1619 393 1658 putamus:
438 1618 535 1657 quae
561 1605 813 1644 nihilominus
843 1606 885 1643 in
914 1602 1112 1655 proscenio
1145 1616 1276 1644 tacens
1299 1604 1491 1656 loquendi

83 1676 234 1715 tempus
263 1659 463 1715 exspeiiat.
517 1660 580 1700 Est
609 1661 725 1713 igitur
741 1670 887 1700 attente
915 1659 1319 1708 animaduertendum,
1353 1660 1418 1700 vbi
1451 1670 1492 1700 et

84 1719 240 1772 quando
260 1716 370 1757 scena
391 1731 503 1755 vacua
521 1716 563 1755 fit
579 1716 625 1755 ab
647 1715 823 1754 omnibus
847 1712 1039 1768 personis,
1070 1725 1109 1754 vt
1128 1716 1171 1753 in
1189 1728 1236 1754 ea
1253 1715 1398 1769 chorus,
1427 1716 1491 1755 vel

85 1775 229 1815 tibicen
254 1773 376 1812 audiri
405 1772 535 1824 poffit:
564 1771 667 1822 quod
689 1784 806 1822 quum
835 1771 1063 1819 viderimus,
1090 1770 1145 1809 ibi
1164 1772 1288 1810 ablum
1309 1769 1386 1811 effe
1404 1770 1492 1810 fini-

84 1842 165 1870 tum
201 1829 386 1870 debemus
422 1825 640 1881 agnoscere.
696 1826 915 1867 Confundit
939 1824 1053 1878 saepe
1078 1827 1260 1866 le&orem
1286 1826 1344 1876 id,
1382 1825 1491 1879 quod

83 1883 247 1940 persona
265 1886 306 1924 in
323 1883 506 1936 superiori
527 1881 637 1922 scena
655 1882 853 1929 desinens,
883 1895 922 1921 et
950 1883 991 1920 in
1011 1883 1186 1935 proxima
1213 1884 1407 1935 incipiens
1435 1884 1492 1921 lo·

83 1943 169 1994 qui,
196 1954 276 1980 non
296 1940 523 1993 intelligitur
541 1937 723 1992 ingressa:
749 1938 854 1990 quod
871 1935 994 1990 ipsum
1014 1940 1259 1990 experientes
1288 1939 1410 1978 statim
1437 1938 1494 1977 di-

83 1997 254 2039 iudicant
279 1996 329 2035 de
346 2009 472 2035 rerum
497 2008 539 2034 ac
565 2006 780 2045 temporum
800 1995 1023 2046 quantitate.
1053 1994 1174 2046 potest
1196 1995 1305 2033 enim
1332 1994 1427 2042 fieri,
1453 2002 1493 2034 vt

84 2065 124 2094 et
144 2052 186 2092 fit
202 2050 368 2105 ingrefl'a
387 2065 431 2090 ac
448 2048 614 2104 egressa,
643 2064 757 2102 quam
775 2064 893 2102 praue
911 2050 1100 2089 credimus
1119 2048 1388 2102 deproscenio
1408 2062 1494 2089 non

83 2107 279 2150 recessisse.
333 2105 442 2148 Posse
465 2120 593 2147 autem
618 2108 754 2159 quinto
772 2105 906 2159 egredi
926 2104 1144 2158 personam,
1173 2120 1257 2145 non
1283 2117 1322 2146 et
1338 2102 1495 2146 necess'e

83 2163 162 2205 esse
190 2164 371 2214 dicimus,
400 2174 439 2203 vt
465 2163 768 2215 appareat.vlt1·a
795 2163 905 2202 exire
931 2175 1013 2200 non
1032 2159 1163 2213 pofl'e3
1199 2163 1242 2200 in
1268 2161 1494 2215 Tragoedia

84 2233 124 2261 et
142 2221 291 2273 parcius
309 2221 436 2269 exire,
463 2231 502 2258 et
520 2218 640 2259 solere
659 2219 799 2270 pariter
818 2228 858 2257 et
875 2218 1003 2258 licere.
1061 2219 1207 2257 Primus
1225 2219 1325 2258 auus
1353 2219 1396 2257 in
1411 2222 1494 2258 An·

83 2278 166 2316 dria
182 2277 439 2316 narrationem
456 2276 623 2316 Simonis
644 2274 745 2326 apud
763 2274 903 2314 Sosiam
921 2274 1094 2312 continet
1119 2275 1356 2326 argumenti:
1386 2271 1496 2325 quod.

85 2333 249 2386 populus
277 2331 348 2372 hac
374 2331 571 2370 occafione
599 2327 777 2383 perdiscit
805 2344 896 2368 mox
925 2330 1119 2381 querelam
1140 2328 1242 2381 apud
1269 2326 1307 2369 se
1324 2330 1424 2370 Daui
1442 2328 1495 2368 de

86 2389 264 2437 domino,
295 2399 334 2427 et
351 2385 520 2427 eiusdem
544 2400 629 2425 cum
650 2386 809 2425 domino
830 2385 964 2425 verba:
994 2396 1034 2424 et
1050 2383 1171 2424 rursus
1198 2382 1368 2424 eiusdem
1395 2383 1494 2425 serui

87 2444 408 2483 deliberationem
438 2442 531 2495 quid
565 2456 691 2481 rerum
726 2451 845 2494 gerat.
923 2441 1089 2481 Secundi
1122 2443 1223 2480 afflus
1257 2441 1352 2479 haec
1384 2439 1492 2480 sunt:

88 2498 247 2541 Charini
279 2499 395 2538 veiha
421 2500 543 2549 primo
569 2512 655 2537 cum
673 2497 827 2550 Byrrhia
857 2495 983 2546 seruo,
1011 2509 1049 2537 et
1074 2496 1155 2548 post
1183 2509 1269 2535 cum
1287 2495 1368 2548 ipso
1388 2500 1496 2536 Pam·

87 2553 195 2608 philo
213 2554 263 2594 de
295 2556 436 2606 nuptiis
456 2554 723 2593 Philumenae:
761 2553 861 2593 Daui
889 2554 1151 2600 interuentus,
1183 2562 1220 2592 et
1241 2566 1329 2591 cum
1356 2566 1404 2591 eo
1423 2549 1496 2591 dis·

88 2611 232 2664 putatio
268 2609 317 2650 de
352 2611 495 2662 nuptiis
523 2609 731 2661 Pamphili:
769 2607 957 2660 Pamphili
987 2607 1108 2648 sermo
1134 2621 1220 2647 cum
1248 2620 1372 2659 patre,
1403 2607 1495 2647 dolo

88 2663 361 2724 consentientis
400 2668 442 2706 in
469 2667 644 2718 nuptias:
686 2662 871 2719 Byrrhiae
900 2663 1036 2704 vei-bar
1073 2665 1178 2714 Daui
1211 2665 1348 2704 callida
1374 2665 1495 2702 oratio

462 2766 466 2798 t
781 2724 820 2761 A
849 2733 877 2762 2
1365 2719 1497 2759 aduer-
