1815 3168
1236 76 1243 92 Ι

301 172 328 221 8
646 164 957 210 PROLOG.
996 165 1080 210 IN
1118 164 1341 213 ANDR.

734 281 907 336 PRO
932 283 973 333 L
998 284 1050 334 O
1075 281 1266 336 GVS.

389 475 491 516 Cum
545 486 681 514 omnes
724 484 865 524 poetae
913 474 985 512 vir-

303 541 426 572 tutem
471 532 674 570 oratoriam
720 529 870 582 semper
905 543 986 568 ver-

303 586 404 627 fibus
453 584 709 638 exsequantur
729 616 738 634 ‚
790 597 872 624 tum
911 599 987 624 ma-

302 650 372 696 g25
399 641 475 681 duo
505 644 574 681 viri
595 642 694 694 apud
712 643 876 690 Latinos,
904 641 988 680 Vir-

303 700 428 752 gilius
451 711 488 737 et
504 699 726 738 Terentius.
767 701 824 739 Ex
843 698 992 749 quibus,

304 766 343 793 vt
363 753 518 806 suspitio
548 754 668 792 nostra
689 754 751 803 est,
772 755 894 807 magis
915 756 992 793 Te-

305 811 419 850 rentii
457 811 570 849 virtus
597 810 644 848 ad
672 810 861 848 rationem
894 810 991 850 Rhe-

304 868 449 906 toricae
484 867 572 904 artis
597 865 763 904 accedit:
791 866 893 904 cuius
925 879 989 917 po-

306 923 467 962 tentiam
489 921 736 974 persingulas
759 921 989 968 comoedias,

306 990 345 1017 rt
365 975 574 1030 poss'umuS,
601 976 890 1028 explicabimus.
927 982 986 1018 Ac

306 1035 429 1086 prima
449 1034 562 1072 nobis
582 1046 628 1072 ea
650 1033 701 1081 lit,
724 1047 822 1084 quae
844 1044 883 1072 et
893 1048 986 1085 pue-

306 1092 355 1130 ris
376 1088 525 1141 semper
552 1088 606 1128 est
634 1089 778 1128 tradita.
836 1091 987 1131 Andria

306 1147 425 1200 igitur
457 1147 659 1198 prologum
681 1145 809 1185 habet.
865 1147 985 1186 Poeta

307 1216 384 1241 cum
396 1205 561 1254 primum
578 1206 735 1241 animum
755 1202 803 1240 ad
815 1201 984 1252 ftriben·

307 1259 393 1297 dum
420 1257 581 1311 appulit]
640 1259 777 1297 Omnis
805 1259 986 1312 prologus

306 1315 447 1365 triplici
476 1313 670 1352 inducitur
698 1312 836 1361 causta,
864 1316 924 1352 vel
949 1325 987 1353 vt

305 1381 577 1421 argumentum
605 1368 758 1407 fabulae
786 1369 895 1420 poffit
923 1383 986 1409 ex-

305 1424 453 1472 hibere,
477 1424 537 1463 rel
558 1435 714 1476 poetam
723 1425 868 1476 populo
887 1438 988 1464 com-

304 1480 508 1531 mendare,
541 1480 604 1519 vel
623 1491 662 1519 vt
682 1495 702 1518 a
721 1482 865 1531 populo
884 1481 987 1520 audi-

305 1537 456 1576 entiam
483 1535 666 1587 postulet:
695 1536 771 1576 Sed
784 1537 841 1575 his
863 1539 986 1576 omni-

304 1592 375 1632 bus
396 1592 510 1631 caufis
522 1592 731 1632 Terentius
750 1607 830 1632 non
842 1594 892 1632 ita
903 1591 986 1632 vsus

306 1647 372 1688 est.
428 1648 573 1687 Habuit
590 1649 697 1686 enim
716 1647 984 1698 aduersarium,

304 1715 478 1744 veterem
496 1714 661 1755 poetam,
681 1703 856 1744 Luscium
876 1706 986 1744 Laui-

304 1761 425 1808 nium,
447 1762 549 1798 cuius
570 1759 794 1800 comoediae
806 1775 892 1800 cum
903 1775 984 1800 non

304 1816 513 1867 placerent,
525 1813 685 1866 'semper
697 1816 908 1856 maledictis
921 1817 985 1856 ad-

303 1869 432 1910 uersus
459 1870 679 1910 ccmoedias
707 1874 885 1913 Terentii
917 1888 985 1925 pu-

303 1926 459 1979 gnabat,
523 1930 685 1979 Propter
719 1927 824 1967 hunc
841 1935 849 1976 ξ
868 1930 985 1983 igitur

301 1984 511 2023 Terentius
529 1985 736 2037 prologum
756 1982 908 2037 semper
925 1986 985 2024 in-

302 2038 417 2087 ducit,
446 2050 484 2078 vt
503 2040 586 2077 eius
599 2040 809 2079 maledictis
828 2039 983 2094 respon-

299 2094 401 2134 deat.
433 2094 551 2146 Quod
568 2094 594 2134 fi
610 2096 660 2134 ita
672 2095 734 2143 est,
753 2098 877 2136 omnis
896 2111 984 2150 pro-

299 2151 411 2204 logus
422 2146 602 2190 Terentii
623 2151 742 2191 habet
762 2151 981 2193 controuer-

298 2205 400 2246 fiam.
450 2207 601 2248 Andria
626 2208 743 2261 igitur
761 2221 980 2249 controuer-

297 2260 387 2302 fiam
408 2273 526 2302 tenet.
564 2266 654 2304 Mos
669 2265 722 2305 est
737 2266 791 2304 vti
805 2278 853 2304 ex
864 2268 980 2306 Grae-

298 2331 343 2357 co
361 2319 403 2356 in
412 2320 592 2359 Latinum
607 2317 823 2359 sermonem
835 2322 980 2373 aliquid

295 2373 491 2414 transferri
518 2376 643 2414 liceat.
688 2379 897 2417 Terentius
919 2392 980 2417 co-

294 2430 492 2469 moediam
503 2433 880 2473 GraecamAndriam
893 2449 979 2474 cum

295 2484 544 2533 transferret,
581 2487 758 2527 adiunxit
786 2501 824 2528 et
849 2492 979 2530 Perin-

293 2540 436 2590 thiam,
471 2556 570 2594 quae
598 2544 718 2583 altera
746 2547 894 2585 Graeca
923 2546 978 2584 est

295 2597 511 2637 comoedia.
567 2600 627 2637 Fit
647 2612 742 2653 ergo
761 2614 860 2650 reus,
888 2603 976 2653 quia

293 2666 380 2695 non
399 2653 587 2695 debuerat
605 2655 763 2698 alteram
783 2658 975 2698 comoedi-

1581 356 1712 419 Poeta

1036 487 1098 513 am
1123 476 1371 530 contingere,
1411 481 1452 520 in
1483 483 1715 524 comoediae

1034 530 1186 569 alterius
1197 534 1456 576 translatione.
1467 537 1610 577 isthaec
1621 552 1714 579 con·

1038 586 1244 628 trouerfiae
1263 591 1443 641 qualitas,
1474 608 1521 632 an
1541 595 1636 633 iuste
1654 594 1713 635 se·

1037 643 1139 682 cerit.
1172 645 1231 683 cui
1237 658 1278 684 us
1290 660 1518 699 argumenta
1530 650 1577 689 fic
1588 649 1713 702 perse-

1043 699 1192 750 quitur,
1223 712 1262 740 vt
1277 716 1348 753 per
1366 702 1572 746 absolutam
1595 708 1715 758 quali·

1041 765 1159 794 tatem
1182 755 1333 796 habitus
1354 757 1503 812 semper
1519 761 1563 801 fit
1580 764 1622 801 in
1645 759 1713 802 dis-

1039 813 1244 863 putatione
1262 816 1448 858 tractatus,
1489 821 1524 858 Is
1540 820 1713 870 omnino,

1039 878 1078 906 vt
1096 867 1187 916 dixi,
1208 868 1351 921 duplex
1373 871 1437 912 est.
1492 875 1532 914 Si
1549 873 1635 923 feci,
1657 876 1714 914 iu-

1036 922 1091 961 ste
1112 922 1206 963 seci:
1237 935 1279 964 et
1294 925 1382 977 feci,
1397 946 1400 949 ⁴
1415 929 1503 980 quia
1523 930 1626 970 licuit
1644 944 1714 981 per

1038 980 1271 1032 exemplum.
1306 984 1383 1022 Sed
1394 985 1499 1036 prius
1511 986 1713 1026 exordium

1035 1032 1206 1086 sumitur,
1219 1038 1322 1089 quod
1333 1040 1567 1091 propositum
1586 1043 1637 1082 ita
1649 1043 1713 1092 est,

1036 1102 1077 1129 vt
1104 1104 1261 1143 poetam
1280 1097 1425 1147 populo
1448 1099 1708 1139 commendet.

1034 1147 1145 1187 aliter
1156 1150 1263 1188 enim
1277 1149 1503 1192 beneuolen
1509 1156 1600 1193 tiam
1610 1155 1716 1194 audi-

1037 1213 1165 1243 torum
1187 1219 1267 1244 non
1276 1208 1399 1258 potest
1410 1222 1642 1261 comparare,
1656 1211 1715 1250 ni-

1037 1259 1062 1297 fi
1082 1258 1268 1311 personae
1289 1260 1376 1302 suae
1394 1265 1584 1316 pudorem
1594 1266 1714 1306 hone-

1036 1315 1249 1367 statemque
1260 1318 1437 1360 declaret.
1465 1321 1528 1360 Est
1538 1323 1657 1374 igitur
1669 1323 1716 1361 ad

1038 1373 1339 1421 comparandam
1397 1374 1719 1417 beneuolentiam

1036 1423 1203 1466 sumtum
1260 1431 1506 1481 principium.
1602 1428 1721 1474 Poeta

1037 1495 1116 1521 cum
1127 1485 1289 1534 primum
1298 1488 1479 1542 animum]
1539 1491 1721 1529 Beneue-

1033 1539 1156 1577 lentia
1164 1538 1367 1581 Rhetorica
1378 1554 1479 1582 certe
1490 1557 1556 1596 cap
1562 1556 1658 1584 tatur
1667 1554 1717 1585 ex*

1035 1594 1162 1635 nostra
1183 1595 1361 1647 persona.
1402 1602 1489 1639 Hoc
1500 1598 1607 1652 supra
1616 1600 1714 1653 post·

1034 1651 1080 1689 tis
1099 1651 1224 1690 verbis
1244 1653 1454 1705 expolitum
1465 1655 1528 1704 est,
1545 1670 1631 1695 curn
1643 1657 1713 1696 do·

1035 1705 1112 1744 cuit
1132 1706 1195 1745 fibi
1206 1708 1397 1759 pudorem
1407 1711 1652 1763 propofitum,
1674 1723 1714 1753 et

1033 1772 1177 1800 certam
1187 1764 1348 1816 gloriam
1361 1777 1611 1818 captaturum.
1630 1772 1715 1809 Vn-

1035 1818 1085 1857 de
1098 1832 1119 1856 a
1127 1818 1288 1870 persona
1297 1820 1511 1870 aduersarii,
1533 1836 1616 1862 cum
1627 1825 1713 1864 eius

1034 1872 1276 1924 impudentia
1288 1877 1508 1927 declaratur,
1526 1878 1602 1917 hoc
1625 1877 1709 1919 fub-

1031 1929 1172 1968 iunxit:
1180 1931 1313 1971 Verum
1325 1934 1437 1974 multo
1447 1935 1555 1974 aliter
1565 1939 1709 1976 euenire

1031 1987 1220 2041 intelligit.
1261 1989 1365 2030 Nam
1384 1994 1423 2030 in
1433 1992 1712 2047 prologis-skri-

1031 2041 1167 2081 bundis
1185 2047 1537 2096 operamabutitur:
1558 2062 1632 2087 non
1644 2050 1710 2101 qui

1029 2111 1284 2152 argumentum
1294 2116 1431 2151 narret,
1447 2104 1522 2154 fid
1527 2106 1592 2156 qui
1601 2105 1710 2143 male-

1028 2158 1100 2193 uolt
1127 2160 1263 2196 veteris
1284 2169 1414 2210 poetae
1431 2160 1634 2202 malediffis
1654 2172 1710 2199 re-

1018 2210 1216 2262 spondent.
1283 2217 1371 2254 Huc
1416 2214 1531 2268 vsque
1565 2217 1708 2268 princi-

1029 2268 1139 2318 pium
1167 2267 1221 2306 est
1241 2268 1414 2310 habitum
1440 2287 1462 2311 a
1481 2270 1607 2326 nostra
1624 2285 1709 2323 per·

1028 2320 1140 2372 sona,
1173 2334 1211 2363 et
1229 2325 1276 2364 ab
1295 2326 1612 2368 aduersariorum.
1652 2326 1708 2367 se-

1031 2381 1163 2431 quitur
1198 2382 1406 2434 propofitio
1452 2383 1708 2436 quaestionis:

1028 2434 1091 2474 sed
1103 2436 1227 2486 primo
1239 2439 1442 2489 permiffm.
1471 2441 1585 2479 Nunc
1596 2453 1707 2492 quam

1028 2506 1103 2530 rem
1131 2493 1224 2531 vitio
1252 2495 1423 2549 vortant]
1479 2498 1587 2535 Haec
1612 2496 1707 2535 dicit

1028 2546 1291 2598 quaestionem
1319 2551 1584 2602 praemittens.
1620 2565 1707 2604 pro-

1025 2604 1138 2655 ponit
1147 2615 1275 2644 autem
1286 2607 1387 2655 ita‚vt
1397 2620 1485 2646 cum
1498 2622 1704 2661 argumen-

1023 2669 1062 2699 to
1083 2661 1350 2712 quaestionem
1367 2661 1499 2704 soluat.
1531 2662 1705 2716 Quaesti-

1583 2733 1701 2766 onem

1798 1445 1807 1474 a*
