<?xml version="1.0" encoding="UTF-8"?>
<!DOCTYPE html PUBLIC "-//W3C//DTD XHTML 1.0 Transitional//EN"
    "http://www.w3.org/TR/xhtml1/DTD/xhtml1-transitional.dtd">
<html xmlns="http://www.w3.org/1999/xhtml" xml:lang="en" lang="en">
 <head>
  <title>
</title>
<meta http-equiv="Content-Type" content="text/html;charset=utf-8" />
  <meta name='ocr-system' content='tesseract 3.04.00' />
  <meta name='ocr-capabilities' content='ocr_page ocr_carea ocr_par ocr_line ocrx_word'/>
</head>
<body>
  <div class='ocr_page' id='page_1' title='image "./comoediaesexexre01tereuoft_0362.png"; bbox 0 0 1815 3168; ppageno 0'>
   <div class='ocr_carea' id='block_1_1' title="bbox 328 177 1190 227">
    <p class='ocr_par' dir='ltr' id='par_1_1' title="bbox 328 177 1190 227">
     <span class='ocr_line' id='line_1_1' title="bbox 328 177 1190 227; baseline 0.008 -8"><span class='ocrx_word' id='word_1_1' title='bbox 328 178 424 222; x_wconf 84' lang='lat'>266</span> <span class='ocrx_word' id='word_1_2' title='bbox 811 177 1190 227; x_wconf 84' lang='lat' dir='ltr'>PROLOGVS</span> 
     </span>
    </p>
   </div>
   <div class='ocr_carea' id='block_1_2' title="bbox 456 303 1562 444">
    <p class='ocr_par' dir='ltr' id='par_1_2' title="bbox 456 303 1562 444">
     <span class='ocr_line' id='line_1_2' title="bbox 456 303 1534 369; baseline 0.005 -21"><span class='ocrx_word' id='word_1_3' title='bbox 456 304 596 355; x_wconf 81' lang='lat' dir='ltr'>Prius,</span> <span class='ocrx_word' id='word_1_4' title='bbox 622 303 737 350; x_wconf 89' lang='lat' dir='ltr'>vnde</span> <span class='ocrx_word' id='word_1_5' title='bbox 759 305 938 368; x_wconf 85' lang='lat' dir='ltr'>petitur,</span> <span class='ocrx_word' id='word_1_6' title='bbox 958 322 1115 351; x_wconf 82' lang='lat' dir='ltr'>aurum</span> <span class='ocrx_word' id='word_1_7' title='bbox 1140 322 1274 369; x_wconf 85' lang='lat' dir='ltr'>quare</span> <span class='ocrx_word' id='word_1_8' title='bbox 1308 305 1358 354; x_wconf 75' lang='lat' dir='ltr'>fit</span> <span class='ocrx_word' id='word_1_9' title='bbox 1393 307 1534 360; x_wconf 81' lang='lat' dir='ltr'>suum,</span> 
     </span>
     <span class='ocr_line' id='line_1_3' title="bbox 457 379 1562 444; baseline 0.005 -21"><span class='ocrx_word' id='word_1_10' title='bbox 457 381 603 432; x_wconf 90' lang='lat' dir='ltr'>Quam</span> <span class='ocrx_word' id='word_1_11' title='bbox 625 379 695 424; x_wconf 85' lang='lat' dir='ltr'>illc</span> <span class='ocrx_word' id='word_1_12' title='bbox 723 382 798 441; x_wconf 92' lang='lat' dir='ltr'>qui</span> <span class='ocrx_word' id='word_1_13' title='bbox 821 383 944 444; x_wconf 86' lang='lat' dir='ltr'>petit,</span> <span class='ocrx_word' id='word_1_14' title='bbox 968 380 1081 428; x_wconf 88' lang='lat' dir='ltr'>vnde</span> <span class='ocrx_word' id='word_1_15' title='bbox 1102 383 1137 427; x_wconf 88' lang='lat' dir='ltr'>is</span> <span class='ocrx_word' id='word_1_16' title='bbox 1163 379 1211 428; x_wconf 79' lang='lat' dir='ltr'>sit</span> <span class='ocrx_word' id='word_1_17' title='bbox 1229 381 1450 429; x_wconf 81' lang='lat' dir='ltr'>thesaurus</span> <span class='ocrx_word' id='word_1_18' title='bbox 1471 383 1562 435; x_wconf 79' lang='lat' dir='ltr'>fibi,</span> 
     </span>
    </p>
   </div>
   <div class='ocr_carea' id='block_1_3' title="bbox 454 453 1692 589">
    <p class='ocr_par' dir='ltr' id='par_1_3' title="bbox 454 453 1692 589">
     <span class='ocr_line' id='line_1_4' title="bbox 454 453 1620 523; baseline 0.004 -23"><span class='ocrx_word' id='word_1_19' title='bbox 454 458 548 500; x_wconf 88' lang='lat' dir='ltr'>Aut</span> <span class='ocrx_word' id='word_1_20' title='bbox 572 453 688 502; x_wconf 86' lang='lat' dir='ltr'>vnde</span> <span class='ocrx_word' id='word_1_21' title='bbox 711 457 758 501; x_wconf 89' lang='lat' dir='ltr'>in</span> <span class='ocrx_word' id='word_1_22' title='bbox 780 457 973 520; x_wconf 87' lang='lat' dir='ltr'>patrium</span> <span class='ocrx_word' id='word_1_23' title='bbox 994 467 1333 504; x_wconf 84' lang='lat' dir='ltr'>monumentum</span> <span class='ocrx_word' id='word_1_24' title='bbox 1352 461 1620 523; x_wconf 83' lang='lat' dir='ltr'>peruenerit.</span> 
     </span>
     <span class='ocr_line' id='line_1_5' title="bbox 1504 535 1692 589; baseline -0.005 -9"><span class='ocrx_word' id='word_1_25' title='bbox 1504 535 1692 589; x_wconf 82' lang='lat' dir='ltr'>Dehinc,</span> 
     </span>
    </p>
   </div>
   <div class='ocr_carea' id='block_1_4' title="bbox 314 654 1689 766">
    <p class='ocr_par' dir='ltr' id='par_1_4' title="bbox 314 654 1689 766">
     <span class='ocr_line' id='line_1_6' title="bbox 373 654 1689 710; baseline 0.005 -18"><span class='ocrx_word' id='word_1_26' title='bbox 373 654 503 707; x_wconf 83' lang='lat' dir='ltr'>Vulgo</span> <span class='ocrx_word' id='word_1_27' title='bbox 532 655 692 708; x_wconf 84' lang='lat' dir='ltr'>legunt,</span> <span class='ocrx_word' id='word_1_28' title='bbox 730 656 769 693; x_wconf 87' lang='lat' dir='ltr'>in</span> <span class='ocrx_word' id='word_1_29' title='bbox 795 656 976 707; x_wconf 69' lang='lat' dir='ltr'>thqfimm.</span> <span class='ocrx_word' id='word_1_30' title='bbox 1028 668 1161 698; x_wconf 83' lang='lat' dir='ltr'>mento</span> <span class='ocrx_word' id='word_1_31' title='bbox 1180 658 1341 698; x_wconf 83' lang='lat' dir='ltr'>inuenta</span> <span class='ocrx_word' id='word_1_32' title='bbox 1357 657 1525 706; x_wconf 73' lang='lat' dir='ltr'>suerunt,</span> <span class='ocrx_word' id='word_1_33' title='bbox 1549 668 1689 710; x_wconf 57' lang='lat' dir='ltr'>vtpaue</span> 
     </span>
     <span class='ocr_line' id='line_1_7' title="bbox 314 710 1686 766; baseline 0.004 -18"><span class='ocrx_word' id='word_1_34' title='bbox 314 711 497 752; x_wconf 78' lang='lat' dir='ltr'>Dacieria</span> <span class='ocrx_word' id='word_1_35' title='bbox 508 710 614 761; x_wconf 87' lang='lat' dir='ltr'>dicit,</span> <span class='ocrx_word' id='word_1_36' title='bbox 635 710 746 750; x_wconf 78' lang='lat' dir='ltr'>valde</span> <span class='ocrx_word' id='word_1_37' title='bbox 758 725 894 758; x_wconf 83' lang='lat' dir='ltr'>errare,</span> <span class='ocrx_word' id='word_1_38' title='bbox 909 714 976 765; x_wconf 91' lang='lat' dir='ltr'>qui</span> <span class='ocrx_word' id='word_1_39' title='bbox 1027 726 1069 752; x_wconf 88' lang='lat' dir='ltr'>ca</span> <span class='ocrx_word' id='word_1_40' title='bbox 1089 727 1113 752; x_wconf 83' lang='lat' dir='ltr'>e</span> <span class='ocrx_word' id='word_1_41' title='bbox 1130 715 1305 766; x_wconf 84' lang='lat' dir='ltr'>plurimis</span> <span class='ocrx_word' id='word_1_42' title='bbox 1323 713 1499 758; x_wconf 79' lang='lat' dir='ltr'>reseram,</span> <span class='ocrx_word' id='word_1_43' title='bbox 1529 722 1582 752; x_wconf 68' lang='lat' dir='ltr'>»cuz</span> <span class='ocrx_word' id='word_1_44' title='bbox 1615 731 1686 762; x_wconf 52' lang='grc' dir='ltr'>ᾖτε·</span> 
     </span>
    </p>
   </div>
   <div class='ocr_carea' id='block_1_5' title="bbox 313 765 1683 876">
    <p class='ocr_par' dir='ltr' id='par_1_5' title="bbox 313 765 1683 876">
     <span class='ocr_line' id='line_1_8' title="bbox 313 765 1680 819; baseline 0.003 -15"><span class='ocrx_word' id='word_1_45' title='bbox 313 765 537 815; x_wconf 58' lang='lat' dir='ltr'>Thesbarum</span> <span class='ocrx_word' id='word_1_46' title='bbox 560 779 708 806; x_wconf 87' lang='lat' dir='ltr'>nomen</span> <span class='ocrx_word' id='word_1_47' title='bbox 721 768 973 818; x_wconf 79' lang='lat' dir='ltr'>Cmnoediae,</span> <span class='ocrx_word' id='word_1_48' title='bbox 1024 777 1097 808; x_wconf 73' lang='grc' dir='ltr'>πτοὶ</span> <span class='ocrx_word' id='word_1_49' title='bbox 1110 799 1120 817; x_wconf 90' lang='lat'><em>‚</em></span> <span class='ocrx_word' id='word_1_50' title='bbox 1160 779 1214 808; x_wconf 72' lang='grc' dir='ltr'>καὶ</span> <span class='ocrx_word' id='word_1_51' title='bbox 1255 775 1427 816; x_wconf 64' lang='grc' dir='ltr'><strong><em>ἀκινάκαι,</em></strong></span> <span class='ocrx_word' id='word_1_52' title='bbox 1469 777 1522 807; x_wconf 66' lang='grc' dir='ltr'>καὶ</span> <span class='ocrx_word' id='word_1_53' title='bbox 1550 769 1680 819; x_wconf 62' lang='grc' dir='ltr'>ἐνώτια,</span> 
     </span>
     <span class='ocr_line' id='line_1_9' title="bbox 1022 825 1683 876; baseline 0.005 -14"><span class='ocrx_word' id='word_1_54' title='bbox 1022 829 1132 872; x_wconf 55' lang='lat' dir='ltr'>xeno}</span> <span class='ocrx_word' id='word_1_55' title='bbox 1148 843 1186 864; x_wconf 78' lang='grc' dir='ltr'>τε</span> <span class='ocrx_word' id='word_1_56' title='bbox 1203 832 1258 864; x_wconf 69' lang='grc' dir='ltr'>καὶ</span> <span class='ocrx_word' id='word_1_57' title='bbox 1279 829 1373 864; x_wconf 71' lang='grc' dir='ltr'><strong><em>λίθων</em></strong></span> <span class='ocrx_word' id='word_1_58' title='bbox 1394 825 1548 869; x_wconf 46' lang='lat' dir='ltr'>noxum-52.</span> <span class='ocrx_word' id='word_1_59' title='bbox 1571 827 1683 876; x_wconf 76' lang='lat' dir='ltr'>Quin</span> 
     </span>
    </p>
   </div>
   <div class='ocr_carea' id='block_1_6' title="bbox 980 882 1685 2492">
    <p class='ocr_par' dir='ltr' id='par_1_6' title="bbox 980 882 1685 2492">
     <span class='ocr_line' id='line_1_10' title="bbox 1023 882 1682 934; baseline -0.002 -14"><span class='ocrx_word' id='word_1_60' title='bbox 1023 882 1139 921; x_wconf 82' lang='lat' dir='ltr'>etiam</span> <span class='ocrx_word' id='word_1_61' title='bbox 1167 896 1216 921; x_wconf 85' lang='lat' dir='ltr'>ex</span> <span class='ocrx_word' id='word_1_62' title='bbox 1247 883 1313 930; x_wconf 89' lang='lat' dir='ltr'>iis,</span> <span class='ocrx_word' id='word_1_63' title='bbox 1351 894 1450 933; x_wconf 87' lang='lat' dir='ltr'>quae</span> <span class='ocrx_word' id='word_1_64' title='bbox 1478 885 1682 934; x_wconf 71' lang='lat' dir='ltr'>Hyr-canus</span> 
     </span>
     <span class='ocr_line' id='line_1_11' title="bbox 1022 938 1681 990; baseline 0 -14"><span class='ocrx_word' id='word_1_65' title='bbox 1022 948 1138 990; x_wconf 88' lang='lat' dir='ltr'>atque</span> <span class='ocrx_word' id='word_1_66' title='bbox 1158 938 1339 978; x_wconf 87' lang='lat' dir='ltr'>Herodes</span> <span class='ocrx_word' id='word_1_67' title='bbox 1371 952 1392 978; x_wconf 89' lang='lat' dir='ltr'>e</span> <span class='ocrx_word' id='word_1_68' title='bbox 1423 948 1681 977; x_wconf 88' lang='lat' dir='ltr'>monumento</span> 
     </span>
     <span class='ocr_line' id='line_1_12' title="bbox 1021 993 1680 1041; baseline 0 -9"><span class='ocrx_word' id='word_1_69' title='bbox 1021 994 1186 1033; x_wconf 86' lang='lat' dir='ltr'>Dauidis</span> <span class='ocrx_word' id='word_1_70' title='bbox 1225 994 1480 1041; x_wconf 84' lang='lat' dir='ltr'>abstulerunt,</span> <span class='ocrx_word' id='word_1_71' title='bbox 1519 993 1680 1032; x_wconf 78' lang='lat' dir='ltr'>abunde</span> 
     </span>
     <span class='ocr_line' id='line_1_13' title="bbox 1019 1048 1683 1101; baseline 0.003 -15"><span class='ocrx_word' id='word_1_72' title='bbox 1019 1060 1192 1100; x_wconf 81' lang='lat' dir='ltr'>apparet,</span> <span class='ocrx_word' id='word_1_73' title='bbox 1210 1051 1362 1101; x_wconf 85' lang='lat' dir='ltr'>quantis</span> <span class='ocrx_word' id='word_1_74' title='bbox 1382 1063 1469 1088; x_wconf 89' lang='lat' dir='ltr'>cum</span> <span class='ocrx_word' id='word_1_75' title='bbox 1490 1048 1632 1089; x_wconf 82' lang='lat' dir='ltr'>diuitiis</span> <span class='ocrx_word' id='word_1_76' title='bbox 1645 1051 1683 1088; x_wconf 83' lang='lat' dir='ltr'>is</span> 
     </span>
     <span class='ocr_line' id='line_1_14' title="bbox 1017 1101 1677 1157; baseline 0.002 -15"><span class='ocrx_word' id='word_1_77' title='bbox 1017 1101 1188 1155; x_wconf 81' lang='lat' dir='ltr'>sepultus</span> <span class='ocrx_word' id='word_1_78' title='bbox 1209 1104 1337 1145; x_wconf 86' lang='lat' dir='ltr'>fuerit.</span> <span class='ocrx_word' id='word_1_79' title='bbox 1367 1103 1551 1157; x_wconf 82' lang='lat' dir='ltr'>Iosephus</span> <span class='ocrx_word' id='word_1_80' title='bbox 1567 1105 1677 1144; x_wconf 83' lang='lat' dir='ltr'>enim</span> 
     </span>
     <span class='ocr_line' id='line_1_15' title="bbox 1016 1160 1678 1212; baseline 0.005 -15"><span class='ocrx_word' id='word_1_81' title='bbox 1016 1160 1213 1211; x_wconf 83' lang='lat' dir='ltr'>Antiquit.</span> <span class='ocrx_word' id='word_1_82' title='bbox 1244 1161 1309 1200; x_wconf 87' lang='lat' dir='ltr'>lib.</span> <span class='ocrx_word' id='word_1_83' title='bbox 1339 1175 1428 1203; x_wconf 79' lang='lat' dir='ltr'>xv1.</span> <span class='ocrx_word' id='word_1_84' title='bbox 1455 1175 1537 1212; x_wconf 88' lang='lat' dir='ltr'>cap.</span> <span class='ocrx_word' id='word_1_85' title='bbox 1557 1174 1605 1200; x_wconf 85' lang='lat'>11.</span> <span class='ocrx_word' id='word_1_86' title='bbox 1637 1174 1678 1200; x_wconf 88' lang='lat' dir='ltr'>e-</span> 
     </span>
     <span class='ocr_line' id='line_1_16' title="bbox 1015 1220 1676 1268; baseline 0.002 -15"><span class='ocrx_word' id='word_1_87' title='bbox 1015 1224 1216 1264; x_wconf 57' lang='lat' dir='ltr'>numerat:</span> <span class='ocrx_word' id='word_1_88' title='bbox 1242 1220 1383 1264; x_wconf 65' lang='grc' dir='ltr'><strong><em>ἂςγυρίυ</em></strong></span> <span class='ocrx_word' id='word_1_89' title='bbox 1396 1223 1585 1268; x_wconf 52' lang='lat' dir='ltr'>frgaexamoe</span> <span class='ocrx_word' id='word_1_90' title='bbox 1613 1222 1676 1254; x_wconf 77' lang='grc' dir='ltr'>τά-</span> 
     </span>
     <span class='ocr_line' id='line_1_17' title="bbox 1013 1269 1674 1324; baseline 0 -14"><span class='ocrx_word' id='word_1_91' title='bbox 1013 1284 1140 1320; x_wconf 71' lang='grc' dir='ltr'><strong><em>λαντα,</em></strong></span> <span class='ocrx_word' id='word_1_92' title='bbox 1168 1269 1289 1315; x_wconf 66' lang='grc' dir='ltr'><strong><em>κόσμον</em></strong></span> <span class='ocrx_word' id='word_1_93' title='bbox 1315 1271 1356 1311; x_wconf 71' lang='grc' dir='ltr'>δὲ</span> <span class='ocrx_word' id='word_1_94' title='bbox 1386 1275 1499 1324; x_wconf 52' lang='lat' dir='ltr'>nevo-²}</span> <span class='ocrx_word' id='word_1_95' title='bbox 1527 1281 1580 1310; x_wconf 77' lang='grc' dir='ltr'>καὶ</span> <span class='ocrx_word' id='word_1_96' title='bbox 1609 1278 1674 1311; x_wconf 65' lang='grc' dir='ltr'>κέκ-</span> 
     </span>
     <span class='ocr_line' id='line_1_18' title="bbox 1012 1327 1672 1372; baseline 0.005 -7"><span class='ocrx_word' id='word_1_97' title='bbox 1012 1334 1133 1372; x_wconf 69' lang='grc' dir='ltr'><em>μηλίων</em></span> <span class='ocrx_word' id='word_1_98' title='bbox 1175 1327 1288 1367; x_wconf 57' lang='lat' dir='ltr'>vomu.</span> <span class='ocrx_word' id='word_1_99' title='bbox 1360 1328 1542 1367; x_wconf 83' lang='lat' dir='ltr'>Romanis</span> <span class='ocrx_word' id='word_1_100' title='bbox 1578 1341 1672 1368; x_wconf 86' lang='lat' dir='ltr'>vero</span> 
     </span>
     <span class='ocr_line' id='line_1_19' title="bbox 1012 1382 1685 1436; baseline 0.003 -15"><span class='ocrx_word' id='word_1_101' title='bbox 1012 1382 1170 1436; x_wconf 86' lang='lat' dir='ltr'>legibus</span> <span class='ocrx_word' id='word_1_102' title='bbox 1187 1383 1436 1423; x_wconf 62' lang='lat' dir='ltr'>inter-dietum</span> <span class='ocrx_word' id='word_1_103' title='bbox 1455 1383 1519 1431; x_wconf 83' lang='lat' dir='ltr'>est,</span> <span class='ocrx_word' id='word_1_104' title='bbox 1543 1397 1594 1422; x_wconf 83' lang='lat' dir='ltr'>ne</span> <span class='ocrx_word' id='word_1_105' title='bbox 1603 1388 1685 1436; x_wconf 75' lang='lat' dir='ltr'>pe-v</span> 
     </span>
     <span class='ocr_line' id='line_1_20' title="bbox 1011 1438 1669 1492; baseline 0.003 -15"><span class='ocrx_word' id='word_1_106' title='bbox 1011 1440 1126 1479; x_wconf 84' lang='lat' dir='ltr'>cunia</span> <span class='ocrx_word' id='word_1_107' title='bbox 1143 1438 1357 1492; x_wconf 83' lang='lat' dir='ltr'>sepeliatur.</span> <span class='ocrx_word' id='word_1_108' title='bbox 1385 1440 1409 1480; x_wconf 77' lang='grc' dir='ltr'>Ι.</span> <span class='ocrx_word' id='word_1_109' title='bbox 1436 1452 1472 1492; x_wconf 87' lang='grc'>4.</span> <span class='ocrx_word' id='word_1_110' title='bbox 1503 1444 1537 1489; x_wconf 83' lang='lat'>§.</span> <span class='ocrx_word' id='word_1_111' title='bbox 1560 1443 1597 1481; x_wconf 88' lang='grc'>6.</span> <span class='ocrx_word' id='word_1_112' title='bbox 1625 1438 1669 1479; x_wconf 89' lang='lat' dir='ltr'>ff.</span> 
     </span>
     <span class='ocr_line' id='line_1_21' title="bbox 1011 1494 1669 1547; baseline 0.003 -13"><span class='ocrx_word' id='word_1_113' title='bbox 1011 1494 1059 1534; x_wconf 83' lang='lat' dir='ltr'>ad</span> <span class='ocrx_word' id='word_1_114' title='bbox 1078 1498 1118 1536; x_wconf 89' lang='lat' dir='ltr'>L.</span> <span class='ocrx_word' id='word_1_115' title='bbox 1138 1497 1206 1536; x_wconf 91' lang='lat' dir='ltr'>Iul.</span> <span class='ocrx_word' id='word_1_116' title='bbox 1227 1496 1352 1547; x_wconf 79' lang='lat' dir='ltr'>pecul.</span> <span class='ocrx_word' id='word_1_117' title='bbox 1406 1499 1521 1536; x_wconf 86' lang='lat' dir='ltr'>Neue</span> <span class='ocrx_word' id='word_1_118' title='bbox 1551 1496 1669 1536; x_wconf 87' lang='lat' dir='ltr'>etiam</span> 
     </span>
     <span class='ocr_line' id='line_1_22' title="bbox 1009 1552 1668 1592; baseline 0.003 -3"><span class='ocrx_word' id='word_1_119' title='bbox 1009 1565 1145 1591; x_wconf 87' lang='lat' dir='ltr'>aurum</span> <span class='ocrx_word' id='word_1_120' title='bbox 1165 1552 1226 1592; x_wconf 87' lang='lat' dir='ltr'>vel</span> <span class='ocrx_word' id='word_1_121' title='bbox 1243 1562 1471 1591; x_wconf 87' lang='lat' dir='ltr'>ornamenta</span> <span class='ocrx_word' id='word_1_122' title='bbox 1489 1564 1575 1590; x_wconf 87' lang='lat' dir='ltr'>cum</span> <span class='ocrx_word' id='word_1_123' title='bbox 1588 1564 1668 1591; x_wconf 81' lang='lat' dir='ltr'>cor-</span> 
     </span>
     <span class='ocr_line' id='line_1_23' title="bbox 1008 1607 1663 1660; baseline 0 -13"><span class='ocrx_word' id='word_1_124' title='bbox 1008 1607 1167 1657; x_wconf 84' lang='lat' dir='ltr'>poribus</span> <span class='ocrx_word' id='word_1_125' title='bbox 1187 1607 1412 1647; x_wconf 84' lang='lat' dir='ltr'>condantur.</span> <span class='ocrx_word' id='word_1_126' title='bbox 1441 1608 1467 1647; x_wconf 83' lang='lat' dir='ltr'>l.</span> <span class='ocrx_word' id='word_1_127' title='bbox 1493 1619 1553 1660; x_wconf 86' lang='lat'>14.</span> <span class='ocrx_word' id='word_1_128' title='bbox 1572 1610 1604 1656; x_wconf 88' lang='lat'>§.</span> <span class='ocrx_word' id='word_1_129' title='bbox 1626 1619 1663 1660; x_wconf 83' lang='lat'>5.</span> 
     </span>
     <span class='ocr_line' id='line_1_24' title="bbox 1005 1660 1666 1717; baseline -0.002 -14"><span class='ocrx_word' id='word_1_130' title='bbox 1005 1660 1046 1703; x_wconf 86' lang='lat' dir='ltr'>ff.</span> <span class='ocrx_word' id='word_1_131' title='bbox 1066 1663 1116 1703; x_wconf 86' lang='lat' dir='ltr'>de</span> <span class='ocrx_word' id='word_1_132' title='bbox 1138 1660 1305 1717; x_wconf 87' lang='lat' dir='ltr'>religios.</span> <span class='ocrx_word' id='word_1_133' title='bbox 1338 1666 1385 1704; x_wconf 88' lang='lat' dir='ltr'>Et</span> <span class='ocrx_word' id='word_1_134' title='bbox 1402 1665 1443 1702; x_wconf 88' lang='lat' dir='ltr'>in</span> <span class='ocrx_word' id='word_1_135' title='bbox 1472 1661 1666 1716; x_wconf 82' lang='lat' dir='ltr'>fragmen-</span> 
     </span>
     <span class='ocr_line' id='line_1_25' title="bbox 1006 1718 1663 1770; baseline 0.002 -12"><span class='ocrx_word' id='word_1_136' title='bbox 1006 1720 1055 1758; x_wconf 86' lang='lat' dir='ltr'>tis</span> <span class='ocrx_word' id='word_1_137' title='bbox 1080 1734 1161 1761; x_wconf 74' lang='grc' dir='ltr'>ΧΠ.</span> <span class='ocrx_word' id='word_1_138' title='bbox 1188 1718 1312 1759; x_wconf 83' lang='lat' dir='ltr'>Tabb.</span> <span class='ocrx_word' id='word_1_139' title='bbox 1372 1719 1495 1770; x_wconf 88' lang='lat' dir='ltr'>Quod</span> <span class='ocrx_word' id='word_1_140' title='bbox 1531 1730 1663 1759; x_wconf 79' lang='lat' dir='ltr'>tamen</span> 
     </span>
     <span class='ocr_line' id='line_1_26' title="bbox 1003 1775 1662 1828; baseline -0.002 -14"><span class='ocrx_word' id='word_1_141' title='bbox 1003 1789 1023 1814; x_wconf 89' lang='lat' dir='ltr'>a</span> <span class='ocrx_word' id='word_1_142' title='bbox 1047 1775 1340 1828; x_wconf 81' lang='lat' dir='ltr'>simplicioribus</span> <span class='ocrx_word' id='word_1_143' title='bbox 1357 1775 1451 1823; x_wconf 80' lang='lat' dir='ltr'>fieri,</span> <span class='ocrx_word' id='word_1_144' title='bbox 1470 1775 1662 1825; x_wconf 85' lang='lat' dir='ltr'>leianus</span> 
     </span>
     <span class='ocr_line' id='line_1_27' title="bbox 1002 1830 1660 1882; baseline 0 -12"><span class='ocrx_word' id='word_1_145' title='bbox 1002 1830 1038 1871; x_wconf 91' lang='lat' dir='ltr'>d.</span> <span class='ocrx_word' id='word_1_146' title='bbox 1067 1833 1093 1873; x_wconf 87' lang='lat' dir='ltr'>l.</span> <span class='ocrx_word' id='word_1_147' title='bbox 1128 1842 1246 1871; x_wconf 83' lang='lat' dir='ltr'>notat.</span> <span class='ocrx_word' id='word_1_148' title='bbox 1304 1833 1410 1872; x_wconf 83' lang='lat' dir='ltr'>Hine</span> <span class='ocrx_word' id='word_1_149' title='bbox 1426 1831 1527 1882; x_wconf 87' lang='lat' dir='ltr'>apud</span> <span class='ocrx_word' id='word_1_150' title='bbox 1550 1833 1660 1870; x_wconf 80' lang='lat' dir='ltr'>Scae-</span> 
     </span>
     <span class='ocr_line' id='line_1_28' title="bbox 998 1885 1657 1927; baseline 0.002 -2"><span class='ocrx_word' id='word_1_151' title='bbox 998 1888 1126 1927; x_wconf 86' lang='lat' dir='ltr'>uolam</span> <span class='ocrx_word' id='word_1_152' title='bbox 1143 1885 1394 1927; x_wconf 88' lang='lat' dir='ltr'>Iurisconsult.</span> <span class='ocrx_word' id='word_1_153' title='bbox 1417 1888 1459 1925; x_wconf 86' lang='lat' dir='ltr'>in</span> <span class='ocrx_word' id='word_1_154' title='bbox 1487 1887 1510 1924; x_wconf 88' lang='lat'>1.</span> <span class='ocrx_word' id='word_1_155' title='bbox 1532 1885 1598 1925; x_wconf 83' lang='lat' dir='ltr'>fin.</span> <span class='ocrx_word' id='word_1_156' title='bbox 1615 1885 1657 1926; x_wconf 81' lang='lat' dir='ltr'>ff.</span> 
     </span>
     <span class='ocr_line' id='line_1_29' title="bbox 998 1941 1656 1995; baseline 0.002 -15"><span class='ocrx_word' id='word_1_157' title='bbox 998 1941 1050 1981; x_wconf 86' lang='lat' dir='ltr'>de</span> <span class='ocrx_word' id='word_1_158' title='bbox 1076 1957 1188 1991; x_wconf 85' lang='lat' dir='ltr'>auro,</span> <span class='ocrx_word' id='word_1_159' title='bbox 1233 1956 1312 1995; x_wconf 85' lang='lat' dir='ltr'>arg.</span> <span class='ocrx_word' id='word_1_160' title='bbox 1367 1943 1410 1981; x_wconf 88' lang='lat' dir='ltr'>In</span> <span class='ocrx_word' id='word_1_161' title='bbox 1446 1942 1656 1990; x_wconf 84' lang='lat' dir='ltr'>testamento</span> 
     </span>
     <span class='ocr_line' id='line_1_30' title="bbox 995 1998 1655 2048; baseline 0.003 -12"><span class='ocrx_word' id='word_1_162' title='bbox 995 2011 1190 2037; x_wconf 84' lang='lat' dir='ltr'>matronae</span> <span class='ocrx_word' id='word_1_163' title='bbox 1218 1998 1406 2048; x_wconf 80' lang='lat' dir='ltr'>cuiufiz&#39;am</span> <span class='ocrx_word' id='word_1_164' title='bbox 1437 1999 1490 2037; x_wconf 82' lang='lat' dir='ltr'>ita</span> <span class='ocrx_word' id='word_1_165' title='bbox 1510 2011 1655 2038; x_wconf 81' lang='lat' dir='ltr'>cautum</span> 
     </span>
     <span class='ocr_line' id='line_1_31' title="bbox 983 2054 1653 2105; baseline -0.001 -13"><span class='ocrx_word' id='word_1_166' title='bbox 983 2054 1145 2105; x_wconf 83' lang='lat' dir='ltr'>fuerat:</span> <span class='ocrx_word' id='word_1_167' title='bbox 1185 2054 1366 2094; x_wconf 68' lang='lat' dir='ltr'>Funerum·</span> <span class='ocrx_word' id='word_1_168' title='bbox 1399 2068 1454 2092; x_wconf 81' lang='lat' dir='ltr'>me</span> <span class='ocrx_word' id='word_1_169' title='bbox 1487 2054 1653 2092; x_wconf 77' lang='lat' dir='ltr'>arbitrio</span> 
     </span>
     <span class='ocr_line' id='line_1_32' title="bbox 993 2109 1654 2161; baseline -0.002 -13"><span class='ocrx_word' id='word_1_170' title='bbox 993 2113 1071 2149; x_wconf 82' lang='lat' dir='ltr'>viri</span> <span class='ocrx_word' id='word_1_171' title='bbox 1095 2111 1166 2148; x_wconf 84' lang='lat' dir='ltr'>mei</span> <span class='ocrx_word' id='word_1_172' title='bbox 1192 2109 1292 2157; x_wconf 83' lang='lat' dir='ltr'>volo,</span> <span class='ocrx_word' id='word_1_173' title='bbox 1337 2122 1373 2148; x_wconf 89' lang='lat' dir='ltr'>et</span> <span class='ocrx_word' id='word_1_174' title='bbox 1398 2111 1535 2161; x_wconf 48' lang='lat' dir='ltr'>irrfbrri</span> <span class='ocrx_word' id='word_1_175' title='bbox 1562 2110 1654 2148; x_wconf 80' lang='lat' dir='ltr'>mihi</span> 
     </span>
     <span class='ocr_line' id='line_1_33' title="bbox 994 2166 1652 2219; baseline 0 -15"><span class='ocrx_word' id='word_1_176' title='bbox 994 2179 1226 2219; x_wconf 82' lang='lat' dir='ltr'>quaecunque</span> <span class='ocrx_word' id='word_1_177' title='bbox 1232 2166 1447 2219; x_wconf 81' lang='lat' dir='ltr'>fipulturae</span> <span class='ocrx_word' id='word_1_178' title='bbox 1463 2179 1558 2203; x_wconf 80' lang='lat' dir='ltr'>meae</span> <span class='ocrx_word' id='word_1_179' title='bbox 1570 2178 1652 2204; x_wconf 81' lang='lat' dir='ltr'>cau-</span> 
     </span>
     <span class='ocr_line' id='line_1_34' title="bbox 980 2221 1651 2272; baseline 0.003 -12"><span class='ocrx_word' id='word_1_180' title='bbox 980 2221 1032 2272; x_wconf 71' lang='lat' dir='ltr'>sit</span> <span class='ocrx_word' id='word_1_181' title='bbox 1046 2221 1188 2272; x_wconf 79' lang='lat' dir='ltr'>ftram,</span> <span class='ocrx_word' id='word_1_182' title='bbox 1211 2236 1257 2260; x_wconf 81' lang='lat' dir='ltr'>ex</span> <span class='ocrx_word' id='word_1_183' title='bbox 1283 2225 1511 2261; x_wconf 81' lang='lat' dir='ltr'>ornamentis</span> <span class='ocrx_word' id='word_1_184' title='bbox 1535 2222 1651 2262; x_wconf 79' lang='lat' dir='ltr'>lineas</span> 
     </span>
     <span class='ocr_line' id='line_1_35' title="bbox 991 2278 1651 2332; baseline 0.002 -15"><span class='ocrx_word' id='word_1_185' title='bbox 991 2278 1081 2318; x_wconf 79' lang='lat' dir='ltr'>duas</span> <span class='ocrx_word' id='word_1_186' title='bbox 1102 2292 1148 2316; x_wconf 84' lang='lat' dir='ltr'>ex</span> <span class='ocrx_word' id='word_1_187' title='bbox 1169 2280 1403 2332; x_wconf 76' lang='lat' dir='ltr'>margaritis,</span> <span class='ocrx_word' id='word_1_188' title='bbox 1439 2290 1473 2315; x_wconf 81' lang='lat' dir='ltr'>et</span> <span class='ocrx_word' id='word_1_189' title='bbox 1490 2278 1651 2318; x_wconf 82' lang='lat' dir='ltr'>viriolas</span> 
     </span>
     <span class='ocr_line' id='line_1_36' title="bbox 989 2332 1648 2389; baseline 0.002 -17"><span class='ocrx_word' id='word_1_190' title='bbox 989 2348 1036 2373; x_wconf 85' lang='lat' dir='ltr'>ex</span> <span class='ocrx_word' id='word_1_191' title='bbox 1064 2334 1290 2389; x_wconf 83' lang='lat' dir='ltr'>Smaragdis.</span> <span class='ocrx_word' id='word_1_192' title='bbox 1335 2332 1423 2372; x_wconf 88' lang='lat' dir='ltr'>Vid.</span> <span class='ocrx_word' id='word_1_193' title='bbox 1446 2333 1470 2371; x_wconf 88' lang='lat' dir='ltr'>l.</span> <span class='ocrx_word' id='word_1_194' title='bbox 1506 2344 1592 2386; x_wconf 76' lang='lat'><em>113.</em></span> <span class='ocrx_word' id='word_1_195' title='bbox 1614 2336 1648 2383; x_wconf 85' lang='lat'>§.</span> 
     </span>
     <span class='ocr_line' id='line_1_37' title="bbox 989 2389 1649 2444; baseline -0.002 -15"><span class='ocrx_word' id='word_1_196' title='bbox 989 2403 1027 2444; x_wconf 84' lang='lat'>5.</span> <span class='ocrx_word' id='word_1_197' title='bbox 1063 2389 1121 2428; x_wconf 77' lang='lat' dir='ltr'>dc-</span> <span class='ocrx_word' id='word_1_198' title='bbox 1136 2389 1212 2442; x_wconf 87' lang='lat' dir='ltr'>leg.</span> <span class='ocrx_word' id='word_1_199' title='bbox 1234 2401 1266 2430; x_wconf 87' lang='lat'>1.</span> <span class='ocrx_word' id='word_1_200' title='bbox 1295 2390 1415 2437; x_wconf 87' lang='lat' dir='ltr'>Dein,</span> <span class='ocrx_word' id='word_1_201' title='bbox 1432 2389 1521 2427; x_wconf 87' lang='lat' dir='ltr'>iuris</span> <span class='ocrx_word' id='word_1_202' title='bbox 1534 2402 1649 2440; x_wconf 88' lang='lat' dir='ltr'>quae-</span> 
     </span>
     <span class='ocr_line' id='line_1_38' title="bbox 985 2443 1647 2492; baseline 0 -8"><span class='ocrx_word' id='word_1_203' title='bbox 985 2445 1055 2485; x_wconf 88' lang='lat' dir='ltr'>stio</span> <span class='ocrx_word' id='word_1_204' title='bbox 1077 2445 1169 2484; x_wconf 89' lang='lat' dir='ltr'>olim</span> <span class='ocrx_word' id='word_1_205' title='bbox 1190 2444 1275 2492; x_wconf 82' lang='lat' dir='ltr'>fuit,</span> <span class='ocrx_word' id='word_1_206' title='bbox 1297 2443 1491 2484; x_wconf 82' lang='lat' dir='ltr'>thesaurus</span> <span class='ocrx_word' id='word_1_207' title='bbox 1509 2445 1647 2484; x_wconf 87' lang='lat' dir='ltr'>inuen-</span> 
     </span>
    </p>
   </div>
   <div class='ocr_carea' id='block_1_7' title="bbox 274 821 973 2498">
    <p class='ocr_par' dir='ltr' id='par_1_7' title="bbox 305 821 973 1152">
     <span class='ocr_line' id='line_1_39' title="bbox 314 821 970 876; baseline 0.005 -16"><span class='ocrx_word' id='word_1_208' title='bbox 314 836 337 860; x_wconf 82' lang='lat' dir='ltr'>a</span> <span class='ocrx_word' id='word_1_209' title='bbox 354 821 622 862; x_wconf 73' lang='lat' dir='ltr'>Phantasmate</span> <span class='ocrx_word' id='word_1_210' title='bbox 639 821 809 863; x_wconf 82' lang='lat' dir='ltr'>diuersae</span> <span class='ocrx_word' id='word_1_211' title='bbox 820 835 970 876; x_wconf 85' lang='lat' dir='ltr'>putent,</span> 
     </span>
     <span class='ocr_line' id='line_1_40' title="bbox 311 875 970 930; baseline 0.006 -14"><span class='ocrx_word' id='word_1_212' title='bbox 311 891 399 917; x_wconf 84' lang='lat' dir='ltr'>eum</span> <span class='ocrx_word' id='word_1_213' title='bbox 426 877 467 916; x_wconf 79' lang='lat' dir='ltr'>{it</span> <span class='ocrx_word' id='word_1_214' title='bbox 492 880 596 917; x_wconf 89' lang='lat' dir='ltr'>locus</span> <span class='ocrx_word' id='word_1_215' title='bbox 615 875 785 918; x_wconf 84' lang='lat' dir='ltr'>eiusdem</span> <span class='ocrx_word' id='word_1_216' title='bbox 804 880 970 930; x_wconf 78' lang='lat' dir='ltr'>fabulae,</span> 
     </span>
     <span class='ocr_line' id='line_1_41' title="bbox 308 932 973 989; baseline 0.008 -18"><span class='ocrx_word' id='word_1_217' title='bbox 308 933 377 972; x_wconf 80' lang='lat' dir='ltr'>vbi</span> <span class='ocrx_word' id='word_1_218' title='bbox 402 934 452 972; x_wconf 88' lang='lat' dir='ltr'>de</span> <span class='ocrx_word' id='word_1_219' title='bbox 484 932 659 973; x_wconf 83' lang='lat' dir='ltr'>thesauro</span> <span class='ocrx_word' id='word_1_220' title='bbox 698 946 854 985; x_wconf 89' lang='lat' dir='ltr'>reperto</span> <span class='ocrx_word' id='word_1_221' title='bbox 886 950 973 989; x_wconf 80' lang='lat' dir='ltr'>aga-</span> 
     </span>
     <span class='ocr_line' id='line_1_42' title="bbox 308 988 972 1042; baseline 0.003 -14"><span class='ocrx_word' id='word_1_222' title='bbox 308 1000 379 1028; x_wconf 85' lang='lat' dir='ltr'>tur.</span> <span class='ocrx_word' id='word_1_223' title='bbox 439 991 486 1028; x_wconf 82' lang='lat' dir='ltr'>In</span> <span class='ocrx_word' id='word_1_224' title='bbox 519 991 637 1041; x_wconf 80' lang='lat' dir='ltr'>igitur</span> <span class='ocrx_word' id='word_1_225' title='bbox 663 988 725 1027; x_wconf 84' lang='lat' dir='ltr'>hic</span> <span class='ocrx_word' id='word_1_226' title='bbox 757 989 972 1042; x_wconf 69' lang='lat' dir='ltr'>significare</span> 
     </span>
     <span class='ocr_line' id='line_1_43' title="bbox 307 1045 970 1099; baseline 0.006 -17"><span class='ocrx_word' id='word_1_227' title='bbox 307 1045 366 1092; x_wconf 80' lang='lat' dir='ltr'>ob,</span> <span class='ocrx_word' id='word_1_228' title='bbox 388 1046 437 1083; x_wconf 82' lang='lat' dir='ltr'>vti</span> <span class='ocrx_word' id='word_1_229' title='bbox 457 1047 494 1083; x_wconf 85' lang='lat' dir='ltr'>iu</span> <span class='ocrx_word' id='word_1_230' title='bbox 517 1046 684 1097; x_wconf 85' lang='lat' dir='ltr'>Prologo</span> <span class='ocrx_word' id='word_1_231' title='bbox 701 1045 824 1085; x_wconf 84' lang='lat' dir='ltr'>Andr.</span> <span class='ocrx_word' id='word_1_232' title='bbox 848 1059 910 1099; x_wconf 82' lang='lat'>15.</span> <span class='ocrx_word' id='word_1_233' title='bbox 929 1049 970 1086; x_wconf 88' lang='lat' dir='ltr'>in</span> 
     </span>
     <span class='ocr_line' id='line_1_44' title="bbox 305 1100 888 1152; baseline 0.007 -14"><span class='ocrx_word' id='word_1_234' title='bbox 305 1114 348 1139; x_wconf 78' lang='lat' dir='ltr'>co</span> <span class='ocrx_word' id='word_1_235' title='bbox 371 1100 578 1152; x_wconf 74' lang='lat' dir='ltr'>disputant.</span> <span class='ocrx_word' id='word_1_236' title='bbox 636 1105 676 1141; x_wconf 90' lang='lat' dir='ltr'>Z.</span> <span class='ocrx_word' id='word_1_237' title='bbox 885 1136 888 1142; x_wconf 76' lang='grc'>,</span> 
     </span>
    </p>

    <p class='ocr_par' dir='ltr' id='par_1_8' title="bbox 295 1157 967 1535">
     <span class='ocr_line' id='line_1_45' title="bbox 366 1157 967 1208; baseline -0.002 -11"><span class='ocrx_word' id='word_1_238' title='bbox 366 1168 413 1197; x_wconf 87' lang='grc' dir='ltr'>ΙΙ</span> <span class='ocrx_word' id='word_1_239' title='bbox 454 1157 580 1206; x_wconf 85' lang='lat' dir='ltr'>Prius,</span> <span class='ocrx_word' id='word_1_240' title='bbox 611 1157 709 1195; x_wconf 77' lang='lat' dir='ltr'>vnde</span> <span class='ocrx_word' id='word_1_241' title='bbox 733 1159 878 1208; x_wconf 85' lang='lat' dir='ltr'>petitur</span> <span class='ocrx_word' id='word_1_242' title='bbox 906 1171 967 1196; x_wconf 81' lang='lat' dir='ltr'>au-</span> 
     </span>
     <span class='ocr_line' id='line_1_46' title="bbox 301 1212 963 1267; baseline 0.006 -18"><span class='ocrx_word' id='word_1_243' title='bbox 301 1212 406 1266; x_wconf 61' lang='lat' dir='ltr'>vam]</span> <span class='ocrx_word' id='word_1_244' title='bbox 445 1213 550 1259; x_wconf 83' lang='lat' dir='ltr'>Vnde,</span> <span class='ocrx_word' id='word_1_245' title='bbox 573 1228 595 1252; x_wconf 71' lang='lat' dir='ltr'>a</span> <span class='ocrx_word' id='word_1_246' title='bbox 614 1226 703 1264; x_wconf 69' lang='lat' dir='ltr'>quo,</span> <span class='ocrx_word' id='word_1_247' title='bbox 721 1214 830 1267; x_wconf 82' lang='lat' dir='ltr'>Virg.</span> <span class='ocrx_word' id='word_1_248' title='bbox 843 1215 963 1266; x_wconf 88' lang='lat' dir='ltr'>(Aen.</span> 
     </span>
     <span class='ocr_line' id='line_1_47' title="bbox 300 1269 957 1321; baseline 0 -13"><span class='ocrx_word' id='word_1_249' title='bbox 300 1280 339 1316; x_wconf 68' lang='lat'>1,</span> <span class='ocrx_word' id='word_1_250' title='bbox 372 1270 433 1321; x_wconf 81' lang='lat'>6.)</span> <span class='ocrx_word' id='word_1_251' title='bbox 482 1269 605 1308; x_wconf 68' lang='lat' dir='ltr'>Genus</span> <span class='ocrx_word' id='word_1_252' title='bbox 638 1269 737 1308; x_wconf 80' lang='lat' dir='ltr'>vnde</span> <span class='ocrx_word' id='word_1_253' title='bbox 772 1271 957 1310; x_wconf 80' lang='lat' dir='ltr'>Latinum.</span> 
     </span>
     <span class='ocr_line' id='line_1_48' title="bbox 298 1323 963 1376; baseline 0.003 -12"><span class='ocrx_word' id='word_1_254' title='bbox 298 1326 397 1364; x_wconf 80' lang='lat' dir='ltr'>Nam</span> <span class='ocrx_word' id='word_1_255' title='bbox 420 1323 671 1376; x_wconf 80' lang='lat' dir='ltr'>poffefl&#39;orem</span> <span class='ocrx_word' id='word_1_256' title='bbox 687 1324 779 1364; x_wconf 81' lang='lat' dir='ltr'>fecit</span> <span class='ocrx_word' id='word_1_257' title='bbox 791 1326 963 1376; x_wconf 86' lang='lat' dir='ltr'>priorem</span> 
     </span>
     <span class='ocr_line' id='line_1_49' title="bbox 299 1382 963 1433; baseline 0.005 -15"><span class='ocrx_word' id='word_1_258' title='bbox 299 1394 431 1433; x_wconf 82' lang='lat' dir='ltr'>agere,</span> <span class='ocrx_word' id='word_1_259' title='bbox 462 1395 577 1432; x_wconf 84' lang='lat' dir='ltr'>quam</span> <span class='ocrx_word' id='word_1_260' title='bbox 600 1382 827 1433; x_wconf 83' lang='lat' dir='ltr'>petitorem:</span> <span class='ocrx_word' id='word_1_261' title='bbox 857 1382 963 1433; x_wconf 91' lang='lat' dir='ltr'>quod</span> 
     </span>
     <span class='ocr_line' id='line_1_50' title="bbox 298 1435 962 1478; baseline 0.005 -5"><span class='ocrx_word' id='word_1_262' title='bbox 298 1436 479 1475; x_wconf 80' lang='lat' dir='ltr'>abhorret</span> <span class='ocrx_word' id='word_1_263' title='bbox 499 1452 520 1476; x_wconf 91' lang='lat' dir='ltr'>a</span> <span class='ocrx_word' id='word_1_264' title='bbox 539 1435 823 1478; x_wconf 85' lang='lat' dir='ltr'>consuetudine</span> <span class='ocrx_word' id='word_1_265' title='bbox 841 1447 881 1476; x_wconf 89' lang='lat' dir='ltr'>et</span> <span class='ocrx_word' id='word_1_266' title='bbox 905 1439 962 1477; x_wconf 90' lang='lat' dir='ltr'>iu-</span> 
     </span>
     <span class='ocr_line' id='line_1_51' title="bbox 295 1493 670 1535; baseline 0.003 -4"><span class='ocrx_word' id='word_1_267' title='bbox 295 1493 348 1531; x_wconf 84' lang='lat' dir='ltr'>ris</span> <span class='ocrx_word' id='word_1_268' title='bbox 371 1503 408 1531; x_wconf 89' lang='lat' dir='ltr'>et</span> <span class='ocrx_word' id='word_1_269' title='bbox 425 1493 564 1532; x_wconf 86' lang='lat' dir='ltr'>litium.</span> <span class='ocrx_word' id='word_1_270' title='bbox 618 1497 670 1535; x_wconf 91' lang='lat' dir='ltr'>D.</span> 
     </span>
    </p>

    <p class='ocr_par' dir='ltr' id='par_1_9' title="bbox 287 1548 960 2050">
     <span class='ocr_line' id='line_1_52' title="bbox 358 1548 960 1605; baseline 0.005 -16"><span class='ocrx_word' id='word_1_271' title='bbox 358 1561 405 1590; x_wconf 86' lang='lat'>12</span> <span class='ocrx_word' id='word_1_272' title='bbox 435 1548 560 1604; x_wconf 67' lang='lat' dir='ltr'>Qtam</span> <span class='ocrx_word' id='word_1_273' title='bbox 578 1548 636 1588; x_wconf 83' lang='lat' dir='ltr'>ille</span> <span class='ocrx_word' id='word_1_274' title='bbox 652 1552 719 1602; x_wconf 80' lang='lat' dir='ltr'>qui</span> <span class='ocrx_word' id='word_1_275' title='bbox 730 1550 847 1605; x_wconf 79' lang='lat' dir='ltr'>petit]</span> <span class='ocrx_word' id='word_1_276' title='bbox 882 1554 960 1592; x_wconf 81' lang='lat' dir='ltr'>De·</span> 
     </span>
     <span class='ocr_line' id='line_1_53' title="bbox 295 1603 953 1662; baseline 0.005 -20"><span class='ocrx_word' id='word_1_277' title='bbox 295 1603 353 1642; x_wconf 79' lang='lat' dir='ltr'>est</span> <span class='ocrx_word' id='word_1_278' title='bbox 379 1605 490 1646; x_wconf 79' lang='lat' dir='ltr'>dicat.</span> <span class='ocrx_word' id='word_1_279' title='bbox 547 1606 631 1662; x_wconf 73' lang='lat' dir='ltr'>Qi</span> <span class='ocrx_word' id='word_1_280' title='bbox 651 1607 770 1661; x_wconf 85' lang='lat' dir='ltr'>petit]</span> <span class='ocrx_word' id='word_1_281' title='bbox 810 1604 854 1647; x_wconf 90' lang='lat' dir='ltr'>Id</span> <span class='ocrx_word' id='word_1_282' title='bbox 887 1606 953 1654; x_wconf 85' lang='lat' dir='ltr'>est,</span> 
     </span>
     <span class='ocr_line' id='line_1_54' title="bbox 298 1661 954 1718; baseline 0.005 -19"><span class='ocrx_word' id='word_1_283' title='bbox 298 1662 453 1710; x_wconf 81' lang='lat' dir='ltr'>petitor.</span> <span class='ocrx_word' id='word_1_284' title='bbox 508 1661 633 1716; x_wconf 62' lang='lat' dir='ltr'>Quam</span> <span class='ocrx_word' id='word_1_285' title='bbox 661 1662 718 1702; x_wconf 80' lang='lat' dir='ltr'>ille</span> <span class='ocrx_word' id='word_1_286' title='bbox 748 1665 815 1716; x_wconf 84' lang='lat' dir='ltr'>qui</span> <span class='ocrx_word' id='word_1_287' title='bbox 840 1663 954 1718; x_wconf 88' lang='lat' dir='ltr'>petit]</span> 
     </span>
     <span class='ocr_line' id='line_1_55' title="bbox 292 1714 950 1768; baseline 0.002 -12"><span class='ocrx_word' id='word_1_288' title='bbox 292 1714 394 1756; x_wconf 81' lang='lat' dir='ltr'>Esset</span> <span class='ocrx_word' id='word_1_289' title='bbox 433 1720 534 1758; x_wconf 58' lang='lat' dir='ltr'>resta</span> <span class='ocrx_word' id='word_1_290' title='bbox 565 1719 710 1758; x_wconf 85' lang='lat' dir='ltr'>locutio</span> <span class='ocrx_word' id='word_1_291' title='bbox 738 1719 766 1759; x_wconf 81' lang='lat' dir='ltr'><strong>fi</strong></span> <span class='ocrx_word' id='word_1_292' title='bbox 792 1717 950 1768; x_wconf 78' lang='lat' dir='ltr'>diceret,</span> 
     </span>
     <span class='ocr_line' id='line_1_56' title="bbox 292 1774 954 1828; baseline 0.006 -18"><span class='ocrx_word' id='word_1_293' title='bbox 292 1785 403 1824; x_wconf 82' lang='lat' dir='ltr'>quam</span> <span class='ocrx_word' id='word_1_294' title='bbox 425 1776 649 1826; x_wconf 80' lang='lat' dir='ltr'>petitorem:</span> <span class='ocrx_word' id='word_1_295' title='bbox 687 1785 752 1814; x_wconf 88' lang='lat' dir='ltr'>aut</span> <span class='ocrx_word' id='word_1_296' title='bbox 777 1788 888 1828; x_wconf 81' lang='lat' dir='ltr'>quam</span> <span class='ocrx_word' id='word_1_297' title='bbox 912 1774 954 1814; x_wconf 89' lang='lat' dir='ltr'>il-</span> 
     </span>
     <span class='ocr_line' id='line_1_57' title="bbox 289 1828 948 1884; baseline 0.008 -19"><span class='ocrx_word' id='word_1_298' title='bbox 289 1828 366 1867; x_wconf 88' lang='lat' dir='ltr'>lum</span> <span class='ocrx_word' id='word_1_299' title='bbox 396 1833 459 1881; x_wconf 82' lang='lat' dir='ltr'>qui</span> <span class='ocrx_word' id='word_1_300' title='bbox 482 1833 588 1882; x_wconf 81' lang='lat' dir='ltr'>petit.</span> <span class='ocrx_word' id='word_1_301' title='bbox 644 1831 722 1871; x_wconf 87' lang='lat' dir='ltr'>Sed</span> <span class='ocrx_word' id='word_1_302' title='bbox 748 1845 859 1884; x_wconf 86' lang='lat' dir='ltr'>quam</span> <span class='ocrx_word' id='word_1_303' title='bbox 878 1831 948 1879; x_wconf 84' lang='lat' dir='ltr'>ille,</span> 
     </span>
     <span class='ocr_line' id='line_1_58' title="bbox 289 1884 950 1939; baseline 0.005 -16"><span class='ocrx_word' id='word_1_304' title='bbox 289 1885 425 1924; x_wconf 81' lang='lat' dir='ltr'>maluit</span> <span class='ocrx_word' id='word_1_305' title='bbox 437 1900 446 1926; x_wconf 73' lang='grc' dir='ltr'>ε</span> <span class='ocrx_word' id='word_1_306' title='bbox 478 1896 516 1924; x_wconf 85' lang='lat' dir='ltr'>vt</span> <span class='ocrx_word' id='word_1_307' title='bbox 526 1884 794 1926; x_wconf 83' lang='lat' dir='ltr'>subaudiamus</span> <span class='ocrx_word' id='word_1_308' title='bbox 806 1887 950 1939; x_wconf 76' lang='lat' dir='ltr'>causam</span> 
     </span>
     <span class='ocr_line' id='line_1_59' title="bbox 289 1940 949 1994; baseline 0.008 -17"><span class='ocrx_word' id='word_1_309' title='bbox 289 1941 412 1989; x_wconf 82' lang='lat' dir='ltr'>dicat,</span> <span class='ocrx_word' id='word_1_310' title='bbox 446 1954 517 1993; x_wconf 87' lang='lat' dir='ltr'>per</span> <span class='ocrx_word' id='word_1_311' title='bbox 544 1946 680 1989; x_wconf 67' lang='grc' dir='ltr'><em>ζεῦγμα</em></span> <span class='ocrx_word' id='word_1_312' title='bbox 706 1957 727 1981; x_wconf 87' lang='lat' dir='ltr'>a</span> <span class='ocrx_word' id='word_1_313' title='bbox 753 1940 949 1994; x_wconf 84' lang='lat' dir='ltr'>superiore</span> 
     </span>
     <span class='ocr_line' id='line_1_60' title="bbox 287 1996 613 2050; baseline 0.006 -16"><span class='ocrx_word' id='word_1_314' title='bbox 287 1996 506 2050; x_wconf 76' lang='lat' dir='ltr'>figuratum.</span> <span class='ocrx_word' id='word_1_315' title='bbox 562 2001 613 2038; x_wconf 88' lang='lat' dir='ltr'>D.</span> 
     </span>
    </p>

    <p class='ocr_par' dir='ltr' id='par_1_10' title="bbox 279 2053 946 2330">
     <span class='ocr_line' id='line_1_61' title="bbox 341 2053 946 2103; baseline 0 -11"><span class='ocrx_word' id='word_1_316' title='bbox 341 2053 458 2093; x_wconf 85' lang='lat' dir='ltr'>Liber</span> <span class='ocrx_word' id='word_1_317' title='bbox 475 2053 607 2092; x_wconf 73' lang='lat' dir='ltr'>Eemb.</span> <span class='ocrx_word' id='word_1_318' title='bbox 628 2053 853 2103; x_wconf 64' lang='lat' dir='ltr'>Vaticanus,</span> <span class='ocrx_word' id='word_1_319' title='bbox 867 2057 946 2095; x_wconf 88' lang='lat' dir='ltr'>Do-</span> 
     </span>
     <span class='ocr_line' id='line_1_62' title="bbox 285 2109 945 2158; baseline 0.002 -11"><span class='ocrx_word' id='word_1_320' title='bbox 285 2120 408 2157; x_wconf 82' lang='lat' dir='ltr'>natus,</span> <span class='ocrx_word' id='word_1_321' title='bbox 429 2119 468 2149; x_wconf 90' lang='lat' dir='ltr'>et</span> <span class='ocrx_word' id='word_1_322' title='bbox 486 2120 561 2147; x_wconf 86' lang='lat' dir='ltr'>tres</span> <span class='ocrx_word' id='word_1_323' title='bbox 584 2109 748 2149; x_wconf 88' lang='lat' dir='ltr'>enostris</span> <span class='ocrx_word' id='word_1_324' title='bbox 761 2109 829 2158; x_wconf 84' lang='lat' dir='ltr'>ille,</span> <span class='ocrx_word' id='word_1_325' title='bbox 850 2111 945 2149; x_wconf 87' lang='lat' dir='ltr'>mul-</span> 
     </span>
     <span class='ocr_line' id='line_1_63' title="bbox 282 2165 944 2214; baseline 0.003 -11"><span class='ocrx_word' id='word_1_326' title='bbox 282 2166 311 2203; x_wconf 86' lang='lat' dir='ltr'>ti</span> <span class='ocrx_word' id='word_1_327' title='bbox 341 2165 413 2214; x_wconf 83' lang='lat' dir='ltr'>illi,</span> <span class='ocrx_word' id='word_1_328' title='bbox 444 2178 539 2204; x_wconf 86' lang='lat' dir='ltr'>vnus</span> <span class='ocrx_word' id='word_1_329' title='bbox 567 2166 679 2204; x_wconf 82' lang='lat' dir='ltr'>illum.</span> <span class='ocrx_word' id='word_1_330' title='bbox 742 2168 822 2206; x_wconf 86' lang='lat' dir='ltr'>Nos</span> <span class='ocrx_word' id='word_1_331' title='bbox 840 2179 944 2205; x_wconf 84' lang='lat' dir='ltr'>rece-</span> 
     </span>
     <span class='ocr_line' id='line_1_64' title="bbox 279 2220 938 2272; baseline 0.003 -14"><span class='ocrx_word' id='word_1_332' title='bbox 279 2222 410 2272; x_wconf 80' lang='lat' dir='ltr'>pimus</span> <span class='ocrx_word' id='word_1_333' title='bbox 429 2220 502 2260; x_wconf 80' lang='lat' dir='ltr'>illic</span> <span class='ocrx_word' id='word_1_334' title='bbox 520 2235 542 2260; x_wconf 86' lang='lat' dir='ltr'>e</span> <span class='ocrx_word' id='word_1_335' title='bbox 562 2221 679 2260; x_wconf 87' lang='lat' dir='ltr'>tribus</span> <span class='ocrx_word' id='word_1_336' title='bbox 701 2220 938 2270; x_wconf 89' lang='lat' dir='ltr'>codd.Riuii‚</span> 
     </span>
     <span class='ocr_line' id='line_1_65' title="bbox 281 2275 914 2330; baseline 0 -14"><span class='ocrx_word' id='word_1_337' title='bbox 281 2277 439 2317; x_wconf 80' lang='lat' dir='ltr'>Fabricii</span> <span class='ocrx_word' id='word_1_338' title='bbox 461 2288 499 2316; x_wconf 89' lang='lat' dir='ltr'>et</span> <span class='ocrx_word' id='word_1_339' title='bbox 518 2275 814 2330; x_wconf 71' lang='lat' dir='ltr'>Lindenbrogii.</span> <span class='ocrx_word' id='word_1_340' title='bbox 843 2279 883 2316; x_wconf 90' lang='lat' dir='ltr'>B.</span> <span class='ocrx_word' id='word_1_341' title='bbox 911 2285 914 2290; x_wconf 78' lang='grc'><strong>’</strong></span> 
     </span>
    </p>

    <p class='ocr_par' dir='ltr' id='par_1_11' title="bbox 274 2332 938 2498">
     <span class='ocr_line' id='line_1_66' title="bbox 335 2332 938 2387; baseline -0.005 -12"><span class='ocrx_word' id='word_1_342' title='bbox 335 2345 383 2386; x_wconf 84' lang='lat'>13</span> <span class='ocrx_word' id='word_1_343' title='bbox 407 2333 454 2373; x_wconf 86' lang='lat' dir='ltr'>In</span> <span class='ocrx_word' id='word_1_344' title='bbox 466 2337 636 2386; x_wconf 82' lang='lat' dir='ltr'>patrium</span> <span class='ocrx_word' id='word_1_345' title='bbox 647 2332 938 2387; x_wconf 86' lang='lat' dir='ltr'>monumentum]</span> 
     </span>
     <span class='ocr_line' id='line_1_67' title="bbox 275 2387 937 2441; baseline -0.003 -11"><span class='ocrx_word' id='word_1_346' title='bbox 275 2392 366 2430; x_wconf 85' lang='lat' dir='ltr'>Mos</span> <span class='ocrx_word' id='word_1_347' title='bbox 385 2387 498 2441; x_wconf 84' lang='lat' dir='ltr'>prisci</span> <span class='ocrx_word' id='word_1_348' title='bbox 514 2387 650 2438; x_wconf 88' lang='lat' dir='ltr'>seculi,</span> <span class='ocrx_word' id='word_1_349' title='bbox 684 2387 877 2429; x_wconf 81' lang='lat' dir='ltr'>thesauros</span> <span class='ocrx_word' id='word_1_350' title='bbox 895 2391 937 2428; x_wconf 92' lang='lat' dir='ltr'>in</span> 
     </span>
     <span class='ocr_line' id='line_1_68' title="bbox 274 2444 937 2498; baseline 0.003 -15"><span class='ocrx_word' id='word_1_351' title='bbox 274 2445 542 2485; x_wconf 87' lang='lat' dir='ltr'>monumentis</span> <span class='ocrx_word' id='word_1_352' title='bbox 587 2444 753 2498; x_wconf 85' lang='lat' dir='ltr'>sepelire</span> <span class='ocrx_word' id='word_1_353' title='bbox 775 2461 782 2484; x_wconf 94' lang='lat'><strong>:</strong></span> <span class='ocrx_word' id='word_1_354' title='bbox 834 2446 937 2485; x_wconf 82' lang='lat' dir='ltr'>cuius</span> 
     </span>
    </p>
   </div>
   <div class='ocr_carea' id='block_1_8' title="bbox 269 2498 1646 2665">
    <p class='ocr_par' dir='ltr' id='par_1_12' title="bbox 269 2498 1646 2665">
     <span class='ocr_line' id='line_1_69' title="bbox 273 2498 1646 2553; baseline 0 -14"><span class='ocrx_word' id='word_1_355' title='bbox 273 2503 500 2553; x_wconf 78' lang='lat' dir='ltr'>exemplum</span> <span class='ocrx_word' id='word_1_356' title='bbox 540 2501 654 2541; x_wconf 89' lang='lat' dir='ltr'>nobis</span> <span class='ocrx_word' id='word_1_357' title='bbox 691 2500 852 2541; x_wconf 82' lang='lat' dir='ltr'>exhibet</span> <span class='ocrx_word' id='word_1_358' title='bbox 880 2501 936 2540; x_wconf 89' lang='lat' dir='ltr'>hi-</span> <span class='ocrx_word' id='word_1_359' title='bbox 985 2511 1044 2540; x_wconf 89' lang='lat' dir='ltr'>tus</span> <span class='ocrx_word' id='word_1_360' title='bbox 1071 2501 1180 2540; x_wconf 81' lang='lat' dir='ltr'>cuius</span> <span class='ocrx_word' id='word_1_361' title='bbox 1208 2499 1331 2546; x_wconf 58' lang='lat' dir='ltr'>effes?</span> <span class='ocrx_word' id='word_1_362' title='bbox 1374 2499 1491 2552; x_wconf 79' lang='lat' dir='ltr'>Apud</span> <span class='ocrx_word' id='word_1_363' title='bbox 1518 2498 1646 2539; x_wconf 85' lang='lat' dir='ltr'>Philo-</span> 
     </span>
     <span class='ocr_line' id='line_1_70' title="bbox 271 2553 1644 2611; baseline -0.001 -16"><span class='ocrx_word' id='word_1_364' title='bbox 271 2556 384 2596; x_wconf 86' lang='lat' dir='ltr'>storia</span> <span class='ocrx_word' id='word_1_365' title='bbox 396 2559 504 2611; x_wconf 87' lang='lat' dir='ltr'>Cyri,</span> <span class='ocrx_word' id='word_1_366' title='bbox 518 2571 632 2610; x_wconf 79' lang='lat' dir='ltr'>quam</span> <span class='ocrx_word' id='word_1_367' title='bbox 642 2556 787 2597; x_wconf 80' lang='lat' dir='ltr'>affatim</span> <span class='ocrx_word' id='word_1_368' title='bbox 800 2554 935 2596; x_wconf 83' lang='lat' dir='ltr'>deseri·</span> <span class='ocrx_word' id='word_1_369' title='bbox 984 2553 1139 2597; x_wconf 86' lang='lat' dir='ltr'>stratum</span> <span class='ocrx_word' id='word_1_370' title='bbox 1162 2555 1228 2595; x_wconf 90' lang='lat' dir='ltr'>lib.</span> <span class='ocrx_word' id='word_1_371' title='bbox 1250 2571 1286 2598; x_wconf 82' lang='lat'>2.</span> <span class='ocrx_word' id='word_1_372' title='bbox 1337 2557 1540 2608; x_wconf 87' lang='lat' dir='ltr'>Apollonii</span> <span class='ocrx_word' id='word_1_373' title='bbox 1563 2553 1644 2594; x_wconf 87' lang='lat' dir='ltr'>sen-</span> 
     </span>
     <span class='ocr_line' id='line_1_71' title="bbox 269 2611 1643 2665; baseline -0.002 -14"><span class='ocrx_word' id='word_1_374' title='bbox 269 2613 538 2665; x_wconf 72' lang='lat' dir='ltr'>pfitArrianus</span> <span class='ocrx_word' id='word_1_375' title='bbox 557 2623 631 2661; x_wconf 67' lang='grc' dir='ltr'>περὶ</span> <span class='ocrx_word' id='word_1_376' title='bbox 653 2615 840 2661; x_wconf 66' lang='grc' dir='ltr'>Α’λεξάνδςκ</span> <span class='ocrx_word' id='word_1_377' title='bbox 857 2619 933 2651; x_wconf 68' lang='grc' dir='ltr'>ἀνα·</span> <span class='ocrx_word' id='word_1_378' title='bbox 981 2612 1106 2653; x_wconf 86' lang='lat' dir='ltr'>tentia</span> <span class='ocrx_word' id='word_1_379' title='bbox 1127 2611 1314 2662; x_wconf 89' lang='lat' dir='ltr'>obtinuit,</span> <span class='ocrx_word' id='word_1_380' title='bbox 1344 2624 1382 2651; x_wconf 93' lang='lat' dir='ltr'>vt</span> <span class='ocrx_word' id='word_1_381' title='bbox 1411 2623 1511 2651; x_wconf 86' lang='lat' dir='ltr'>totus</span> <span class='ocrx_word' id='word_1_382' title='bbox 1532 2612 1643 2649; x_wconf 75' lang='lat' dir='ltr'>cede-</span> 
     </span>
    </p>
   </div>
   <div class='ocr_carea' id='block_1_9' title="bbox 270 2666 1641 2762">
    <p class='ocr_par' dir='ltr' id='par_1_13' title="bbox 270 2666 1641 2762">
     <span class='ocr_line' id='line_1_72' title="bbox 270 2666 1641 2719; baseline -0.002 -12"><span class='ocrx_word' id='word_1_383' title='bbox 270 2674 397 2714; x_wconf 60' lang='grc' dir='ltr'><em>βάσεως</em></span> <span class='ocrx_word' id='word_1_384' title='bbox 417 2669 553 2711; x_wconf 82' lang='lat' dir='ltr'>lib.v1.</span> <span class='ocrx_word' id='word_1_385' title='bbox 603 2673 650 2711; x_wconf 87' lang='lat' dir='ltr'>In</span> <span class='ocrx_word' id='word_1_386' title='bbox 670 2670 776 2712; x_wconf 82' lang='lat' dir='ltr'>illius</span> <span class='ocrx_word' id='word_1_387' title='bbox 794 2682 932 2712; x_wconf 87' lang='lat' dir='ltr'>monu-</span> <span class='ocrx_word' id='word_1_388' title='bbox 981 2679 1040 2710; x_wconf 86' lang='lat' dir='ltr'>ret</span> <span class='ocrx_word' id='word_1_389' title='bbox 1073 2669 1293 2719; x_wconf 85' lang='lat' dir='ltr'>inuentori,</span> <span class='ocrx_word' id='word_1_390' title='bbox 1332 2666 1510 2717; x_wconf 51' lang='grc' dir='ltr'>ἐκράτησεν</span> <span class='ocrx_word' id='word_1_391' title='bbox 1544 2673 1563 2710; x_wconf 74' lang='grc' dir='ltr'>ἡ</span> <span class='ocrx_word' id='word_1_392' title='bbox 1598 2672 1641 2705; x_wconf 58' lang='grc' dir='ltr'>τε·</span> 
     </span>
     <span class='ocr_line' id='line_1_73' title="bbox 1527 2734 1638 2762; baseline -0.027 0"><span class='ocrx_word' id='word_1_393' title='bbox 1527 2734 1638 2762; x_wconf 55' lang='grc' dir='ltr'><em>ΑΜ).-</em></span> 
     </span>
    </p>
   </div>
  </div>
 </body>
</html>
