1815 3168
300 129 388 173 ηις

691 111 849 164 ΑΟἙ.
884 111 937 156 Π.
969 109 1165 155 SCEN.
1193 108 1267 154 VI.

427 248 550 294 Nam
569 241 598 290 fi
619 242 689 289 hic
713 240 816 287 mali
836 237 896 286 est
915 239 1172 302 quicquam,
1210 235 1316 281 hem
1348 232 1433 281 illic
1468 230 1528 280 est
1557 233 1660 279 huic

527 323 592 367 rei
623 329 765 382 caput.

295 466 602 524 ACTVS
647 459 971 515 TERTII
1019 455 1319 509 SCENA
1368 454 1663 508 PRIMA.

424 557 585 598 MYsls.
619 553 757 593 siMO.
785 550 975 592 DAvvs.
1002 546 1192 591 LEsmA.
1220 544 1530 586 GLYCERIVM.

428 700 472 813 l
502 713 534 740 τ
568 711 593 739 A
655 708 679 737 P
705 709 732 738 0
763 707 789 737 L
845 686 1025 754 quidem
1059 703 1129 735 res
1162 683 1252 739 est,
1311 694 1360 734 vt
1400 681 1527 736 dixti,
1570 660 1670 728 Lesss

606 768 676 816 bia
688 785 704 828 ;

1539 831 1666 880 Fide-

296 1008 374 1034 rem
394 991 575 1044 appellat,
597 988 670 1027 hoc
689 985 755 1039 est,
775 984 957 1026 callidum
1006 986 1108 1031 τριψ,
1151 977 1333 1029 τςιξακδς,
1365 983 1531 1017 &nav-im.
1571 973 1663 1017 Vid.

298 1062 340 1090 et
375 1048 508 1088 astutia
545 1043 688 1085 vetusta
724 1042 956 1082 roboratum.
1005 1037 1133 1080 Festus
1151 1039 1194 1076 in
1212 1040 1428 1076 Veterator.
1482 1038 1525 1075 L.

298 1104 511 1147 Concludit
540 1115 657 1155 ergo:
683 1097 728 1150 st
751 1103 791 1139 in
822 1098 889 1138 hac
918 1113 957 1137 re

296 1162 446 1216 aliquid
464 1158 551 1200 mali
569 1158 626 1210 est,
646 1155 720 1195 illic
737 1155 784 1207 est
804 1155 888 1194 huic
905 1156 961 1194 rei

298 1231 419 1270 caput,
460 1218 508 1256 Et
525 1216 598 1254 illis
618 1215 718 1252 inter
737 1210 775 1250 se
796 1212 961 1262 loquen-

299 1276 420 1323 tibus,
447 1273 553 1314 Simo
579 1280 619 1309 vt
639 1265 817 1321 agnoscat
837 1267 959 1306 filium

296 1332 404 1371 illam
425 1327 674 1380 peregrinam
701 1334 846 1370 amare,
880 1334 958 1372 quo

299 1386 462 1438 amplius
480 1378 709 1422 incendatur
733 1378 780 1418 ad
793 1378 958 1428 nuptias,

297 1454 342 1483 vt
376 1455 415 1480 et
445 1451 554 1478 error
583 1450 692 1475 omni
720 1445 871 1474 ratione
899 1446 957 1472 cu-

297 1499 487 1544 muletur,
519 1494 580 1535 vel
597 1506 646 1533 ex
663 1492 864 1531 locutione
881 1503 962 1528 mua

296 1556 412 1600 lieris,
432 1552 494 1592 vel
512 1563 560 1591 ex
577 1548 736 1589 vocibus
748 1547 961 1599 parturien-

299 1612 360 1659 tis,
375 1609 497 1649 credit
508 1608 551 1646 in
569 1604 632 1645 sua
644 1602 857 1657 praesentia
866 1615 960 1641 cun-

299 1668 360 1707 ἃᾶ
377 1664 555 1705 simulari.
614 1665 658 1702 E.

321 1744 324 1748 ·
356 1718 573 1772 Veterator]
611 1716 898 1767 Mancipiomm
923 1726 960 1753 v-

297 1778 461 1820 sualium
478 1775 626 1827 duplex
638 1785 772 1826 genus,
793 1771 961 1810 nouitio-

299 1850 386 1876 rum
405 1844 445 1874 et
464 1843 745 1872 veteranorum.
804 1831 860 1868 Ac
880 1827 962 1879 ple-

297 1902 463 1943 rumque
494 1888 644 1928 nouitia
677 1883 871 1935 mancipia·
904 1883 962 1921 in·

294 1948 548 2000 telliguntur,
578 1955 678 1995 quae
698 1953 844 1980 annum
862 1951 961 1977 non-

295 2006 393 2045 dum
419 1999 657 2046 seruiet-unt,
691 2008 729 2037 et
759 2006 963 2048 propterea

298 2060 409 2101 rudia
431 2057 521 2097 sunt
539 2068 583 2095 ac
601 2053 840 2105 fimpliciora.
882 2052 962 2090 Ve-

298 2127 436 2157 terana
453 2123 594 2160 autem,
621 2121 720 2161 quae
743 2120 849 2146 anno
870 2118 961 2145 con-

299 2174 410 2214 tinuo
429 2172 471 2210 in
490 2168 585 2209 vrbe
604 2164 833 2213 seruiet-unt,
865 2173 904 2201 et
922 2161 963 2200 id

298 2239 459 2283 propter
479 2225 597 2266 astuta
616 2233 656 2262 et
674 2219 822 2261 callida.
861 2221 963 2261 Mar-

301 2287 435 2325 cianus
460 2283 484 2321 l.
513 2285 571 2324 16.
589 2283 622 2332 §.
642 2291 677 2331 3.
698 2276 736 2317 ff.
768 2276 819 2316 de
836 2274 962 2315 Publi-

302 2342 420 2381 canis.
463 2338 657 2390 leianus
684 2335 710 2373 l.
741 2345 806 2386 37.
836 2329 876 2370 ff.
910 2329 962 2369 de

300 2397 413 2437 aedil.
441 2394 555 2434 edict.
584 2392 689 2432 Hinc
714 2390 846 2440 itaque
875 2399 961 2427 ver-

300 2452 398 2502 suti,
432 2462 473 2491 et
498 2449 618 2491 multa
646 2457 725 2486 arte
752 2443 960 2492 exercitati,

305 2511 544 2550 Veterator-es
571 2503 662 2543 dicti
682 2500 779 2542 sunt.
802 2496 960 2541 Gloffar.

306 2567 513 2609 Veterator,
549 2557 817 2607 παλαιομῶἢωψ,
848 2562 963 2596 παλίν-

1062 1098 1181 1148 Lege,
1200 1089 1440 1150 Qidhocest
1458 1091 1542 1128 rcii.
1595 1089 1636 1127 B.

1063 1163 1118 1204 27
1153 1150 1256 1188 Nam
1267 1147 1310 1200 st
1321 1148 1380 1186 hic
1401 1146 1447 1198 est
1463 1145 1550 1185 mali
1566 1145 1665 1196 quic-

1011 1206 1140 1260 quam]
1175 1206 1217 1246 Si
1243 1200 1424 1256 promiffa
1449 1215 1534 1241 non
1565 1213 1666 1240 coin-

1010 1263 1177 1315 pleuerit
1212 1258 1450 1310 Pamphilus.
1505 1255 1583 1294 Illic
1618 1254 1667 1306 est

1010 1319 1095 1357 huic
1113 1318 1168 1356 rei
1199 1315 1330 1368 caput]
1365 1314 1485 1365 Caput
1511 1310 1563 1350 est
1595 1311 1667 1349 ‹iri-

1010 1387 1067 1427 gor
1079 1383 1118 1413 et
1138 1370 1283 1411 summa
1294 1364 1590 1419 vniuscuiusque
1599 1366 1677 1414 rei,'

1010 1441 1050 1469 vt
1075 1428 1212 1482 Virgil.
1232 1428 1352 1478 (Aen.
1370 1439 1434 1474 XI,
1465 1424 1601 1477 361.)‚
1635 1423 1669 1461 Ο

983 1486 987 1489 ’
1009 1486 1124 1526 Latio
1151 1495 1259 1537 caput
1276 1483 1406 1523 horum
1425 1491 1460 1522 et
1476 1479 1584 1531 causa
1596 1492 1669 1518 ma-

1011 1545 1144 1584 lorum.
1205 1545 1260 1582 D.

1063 1598 1145 1639 Illic
1171 1595 1218 1648 est
1243 1594 1328 1636 huic
1356 1595 1414 1635 rei
1431 1591 1558 1646 caput]
1597 1593 1672 1631 Ite-

1008 1669 1094 1695 rum
1128 1651 1298 1702 Adelph.
1333 1651 1418 1690 Αέὶ.
1456 1664 1494 1702 4.
1532 1650 1590 1689 Sc.
1629 1659 1669 1688 2.

1009 1709 1139 1762 Senstt‚
1159 1708 1261 1763 quod
1280 1721 1353 1763 ego,
1380 1720 1416 1747 te
1434 1704 1496 1758 effe}
1514 1703 1598 1743 huic
1617 1704 1671 1742 rei

1010 1778 1131 1820 caput.
1194 1766 1350 1806 Seruius
1397 1759 1566 1804 Aeneid.
1616 1771 1672 1798 Χῖ.

1018 1821 1111 1864 vers.
1142 1833 1251 1875 caput
1269 1821 1398 1861 horum
1415 1829 1451 1861 et
1471 1816 1576 1867 caus&
1599 1828 1673 1854 ma—

1008 1882 1141 1922 lorum.
1199 1878 1243 1917 L.

1066 1940 1174 1987 Lege
1193 1931 1320 1982 mali'st
1336 1959 1345 1977 ,
1373 1942 1425 1969 ne
1437 1929 1526 1968 mali
1547 1936 1670 1967 totum

1011 1993 1054 2032 in
1072 1989 1188 2032 Thefi
1211 1985 1443 2028 obscuretur.
1501 1988 1543 2026 B.

1052 2060 1088 2097 ,Ι
1131 2047 1194 2086 Ita
1228 2045 1294 2098 pol
1330 2043 1472 2098 quidem
1504 2054 1563 2079 res
1602 2037 1650 2090 est

1011 2106 1057 2144 In
1084 2102 1157 2142 hac
1176 2105 1301 2143 scena
1325 2112 1430 2138 nouo
1457 2096 1575 2136 modo
1598 2108 1641 2134 ce
1660 2118 1674 2126 -

1011 2157 1116 2199 sante
1142 2161 1279 2205 Dauo,
1313 2154 1456 2195 fallitur
1474 2154 1580 2193 Simo
1602 2164 1674 2203 per

1013 2216 1174 2255 nimiam
1197 2211 1440 2265 sagacitatem
1460 2207 1574 2248 suam.
1618 2208 1672 2248 Si-

1011 2273 1091 2312 mul
1102 2272 1144 2310 in
1156 2270 1226 2309 hac
1245 2271 1368 2315 Scena
1389 2265 1427 2304 id
1447 2266 1527 2317 agit
1540 2267 1670 2311 Poeta,

1011 2339 1051 2368 vt
1076 2327 1125 2367 ad
1148 2326 1301 2377 nuptias
1330 2321 1527 2362 faciendas
1548 2320 1672 2372 magis

1011 2383 1244 2424 accendatur
1260 2381 1376 2420 Simo.
1407 2382 1456 2419 Et
1482 2376 1672 2429 quaedam

1010 2438 1213 2486 industria,
1250 2435 1438 2488 quaedam
1465 2433 1568 2473 velut
1588 2428 1672 2471 casu

1011 2496 1224 2536 eueniunt:
1252 2503 1291 2531 vt
1312 2503 1418 2531 nunc
1436 2487 1598 2542 suspicio
1621 2485 1674 2527 se-

1009 2554 1081 2595 niS.
1133 2554 1181 2592 In
1215 2548 1344 2589 multis
1374 2547 1481 2588 enim
1509 2547 1673 2589 ὄικονομίσι

1557 2612 1675 2640 comt-
