1815 3168
607 96 1030 145 EVNVCHVS.

1410 114 1506 167 355

215 219 481 277 ACTVS
540 217 819 269 TERTII
874 217 1132 269 SCENA
1186 219 1436 275 PRIMA.

351 309 620 350 THRASO.
651 306 944 349 GNATHO.
975 308 1293 352 PARMENO.

271 442 385 557 M

525 524 634 569 mihi
645 525 668 568 ’ἓ

429 466 453 494 Α
494 465 524 495 G
570 465 603 493 N
648 465 674 492 A
711 463 731 492 s
800 462 909 494 vero
966 460 1094 507 agere

1157 448 1314 507 gratias
1367 447 1510 498 Thais

269 595 381 648 GN.
417 603 640 659 Ingentes.
673 592 787 645 ΤΗ.
818 588 904 664 ain'
924 595 1006 644 tu?
1037 594 1227 644 laeta'st'?
1270 592 1376 644 GN.
1413 616 1509 647 non

370 685 459 722 tam
475 674 573 739 *ipso
600 674 780 738 quidem

269 754 421 803 Dono,
445 767 576 813 quam
595 749 669 796 abs
694 759 737 795 te
760 748 908 795 datum
934 743 1040 796 effe:
1066 729 1117 793 'id
1141 763 1248 795 vero
1270 747 1381 796 serio

268 825 557 890 Triumphat.
575 822 653 888 1ΡΑ
662 838 710 870 R.
740 824 826 870 huc
837 822 1031 888 prouiso‚
1051 832 1111 875 vt,
1133 820 1394 890 vbitempus
1416 823 1507 880 fiet,

204 915 233 964 5
275 901 516 950 Deducam.
538 899 609 947 sed
630 916 781 947 eccum
799 898 998 950 militem.
1033 895 1139 946 TH.
1160 896 1220 945 est
1229 897 1335 947 istuc
1357 899 1509 949 datum

195 1133 215 1164 1
255 1121 421 1177 Magnas
456 1132 544 1161 vero
579 1125 690 1175 agere
712 1134 797 1177 gra-

135 1178 229 1232 tias]
260 1177 336 1216 Hie
355 1173 478 1216 senno
507 1175 555 1216 fic
581 1176 727 1228 prodit,
758 1186 799 1216 vt

137 1233 222 1287 post
244 1231 396 1272 scenam
414 1231 616 1273 inchoatus
644 1230 721 1273 effe
745 1233 797 1272 vi-

137 1290 288 1328 deatur.
360 1286 550 1329 Continet
584 1298 714 1327 autem
736 1287 798 1327 zas-

136 1343 394 1385 sentationem
405 1342 650 1395 lam-amicam,
663 1354 703 1382 et
712 1342 797 1381 stul-

141 1401 265 1440 titiam
285 1398 440 1453 gloriosi
462 1398 604 1438 militis.
654 1398 795 1453 Agere]

137 1457 227 1497 Plus
257 1454 365 1495 sonat
389 1453 565 1495 infinitus
593 1454 730 1494 modus
756 1453 796 1493 fi·

140 1514 234 1552 nito.
292 1513 344 1552 D.

194 1569 358 1621 Mlagnas
386 1566 493 1615 vero]
534 1568 643 1605 Haec
670 1566 796 1605 Scena

141 1623 295 1677 glor-ioli
326 1623 456 1661 militis
490 1631 600 1660 tenet
636 1621 803 1660 iaflatio-

140 1693 236 1719 nem
257 1675 527 1726 exsultationis,
557 1691 656 1729 quae
673 1690 800 1716 narra-

141 1737 195 1774 tio
223 1733 441 1774 breuisiime
475 1735 629 1786 agitur:
673 1734 799 1784 primo

138 1804 229 1831 cum
245 1791 468 1829 nunciatum
480 1786 614 1837 fuiffet,
631 1790 800 1828 meretri-

138 1861 224 1887 cem
248 1846 419 1885 libenter
443 1843 550 1884 miffa
572 1845 675 1885 dona
703 1842 801 1884 sum-

137 1900 239 1949 fiffe,
273 1914 408 1953 parum
426 1900 606 1951 credidit,
642 1900 710 1940 nisi
730 1902 799 1941 ite-

139 1973 223 1999 rum
258 1958 462 1997 diceretur.
519 1960 654 2009 Itaque
680 1958 799 1996 inter-

139 2024 267 2068 rogat:
298 2014 463 2069 Magnas
483 2026 700 2069 verofagere
707 2027 796 2069 gra·

139 2072 242 2114 tias?
298 2073 342 2110 E.

197 2140 223 2168 2
253 2126 435 2181 Ingentis]
475 2124 577 2166 Vide
608 2136 795 2177 quantum

141 2181 290 2222 adiiciat
306 2181 494 2233 parasitus.
544 2182 624 2230 Ille,
644 2196 798 2237 magnas

143 2238 250 2286 dixit,
272 2237 333 2277 hic
352 2235 560 2289 respondit,
591 2242 794 2294 ingenteis:

143 2294 220 2342 ille,
232 2294 325 2334 laeta
335 2293 391 2345 qli,
405 2293 479 2342 hic,
490 2296 710 2347 triumphat.
745 2296 794 2334 D.

196 2350 376 2404 Ingentes]
406 2351 479 2389 Hic
507 2348 668 2402 persona
685 2350 798 2392 Cola-

145 2405 197 2444 cis
242 2404 387 2456 parasiti
426 2405 644 2447 custoditur.
696 2408 797 2447 Nam

146 2474 234 2500 cum
261 2461 328 2500 ille
357 2459 508 2500 dixisset
525 2476 705 2518 magnas.-
733 2462 800 2500 hic

145 2516 295 2563 adiecit,
325 2519 497 2572 ingentes.
541 2522 595 2559 Ita
615 2516 798 2569 cumipse

146 2568 369 2627 quaesiffet‚
411 2571 503 2615 laeta
539 2575 613 2630 est?
658 2573 801 2631 adiecit

1402 980 1509 1026 Pro·-

1236 1009 1300 1023 V

847 1116 1049 1172 pat-asitus‚‘
1069 1130 1145 1159 non
1163 1130 1242 1159 tam
1266 1118 1342 1174 ipso
1362 1121 1513 1174 quidem

845 1189 935 1215 vero
959 1176 1068 1223 dono,
1089 1188 1198 1227 quam
1217 1173 1280 1214 abs
1289 1189 1325 1218 te
1335 1179 1438 1230 quod
1444 1179 1508 1219 da-

846 1245 929 1273 tum
946 1230 1004 1281 est,
1012 1231 1115 1282 strio
1133 1232 1354 1285 triumphat.
1408 1237 1455 1275 E.

903 1298 926 1338 3
957 1288 1086 1343 Qam
1111 1286 1178 1327 abs
1204 1301 1240 1327 te
1267 1290 1399 1328 datum
1423 1289 1507 1345 ‘ffi'J
1532 1297 1539 1327 Ι

846 1343 1009 1384 Maioris
1029 1341 1084 1380 est
1095 1343 1254 1395 gratiae,
1277 1354 1425 1383 tantum
1437 1342 1509 1397 po-v

846 1395 958 1436 tuiffe
976 1410 1149 1437 amorem
1167 1399 1307 1448 militis,
1328 1410 1366 1438 vt
1382 1413 1510 1440 mere-

844 1454 916 1491 trix
927 1454 1057 1492 minus
1068 1453 1273 1493 laetaretur
1285 1454 1334 1494 ob
1345 1456 1506 1499 lucrum.

846 1510 893 1549 Id
910 1522 997 1548 vero
1002 1508 1125 1560 sterio]
1157 1511 1214 1556 Id,
1228 1510 1278 1550 ob
1296 1511 1358 1552 id:
1381 1523 1430 1561 vt,
1449 1513 1507 1562 Id,

850 1563 1000 1614 amabo,
1031 1565 1161 1605 adiuta
1190 1579 1256 1606 me.
1311 1568 1417 1607 Alias
1443 1585 1511 1606 2-ae-

850 1628 1014 1668 ςέλκεται,
1037 1619 1154 1668 idest,
1174 1621 1511 1672 p1·0du'clionislo-

850 1689 915 1716 cus
942 1676 996 1715 est
1015 1677 1078 1728 (Si
1102 1675 1204 1715 hanc
1225 1678 1430 1731 vulgarem
1455 1680 1511 1719 le-

850 1733 1020 1773 &ionem
1051 1732 1196 1772 retines
1207 1747 1218 1780 3
1247 1734 1364 1774 verba
1382 1735 1424 1773 z'd
1452 1759 1510 1768 --

849 1788 908 1838 est,
934 1803 955 1827 a
982 1789 1189 1828 recentiori
1207 1802 1325 1829 manu
1347 1787 1434 1830 sunt
1450 1793 1511 1832 in-

847 1841 955 1883 serta.
1013 1849 1066 1885 At
1085 1843 1175 1883 edd.
1209 1848 1364 1886 Venett.
1388 1847 1509 1899 plane

847 1901 962 1939 aliam
973 1898 1164 1939 exhibent
1180 1901 1403 1951 leffionem,
1432 1916 1454 1943 s
1466 1916 1510 1942 E·

846 1969 952 1997 Rlo.
1011 1955 1117 1996 Alias
1134 1964 1317 2007 παρέλκον,
1344 1972 1386 1998 at
1408 1971 1508 1999 nunc

841 2012 1100 2066 produiiionis
1118 2012 1216 2054 locus
1236 2013 1312 2066 est).
1365 2016 1415 2054 D.

897 2081 925 2121 4
960 2067 1199 2120 Triumphat]
1230 2069 1439 2122 vt(Nunc‚
1465 2071 1509 2109 li-

843 2123 915 2164 ber
935 2127 1114 2176 vterque)
1146 2124 1373 2165 militaribus
1399 2127 1509 2166 diffie

841 2180 973 2233 tangit
990 2181 1154 2219 militem
1173 2180 1365 2233 parasitus.
1423 2183 1508 2222 Huc

851 2233 1021 2289 prouisa]
1050 2237 1185 2276 Tertia
1212 2235 1374 2287 persona
1402 2239 1512 2278 venit

844 2293 886 2331 in
915 2289 1088 2331 scenam:
1130 2288 1194 2333 sed
1222 2291 1424 2345 separatim
1454 2296 1511 2335 lo-

845 2348 974 2400 quitur
998 2359 1036 2386 et
1054 2345 1194 2387 secum.
1252 2352 1301 2389 D.

905 2416 928 2456 ς
959 2403 1032 2443 Sed
1053 2414 1170 2447 eccum
1196 2405 1366 2452 militem]
1405 2407 1509 2454 Iniu-

848 2456 946 2500 riose
967 2460 1129 2501 militem.
1179 2461 1406 2507 Honorifice
1425 2476 1510 2513 pro-

849 2518 934 2569 prio
952 2517 1114 2555 nomine
1132 2516 1288 2557 dicitur:
1316 2529 1354 2557 vt
1371 2519 1411 2557 in
1427 2516 1510 2561 sub·

848 2573 976 2621 ieffis,
1007 2573 1150 2619 Audire
1176 2586 1298 2625 vocem
1323 2574 1401 2627 vzfiz
1419 2574 1509 2626 stem

957 2631 987 2673 Z
1015 2641 1042 2671 2
1396 2631 1506 2672 modo
