1815 3168
276 134 369 177 ¹06

668 127 822 172 ACT.
854 127 907 170 11.
948 121 1142 169 SCEN.
1175 123 1228 166 11.

311 276 371 322 30
409 258 559 306 PAM.
596 258 722 302 Non,
752 253 926 316 opinor,
949 253 1087 297 Daue.
1128 247 1221 296 DA
1237 261 1284 294 v.
1321 249 1494 312 opinor,
1533 264 1627 293 nar-

501 327 604 381 ras?
641 347 730 375 non
750 326 866 374 re'elc
887 326 1058 388 accipis.

405 411 531 455 Certa
564 423 632 452 res
663 403 735 450 est.
770 405 899 448 etiam
929 413 1120 464 puerum
1148 396 1249 444 inde
1270 398 1417 445 abiens
1439 399 1629 445 conueni

506 481 708 528 Chrcmis

404 559 560 609 Olera,
596 567 638 602 et
669 553 892 618 pisciculos
925 538 1120 598 minutos
1154 548 1268 595 ferre
1298 548 1430 596 obolo
1465 551 1512 594 in
1534 565 1628 594 coe-

499 649 602 678 nam
633 630 734 676 seni.

267 888 533 930 accommodat
558 897 719 933 tantum,
748 885 813 925 hic
828 885 924 924 mul-

267 959 349 987 tum
370 944 499 984 tribuit
517 944 758 982 eonieffiuris.
812 947 864 984 D.

318 1004 400 1041 Scio
429 1013 600 1054 magnum
623 1000 788 1052 fignum]
836 1001 923 1037 Pro-

267 1060 349 1109 prie
375 1070 542 1110 magnum
557 1054 706 1109 fignum
727 1053 863 1092 dicitur
881 1054 923 1091 in

264 1114 371 1153 faffis
421 1124 459 1152 et
503 1111 622 1150 diffis.
687 1109 749 1150 Ad
799 1120 922 1161 quae-

264 1170 431 1209 stionem
485 1177 756 1221 argumentum
808 1165 921 1204 colle-

263 1228 378 1265 ctum.
433 1227 475 1264 E.

316 1284 500 1335 Magnum
505 1277 671 1335 stgnum]
702 1279 748 1318 V.
770 1277 815 1318 C.
832 1273 921 1316 Ma-

261 1351 376 1394 gnum
383 1336 534 1390 signum
552 1335 598 1385 est
616 1335 696 1373 hoc.
751 1338 790 1374 L.

318 1406 372 1446 30
403 1393 495 1431 Non
527 1389 673 1443 opinor]
721 1389 920 1440 Quoniam

263 1458 494 1503 argumenta
512 1445 594 1486 sunt
614 1445 922 1491 etconiefturae,

264 1510 399 1560 opinor
416 1504 525 1543 dixit.
569 1506 674 1544 Nam
688 1512 822 1540 contra
843 1501 923 1551 opi-

264 1564 440 1609 nionem,
463 1570 565 1599 certa
583 1572 643 1599 res
657 1558 730 1604 est3
752 1570 851 1608 quae
860 1570 924 1596 au·

262 1629 344 1657 tem
365 1618 580 1669 opinamur,
602 1625 796 1667 putamus:
824 1624 923 1664 qnae

262 1685 465 1727 putamus,
500 1673 647 1713 incerta
672 1667 770 1708 sunt.
832 1669 921 1720 Opi-

263 1745 335 1770 nor
352 1729 539 1782 narras?]
573 1730 681 1767 Bene
699 1740 719 1764 a
738 1725 862 1777 prima
871 1724 921 1764 ad

261 1785 469 1827 secundam
492 1781 705 1834 personam.
760 1783 810 1821 D.

324 1843 417 1880 Non
437 1852 585 1891 opinor,
615 1836 744 1890 Daue]
775 1836 921 1877 Conie-

262 1899 408 1938 &uram
446 1893 678 1947 perspiciens
710 1894 842 1943 opinor
863 1888 921 1930 'di-

260 1955 338 2002 xit,
367 1952 406 1992 id
428 1947 558 1991 Dauus
581 1948 688 2001 quali
708 1948 784 1986 iam
805 1946 920 1985 colle-

262 2012 322 2050 &a
339 2008 380 2048 sit
393 2009 544 2054 veritas,
568 2004 788 2057 indignatus
799 2011 919 2055 negat

262 2066 341 2105 dici
375 2060 547 2103 debuiffe
574 2063 729 2114 opinor;
767 2058 918 2098 adiecit-

264 2136 363 2173 que,
393 2121 484 2160 Non
511 2118 605 2157 rec‘te
635 2117 787 2168 accipis,
830 2115 920 2165 quia

261 2189 364 2223 certa
385 2189 457 2215 res.
514 2173 603 2214 Alia
620 2180 849 2225 argumenta
867 2180 920 2209 at-

262 2248 342 2286 que
361 2234 407 2271 ab
428 2228 507 2283 ipsa
529 2228 719 2268 diuisione
734 2226 919 2266 fastorum

261 2302 377 2341 atque
395 2290 598 2331 diciorum,
630 2283 734 2336 qnod
753 2294 919 2335 puerum

263 2345 461 2385 inuenerit
485 2341 722 2388 Chremetis,
766 2338 918 2384 Holm,

257 2400 455 2455 pisciculos
480 2402 640 2438 minutos
657 2396 843 2447 firentem
870 2395 920 2433 ad

262 2470 407 2497 coenam
423 2456 521 2508 fini.
566 2457 627 2494 Ne
653 2451 752 2492 forte
780 2450 918 2502 aliquis

260 2526 361 2566 puer
378 2512 496 2552 ferret
507 2513 547 2550 in
561 2522 724 2549 coenam
742 2505 836 2547 seni.
864 2509 918 2545 Ita

260 2570 479 2612 coniefiiura
505 2566 652 2607 firmata
675 2563 728 2605 est
758 2578 780 2604 a
794 2562 914 2611 faffis,

1527 747 1625 790 Cn.

970 884 1035 923 vel
1065 879 1226 935 persona
1253 879 1443 927 Simonis,
1469 868 1528 919 §rel
1547 891 1629 930 per⁴

955 939 1062 981 sona
1092 938 1334 985 Chremetis,
1374 947 1495 986 quae,
1537 936 1627 973 licut

972 996 1157 1048 diximus,
1206 994 1248 1032 in
1283 992 1474 1032 diuiiione
1512 990 1629 1029 confi-

971 1051 1082 1090 stunt.
1142 1053 1186 1089 E.

1029 1117 1077 1159 31
1116 1106 1243 1143 Etiam
1280 1101 1461 1156 puerum]
1503 1102 1628 1140 Etiam

970 1175 1041 1214 pro
1073 1171 1282 1213 praeterea.
1354 1159 1516 1200 Chremi]
1564 1156 1628 1196 Sic

971 1217 1128 1265 Chremi,
1149 1227 1188 1255 vt
1201 1211 1313 1267 Vlyffi
1322 1223 1360 1252 et
1369 1213 1514 1252 Achilli·
1545 1215 1596 1252 D.

1027 1274 1192 1314 Conueni
1210 1269 1390 1316 Chremis]
1423 1267 1568 1307 Probus
1586 1268 1628 1307 in

971 1329 1202 1377 Catholicis,
1243 1325 1418 1367 Priscian.
1453 1324 1520 1363 lib.
1563 1336 1628 1365 vx.
1671 1363 1675 1366 ,

970 1401 1007 1440 p.
1036 1390 1100 1428 62.
1155 1388 1196 1426 L.

1025 1439 1125 1483 Illud
1144 1440 1294 1480 conueni
1310 1437 1479 1476 alienum
1496 1433 1542 1474 ab
1553 1432 1629 1473 hoc

971 1497 1059 1537 loco
1088 1495 1152 1537 est.
1208 1499 1344 1547 Itaque
1372 1504 1523 1545 repone
1547 1504 1629 1530 con-

961 1554 1086 1610 spexi.
1140 1551 1301 1596 Deinde
1346 1548 1413 1590 etfi
1452 1548 1627 1588 Valerius

971 1609 1116 1651 Prob'us
1148 1610 1216 1657 ait,
1260 1605 1361 1658 apud
1398 1605 1629 1644 Terentium

971 1666 1149 1708 Chi-emis
1179 1674 1220 1704 et
1245 1662 1465 1705 Chremetis
1493 1661 1535 1698 in
1554 1662 1629 1699 Ge·

970 1724 1097 1762 nitiuo
1121 1720 1219 1761 dici:
1261 1717 1472 1758 auetoritati
1497 1726 1629 1755 tamen

968 1778 1115 1820 Donati
1134 1774 1546 1829 parendum'putamiw,
1566 1771 1627 1810 ad-

970 1849 1020 1874 eo
1040 1846 1078 1874 vt
1097 1834 1270 1887 legamus
1285 1830 1444 1871 Chremi.
1500 1831 1542 1866 Β.

1023 1902 1077 1941 32
1108 1889 1217 1928 Olera
1242 1900 1278 1925 et
1302 1885 1493 1937 pisciculos
1511 1882 1627 1921 minu-

966 1946 1041 1994 tos]
1074 1943 1275 1984 sufficeret
1300 1939 1533 1980 diminutiue
1552 1936 1628 1990 pil1

973 2001 1104 2040 ciculos
1129 1996 1283 2045 dixisse,
1324 1995 1427 2048 quod
1455 1994 1521 2043 fic,
1558 1996 1626 2032 mi-

968 2070 1079 2096 nutos
1098 2052 1217 2095 dixit:
1244 2065 1284 2094 et
1304 2053 1482 2105 pretinm,
1507 2049 1622 2089 obolo

970 2111 1046 2152 esse
1073 2122 1195 2153 emtos
1218 2123 1229 2152 t
1281 2122 1380 2161 quae
1409 2106 1462 2146 est
1496 2107 1625 2145 vltima

968 2180 1215 2209 nummorum
1240 2164 1478 2219 significatio.
1529 2164 1626 2202 Sunt

970 2226 1075 2265 enirn
1110 2236 1257 2277 genera
1291 2222 1526 2260 minutorum
1555 2214 1625 2270 pis-

969 2283 1091 2331 cium,
1132 2291 1230 2331 quae
1259 2290 1403 2329 magno
1437 2284 1619 2313 veneant.

967 2339 1040 2377 Hic
1059 2349 1154 2388 ergo
1175 2336 1290 2373 etiam
1310 2346 1358 2372 ex
1380 2331 1505 2383 pretio
1525 2324 1624 2368 vilis-

967 2392 1079 2432 fimos
1112 2388 1230 2444 pisces
1264 2386 1503 2441 significauit.
1560 2387 1620 2434 Et,

969 2448 1062 2501 qnid
1083 2447 1109 2487 fi
1128 2447 1309 2494 minutOS,
1328 2444 1390 2484 sed
1414 2441 1622 2485 omnibus?

966 2508 1051 2546 Seni
1077 2503 1194 2551 dixit,
1226 2512 1264 2538 vt
1293 2498 1556 2540 obsonationis
1584 2510 1622 2535 o-

965 2559 1160 2602 stenderet
1199 2555 1354 2598 causam.
1430 2555 1538 2595 Olera
1585 2566 1620 2591 ez

1511 2608 1620 2663 pisci-
